3525 5600
605 387 654 449 RE
676 388 800 450 DVBllS
825 389 1033 450 NObllNlBVS
1400 391 1463 454 589

1284 502 1394 550 put-os
1410 499 1433 539 ll.

258 575 357 655 Rupes
385 577 503 653 generis
531 579 681 646 seminini,
712 585 743 638 ut
766 576 905 654 Virgilius
928 575 973 656 (A.
997 575 1103 639 1310.
1134 576 1269 658 111229)
1293 579 1365 640 ‘sub
1389 600 1462 660 rupe

171 683 291 738 ravata'
315 696 370 738 ceu
392 705 411 741 a
444 697 557 756 magno.

211 791 213 794 ’
257 779 318 840 Rus
339 783 458 859 generis
480 783 594 849 neutri,
619 789 650 840 ut
673 781 850 842 Claudianus
873 786 943 841 ‘rus
965 782 1043 841 istud
1067 785 1165 861 pretio
1188 790 1302 843 constat
1325 785 1404 844 rili'.

256 881 371 960 Rubigo
393 885 513 960 generis
535 883 683 950 lemiuiui,
708 890 739 942 ut
761 882 942 942 Prudentius
965 882 1055 962 (cath.
1081 882 1110 952 7,
1133 881 1206 964 205)
1231 890 1369 963 ‘aegram
1391 906 1460 967 pec·

144 989 269 1044 ntorum
293 985 487 1062 rubiginem'.

254 1085 365 1146 Rumor
391 1089 510 1164 generis
539 1084 707 1152 masculini,
738 1093 770 1144 ut
793 1087 939 1146 Ausonius
968 1089 1060 1166 ‘quae
1091 1094 1189 1149 tantae
1213 1097 1336 1150 tenuere
1360 1110 1459 1151 morae

169 1206 291 1248 rumore
313 1187 369 1249 sub
392 1190 504 1249 omni’.

254 1291 363 1351 Rorem
385 1294 505 1368 generis
528 1290 697 1360 masculini,
721 1299 754 1351 ut
776 1291 957 1352 Prudentius
979 1288 1073 1369 (catii.
1095 1289 1130 1362 6,
1159 1289 1225 1370 121)
1250 1296 1367 1354 ‘rorem
1389 1284 1458 1355 sub-

167 1394 227 1451 isse
252 1396 414 1453 sanctum’.

130 1512 153 1552 ro
254 1491 258 1574 (
283 1495 381 1555 Renes
403 1497 523 1572 generis
545 1495 716 1563 masculini,
747 1502 779 1556 ut
802 1495 892 1556 David
917 1492 1133 1582 01117221)
1158 1499 1262 1555 ‘renes
1291 1500 1349 1556 mel
1373 1517 1454 1558 reso·

166 1596 222 1656 luti
245 1602 340 1665 sunt',
365 1605 394 1656 et
417 1597 486 1656 alibi
511 1593 570 1674 (ps.
594 1593 647 1666 25,
672 1593 707 1675 2)
733 1602 803 1658 ‘ure
831 1617 920 1658 renes
948 1600 1057 1658 meos'.
1102 1597 1374 1683 singularioautem
1402 1619 1457 1660 uu-

168 1715 251 1757 mero
273 1705 384 1758 carent.

251 1799 361 1860 Rosum
390 1799 529 1860 dixerunt
555 1801 676 1880 quidam
699 1803 907 1878 singulariter,
937 1821 1004 1862 rosa
1027 1801 1196 1881 pluraliter,
1224 1804 1309 1880 quasi
1338 1805 1458 1879 generis

166 1905 265 1962 neutri
288 1911 376 1962 esset.
422 1904 473 1963 sed
497 1922 575 1963 nuuc
597 1922 664 1963 rosa
687 1903 878 1980 singulariter
900 1911 930 1963 et
959 1904 1113 1982 pluraliter
1136 1921 1232 1972 rosas,
1262 1911 1294 1964 ut
1316 1903 1457 1964 Sidonius

128 2023 151 2062 15
167 2001 224 2079 (ep.
248 2003 288 2064 tx
315 2002 362 2083 13)
389 2005 472 2065 ‘rosa
496 2005 593 2066 sutilis
615 2009 764 2074 corouct',
794 2013 824 2064 et
846 2005 918 2067 alibi
943 2005 1047 2085 (carru.
1070 2003 1100 2076 2,
1127 2001 1196 2085 110)
1221 2004 1384 2066 ‘hibernae
1407 2025 1456 2066 ru·

167 2105 259 2165 buere
282 2112 396 2166 rosae’.
441 2106 492 2166 sed
514 2110 635 2184 generis
658 2109 792 2167 lemiuiui
815 2115 869 2166 est.
1342 2165 1347 2170 .

250 2208 332 2268 Ratis
360 2210 481 2286 generis
510 2209 659 2278 seminini,
691 2215 722 2268 ut
751 2207 892 2268 Paulinus
921 2209 1031 2288 (carm.
1063 2207 1115 2278 17,
1148 2205 1225 2288 106)
1254 2213 1336 2269 ‘rate
1360 2219 1455 2272 amata

166 2308 252 2370 titulo
275 2311 405 2370 salutis'.

250 2412 360 2472 Remus
381 2415 501 2490 generis
523 2413 693 2482 masculini,
719 2421 750 2472 ut
767 2413 906 2490 Virgilius
928 2409 975 2490 (A.
994 2413 1005 2472 Ι
1025 2409 1093 2493 104)
1117 2414 1310 2490 ‘tranguntur
1335 2413 1452 2496 [litora]

123 2533 148 2572 so
165 2515 271 2574 remi'.
725 2537 736 2566 v

249 2615 366 2694 Religio
388 2619 508 2692 generis
529 2619 679 2685 l'eminini,
705 2624 737 2677 ut
759 2617 901 2694 Virgilius
926 2613 970 2694 (A.
994 2614 1044 2674 Vll
1066 2611 1139 2695 608)
1164 2616 1325 2694 ‘religione
1341 2624 1453 2679 sacra'.

250 2716 343 2778 Radix
366 2719 485 2795 generis
506 2720 657 2788 leruiuiui,
681 2717 807 2778 utillud
832 2717 879 2778 ‘iu
902 2718 1003 2777 radice
1027 2716 1188 2796 oleagiua'.

249 2818 380 2899 Sulpbur
410 2824 530 2897 generis
558 2823 670 2891 neutri,
701 2831 732 2883 ut
761 2821 902 2898 Virgilius
930 2818 974 2898 (p.
1001 2816 1137 2899 111440)
1168 2824 1304 2899 ‘spumas
1327 2825 1455 2883 miscent

162 2924 281 2998 argenti
304 2924 426 3001 vivaque
450 2922 618 3002 sulphura’.

121 3044 146 3083 25
250 3022 343 3102 Sapor
371 3008 499 3102 generis
517 3024 686 3095 masculini,
724 3031 756 3085 ut
782 3025 855 3086 illud
884 3026 1042 3085 ‘reiecisse
1077 3024 1169 3083 bonos
1203 3023 1321 3085 turbata
1354 3034 1453 3110 mente

160 3128 313 3203 sapores'.

250 3228 394 3307 Scopulus
421 3230 541 3305 generis
570 3228 740 3298 masculini,
770 3237 802 3289 ut
824 3228 965 3306 Virgilius
993 3225 1046 3304 (A.
1070 3224 1162 3307 145]
1185 3227 1382 3309 ‘scopuloque
1406 3232 1451 3289 in·

159 3331 227 3390 urit
250 3334 363 3397 acuto',
395 3338 425 3389 et
456 3329 613 3408 pluraliter
644 3327 691 3406 (A.
720 3332 732 3390 l
762 3326 832 3410 162)
867 3331 1055 3409 ‘geminique
1077 3332 1240 3409 (minantur
1272 3332 1303 3389 in
1337 3329 1452 3391 caelum

158 3431 304 3511 scopuli’.

120 3558 145 3598 ao
249 3530 253 3611 (
278 3534 378 3593 Series
399 3534 518 3609 generis
539 3534 691 3603 seminini,
722 3540 754 3594 ut
776 3534 956 3595 Fortunatus
979 3532 1083 3613 (carm.
1107 3534 1185 3594 Vllll
1208 3532 1242 3604 7,
1265 3531 1296 3615 3)
1326 3534 1450 3595 ‘blanda

158 3633 354 3695 conscribens
377 3637 454 3695 serie
477 3635 614 3695 salutes’.

247 3736 380 3797 Stadium
402 3740 521 3813 generis
543 3740 641 3797 neutri
664 3744 692 3797 et
715 3739 884 3807 masculini,
914 3740 983 3817 quia
1011 3738 1138 3800 dicimus
1158 3737 1269 3799 stadios
1291 3745 1322 3798 et
1343 3739 1448 3799 stadia.

229 3939 343 3989 drotum
358 3940 430 3993 Sero.
449 3944 472 3990 iu
493 3943 569 4007 Verp.
588 3943 642 3991 buc.
662 3942 687 4006 8,
708 3942 739 3992 15

230 4117 245 4163 2
265 4128 357 4161 carruca
371 4112 401 4160 M
437 4129 481 4162 eeu
495 4128 588 4180 magno
603 4130 637 4163 eu
649 4114 701 4163 alia
713 4111 885 4163 obseruatione
900 4116 987 4163 relicta
1001 4130 1057 4163 eoae
1071 4114 1184 4163 uidentur
1219 4113 1235 4163 3
1249 4113 1384 4161 Claudiani
1394 4121 1418 4162 et
1431 4113 1448 4163 6

157 4184 268 4233 Ausonii
282 4183 496 4245 uerdnapudbos
514 4198 561 4232 non
576 4185 744 4233 lacertosum
796 4184 873 4233 3rus
890 4185 974 4235 our.L
1027 4186 1179 4248 tpecorum
1195 4184 1227 4231 M
1240 4197 1356 4245 pecorum
1373 4184 1399 4231 V

155 4254 173 4303 tt
194 4269 244 4317 que
264 4264 330 4302 toute
350 4266 373 4301 tu
391 4253 438 4302 sub
454 4254 521 4303 omui
541 4254 570 4301 M
635 4252 666 4303 10
685 4249 778 4319 David]
800 4254 855 4303 d’d'
875 4252 906 4301 M
957 4254 1053 4302 resoliti
1072 4253 1104 4302 M
1171 4254 1198 4303 ll
1219 4252 1486 4317 singulareautem‘

158 4324 220 4373 nuni
232 4321 265 4371 M
272 4323 426 4389 singularem
441 4334 523 4373 autem
541 4338 670 4373 numerum
685 4340 720 4373 eac
738 4323 763 4370 V
776 4325 853 4374 edidit
864 4324 990 4385 Hauptius
1026 4324 1058 4374 15
1072 4321 1168 4389 rosum]
1185 4324 1277 4372 rosiuu
1294 4323 1370 4371 MV:
1390 4338 1447 4370 rosa

156 4408 218 4459 geu.
240 4392 299 4445 lem.
324 4402 347 4440 et
371 4402 454 4441 retinen
473 4394 559 4443 dicunt
581 4394 658 4456 aliqui
679 4397 773 4443 rosium
793 4410 849 4459 geu.
871 4403 938 4443 ueut.
956 4396 981 4443 J,
1068 4395 1097 4442 15
1116 4408 1188 4445 rosas
1206 4392 1281 4441 utiles
1302 4406 1405 4441 coraulu
1424 4394 1451 4441 V

156 4465 440 4512 rusasutilutrorooat
459 4462 487 4511 M
572 4464 659 4513 rubere
679 4464 740 4513 MV
829 4464 858 4513 l'l
876 4460 948 4526 ratis]
968 4473 1035 4513 intes
1052 4463 1081 4512 M
1091 4465 1144 4514 Vh
1232 4469 1399 4510 ratearmatn
1423 4464 1450 4510 V

156 4544 211 4583 rate
231 4548 259 4579 nr
278 4544 375 4581 armata
395 4532 422 4580 M
494 4532 526 4583 18
545 4534 639 4582 solutes
663 4535 689 4582 V
705 4534 782 4582 sulus
803 4533 833 4580 M
903 4533 1144 4600 illotas.geu.M
1212 4531 1333 4597 frangunt
1356 4532 1383 4579 V
1397 4530 1448 4580 lra-

154 4612 253 4669 guutur
273 4604 303 4651 M
390 4602 421 4651 21
442 4604 499 4666 geri,
519 4604 553 4651 ιῖι,
573 4604 637 4652 MV
723 4604 756 4653 22
776 4601 880 4667 olegeua
899 4603 980 4653 MV:
1008 4606 1086 4667 Verg.
1108 4618 1196 4668 georg.
1219 4603 1239 4649 ll
1258 4601 1290 4651 31
1310 4602 1446 4663 truditurp

154 4674 224 4721 sicco
242 4673 316 4722 radix
336 4670 452 4737 oleagina
470 4673 540 4739 liguo
628 4674 660 4721 21
680 4672 800 4737 sulphor-n
823 4674 850 4721 V
932 4674 965 4722 27
985 4674 1115 4738 scopulum
1133 4675 1157 4722 L
1175 4672 1291 4737 scuplum
1314 4670 1382 4720 MV

156 4742 267 4807 scapulo
290 4742 392 4805 (seuplo
415 4742 709 4805 MlquemflxilMV
793 4743 826 4792 28
845 4742 1019 4807 geminipr
1103 4741 1396 4808 VllscupuliVscupli
1419 4742 1450 4791 M

227 4812 262 4862 30
280 4812 422 4861 fortunatus
445 4813 474 4859 M
542 4828 588 4861 con
607 4812 770 4862 conscribens
789 4812 870 4861 seriae
891 4810 920 4859 M
990 4813 1024 4866 32
1042 4812 1152 4861 stadium
1170 4814 1195 4863 L
1213 4811 1295 4861 studia
1312 4810 1378 4860 MV

154 4879 265 4946 stadios]
291 4882 396 4933 steduus
414 4882 443 4930 M
454 4884 480 4932 V
