3525 5600
647 419 718 480 ARS
740 418 805 479 VlIl
828 418 952 479 1-xt
1380 417 1444 482 553

176 537 198 578 ρ.
213 527 260 568 ιιι.
275 527 300 567 15
312 526 335 566 ι.
1245 539 1267 580 ρ.
1282 527 1337 566 uss
1351 527 1377 565 ει
1389 525 1413 566 ι).

152 606 338 684 temporibus
366 615 412 666 est
439 614 469 664 et
498 605 764 683 significationibus
787 607 1029 684 participiorum,
1058 604 1137 684 quod
1159 623 1256 685 neque
1279 606 1374 664 activa
1396 614 1445 665 aut

152 701 257 750 neutra
282 693 442 770 praeterita
470 709 526 750 nce
554 694 670 770 passiva
693 694 861 770 praesentia
887 693 1088 770 reperiuntur.
1134 690 1245 766 tigurae
1268 697 1338 750 sunt
1359 690 1444 757 duae,

151 775 294 854 simplex,
318 785 349 836 ut
372 777 488 853 legens,
512 777 690 854 composita,
715 783 747 835 ut
769 775 915 854 relegens.
949 793 1058 852 genera
1082 783 1149 835 sunt
1171 783 1308 854 quatuor,
1331 793 1444 835 mascu-

152 862 261 928 linum,
286 859 290 940 Ι
316 868 347 920 ιιι
370 862 479 928 lectus,
504 861 695 929 l'emininum,
728 869 759 922 ut
780 861 872 930 lecta,
897 867 1050 929 neutrum,
1074 868 1108 920 ut
1129 861 1256 929 lectum,
1280 878 1444 927 commvme,

126 953 184 1004 ιιιι
207 947 320 1022 legens.
366 948 483 1007 numeri
506 951 575 1005 sunt
597 945 669 1014 duo,
694 946 869 1022 singularis,
893 953 926 1006 ut
948 947 1063 1022 legens,
1087 945 1222 1024 pluralis,
1248 953 1280 1004 ut
1301 945 1444 1021 legentes.

151 1049 238 1090 casus
265 1039 334 1091 sunt
362 1051 430 1100 sex,
459 1031 670 1099 nominativus,
699 1039 733 1090 ut
759 1031 875 1108 legens,
904 1033 1069 1108 genitivus,
1099 1037 1131 1089 ut
1154 1031 1293 1106 legentis,
1321 1030 1444 1097 dativus,

150 1124 183 1173 ut
205 1116 326 1192 legenti,
350 1118 549 1184 accusativus,
573 1123 606 1175 ut
628 1116 790 1191 legentem,
814 1118 977 1184 vocativus
1001 1123 1035 1174 ut
1055 1135 1074 1174 o
1096 1115 1214 1191 legens,
1237 1113 1391 1183 ablativus
1414 1123 1447 1174 ut

149 1221 165 1260 a
190 1201 318 1277 legente.

621 1368 669 1429 ΒΕ
692 1368 974 1430 CONlVNCTIONE

114 1511 136 1546 itt
238 1489 414 1550 Coniunctio
437 1497 481 1548 est
504 1507 572 1566 pars
594 1490 737 1548 orationis
764 1489 907 1568 copulans
929 1488 1129 1568 ordinansque
1151 1491 1338 1550 sententiam.
1375 1507 1445 1548 con·

151 1576 300 1634 iunctioni
328 1574 467 1633 accidunt
495 1576 539 1633 vis
566 1575 659 1650 ligura
689 1572 772 1633 ordo.
818 1577 861 1634 vis
889 1581 949 1642 est,
978 1592 1046 1634 cum
1069 1582 1119 1633 aut
1140 1574 1356 1652 complectendi
1379 1584 1447 1634 sunt

151 1661 393 1726 coniunctiones,
419 1666 451 1717 nt
473 1665 502 1716 ct
525 1677 582 1736 que
606 1667 708 1737 atque,
733 1665 783 1718 aut
805 1659 1005 1735 disiungendi,
1030 1667 1062 1718 ut
1085 1658 1129 1718 vel
1152 1678 1207 1718 ιιεε
1228 1666 1279 1718 aut
1300 1677 1373 1719 neve
1396 1677 1445 1718 ee·

151 1753 266 1812 terum,
296 1750 346 1804 aut
374 1742 544 1810 dubitandi,
574 1752 607 1802 ut
629 1746 690 1803 sive
714 1762 767 1803 seu
789 1744 953 1822 siquidem,
982 1752 1033 1802 aut
1055 1744 1227 1822 repetendi,
1249 1751 1283 1804 ut
1304 1744 1372 1812 sed,
1396 1752 1444 1803 aut

150 1831 188 1889 acl
212 1829 341 1906 aliquid,
369 1837 401 1889 ut
427 1831 536 1906 nxagis;
566 1836 617 1888 aut
644 1827 803 1888 rationales
830 1836 915 1896 sunt,
939 1835 972 1888 ut
993 1830 1062 1907 quia
1084 1829 1152 1888 idco
1174 1837 1332 1908 propterea
1355 1831 1443 1895 enirn,

112 1934 134 1968 ι.
150 1922 205 1972 aut
233 1917 368 1980 vincunt,
398 1921 431 1973 ut
461 1917 565 1982 immo,
596 1920 646 1973 aut
674 1915 877 1982 consentiunt,
909 1909 922 1993 ll
945 1921 978 1974 ut
1000 1915 1103 1982 etiam,
1127 1921 1178 1974 aut
1199 1920 1384 1992 comparant,
1412 1921 1445 1974 ut

150 2008 228 2066 ιειιι,
252 2008 303 2058 aut
326 1999 478 2059 subiciunt
499 2000 692 2068 sententiam,
716 2006 749 2058 ut
771 1999 909 2077 equidem
932 2001 1099 2068 enimvero,
1123 2006 1174 2058 aut
1195 1999 1388 2077 compellunt,
1412 2005 1446 2057 ut

147 2085 256 2144 saltem
278 2093 378 2144 tamen
401 2082 552 2152 videlicet,
576 2091 627 2142 aut
648 2083 843 2144 concludunt:
866 2101 992 2162 quarum
1014 2074 1076 2144 tr‘es
1099 2085 1215 2162 species
1237 2091 1321 2154 sunt,
1344 2083 1444 2143 relati-

149 2187 220 2237 vae,
246 2175 279 2228 ut
300 2186 477 2248 quamquam
501 2169 633 2248 quamvis
662 2170 731 2238 etsi,
761 2169 958 2248 praelativac,
987 2176 1019 2229 ut
1041 2171 1067 2228 si
1084 2171 1153 2238 sin;
1176 2177 1246 2229 sunt
1267 2175 1297 2228 et
1318 2167 1442 2238 mediae,

148 2254 208 2312 hoc
232 2261 278 2312 est
311 2272 386 2332 qnae
414 2260 444 2312 et
477 2253 616 2314 incubant
644 2255 822 2314 sententiam
856 2262 886 2313 et
919 2252 1089 2322 includunt,
1119 2261 1150 2312 ut
1177 2262 1208 2312 ct
1241 2261 1342 2334 atque,
1371 2271 1445 2332 quas

108 2361 134 2394 eo
147 2338 333 2415 generaliter
356 2339 512 2418 complecti
536 2339 677 2399 diximus:
707 2347 757 2398 aut
778 2340 958 2398 connexivae
981 2345 1050 2398 sunt
1072 2340 1309 2408 coniunctiones,
1333 2345 1366 2397 ut
1387 2340 1443 2415 igi·

148 2433 201 2482 tur
224 2441 297 2500 crgo
318 2423 443 2502 proinde
466 2425 566 2502 itaque
582 2425 758 2503 praesertim
773 2431 929 2502 quatenus,
946 2431 995 2483 aut
1010 2425 1218 2492 rationativae,
1243 2431 1274 2482 ut
1289 2425 1442 2505 quoniam·

146 2509 273 2587 quidem
296 2508 550 2588 quandoquidem,
574 2515 625 2568 aut
647 2511 878 2588 supernexivae,
902 2515 935 2568 ut
957 2507 1105 2568 similiter.
1135 2527 1203 2568 nam
1225 2526 1327 2568 omncs
1348 2509 1442 2568 nomi·

147 2593 243 2653 uibus
265 2597 326 2653 suis
349 2593 500 2671 designari
523 2611 580 2653 non
603 2601 727 2671 possunt
748 2601 871 2672 propter
892 2593 1114 2653 multitudinem
1139 2611 1282 2670 generum
1304 2599 1355 2652 aut
1373 2593 1443 2653 sub·

146 2678 290 2738 tilitatem
313 2678 535 2746 discriminum,
560 2678 668 2757 quibus
690 2678 765 2738 aliae
788 2677 825 2738 ab
847 2679 915 2739 aliis
938 2678 1088 2738 dillerunt.
1119 2678 1171 2738 sed
1191 2697 1227 2737 ex
1243 2678 1290 2737 his
1305 2677 1443 2738 omnibus

108 2784 133 2821 ει
149 2763 209 2823 bas
238 2783 312 2843 quas
334 2766 572 2825 enumeravimus
600 2765 727 2825 maxime
752 2772 904 2843 usurpant.
944 2765 1038 2841 figura
1065 2765 1308 2824 coniunctionum
1335 2763 1442 2843 duplex

144 2858 211 2908 est:
236 2868 303 2909 nam
328 2859 378 2909 aut
400 2850 551 2928 simplices
573 2856 655 2919 sunt,
679 2859 712 2909 ut
734 2852 777 2909 uti
801 2852 840 2919 si,
865 2856 915 2909 aut
937 2852 1131 2929 compositae,
1160 2856 1193 2909 ut
1215 2851 1327 2909 utinam
1350 2850 1441 2927 siqui-

144 2935 229 2993 dem.
267 2934 339 2993 ordo
372 2934 633 2995 coniunctionibus
666 2935 789 3003 accidit,
824 2953 892 2995 cum
926 2934 1067 3013 quasdam
1095 2934 1125 2995 in
1153 2936 1303 3013 principio
1331 2952 1441 3012 ponere

145 3036 324 3097 possumus,
349 3027 381 3079 ut
402 3038 593 3099 quamquam,
617 3020 759 3099 quasdam
783 3038 840 3079 non
863 3038 1028 3098 possumus,
1051 3018 1104 3079 sed
1127 3038 1245 3097 semper
1266 3018 1441 3088 subicimus,

143 3112 178 3163 ιιι
204 3122 263 3183 quc
287 3123 330 3163 ve.

104 3306 129 3341 so
605 3272 653 3333 DE
678 3271 982 3334 Puxurusxxxuuu

237 3391 423 3469 Praepositio
445 3398 489 3451 est
513 3408 579 3470 pars
602 3392 745 3451 orationis
768 3410 842 3471 quac
865 3394 1034 3471 praeposita
1056 3392 1123 3452 aliis
1144 3390 1279 3469 partibus
1301 3393 1442 3452 orationis

143 3480 208 3536 vim
233 3483 264 3535 et
292 3477 540 3553 significationem
567 3494 668 3537 earum
697 3476 823 3537 adiuvat.
868 3479 1105 3556 praepositiones
1132 3483 1201 3536 sunt
1228 3477 1441 3555 propemodum

143 3562 221 3630 bae,
247 3560 322 3621 aab
345 3578 412 3621 cum
435 3562 471 3620 de
495 3562 523 3620 di
548 3561 595 3622 dis
615 3579 670 3640 per
692 3580 765 3641 prae
788 3564 817 3621 in
841 3580 877 3622 ex
900 3565 980 3622 inter
1001 3569 1122 3641 praeter
1144 3569 1266 3639 propter
1288 3562 1366 3641 apud
1389 3580 1441 3640 pe-

144 3666 204 3707 nes
234 3654 316 3705 trans
344 3654 410 3705 ante
438 3648 504 3705 sine
535 3664 604 3723 erga
632 3646 669 3705 ob
698 3644 802 3706 subter
824 3664 869 3705 am
892 3665 948 3707 con
970 3666 986 3706 e
1009 3666 1063 3725 pro
1085 3651 1153 3726 post
1173 3648 1297 3706 circum,
1342 3654 1441 3707 certus

103 3746 129 3781 ι’»
143 3750 221 3791 vero
245 3749 387 3791 numerus
406 3740 529 3810 propter
544 3730 747 3791 dillicultatem
763 3731 1061 3792 discriminandorum
1084 3730 1122 3791 ab
1145 3729 1295 3791 adverbiis
1317 3739 1348 3791 et
1369 3750 1439 3791 eon·

141 3814 354 3877 iunctionibus
370 3817 586 3893 significaturum
603 3833 661 3875 non
677 3824 773 3894 potest
788 3816 1011 3895 comprehendi.
1041 3814 1226 3877 indubitatae
1240 3823 1339 3875 tanmn
1354 3834 1440 3895 prae·

141 3903 313 3981 qxxvsitiones
337 3903 544 3963 existimantur
567 3899 688 3961 ablativi
711 3919 797 3961 casus
819 3910 948 3980 septem,
978 3900 1053 3962 aab
1076 3902 1112 3961 de
1135 3919 1189 3980 pro
1210 3920 1247 3961 ex
1269 3919 1337 3961 cum
1358 3918 1439 3979 prae.

140 3987 317 4047 accusativo
350 3993 447 4047 autem
481 3984 611 4045 adnexae
644 3985 818 4065 plerumque
846 3985 1054 4046 adverbiorum
1081 3988 1141 4045 vim
1168 3983 1279 4045 babent
1311 3993 1438 4065 suntque

141 4072 274 4131 omnino
297 4070 449 4139 undecim,
480 4070 515 4129 ad
546 4088 600 4149 per
622 4069 659 4130 ob
682 4077 748 4149 post
769 4079 852 4131 trans
874 4071 952 4150 apud
974 4088 1065 4150 penes
1087 4078 1154 4130 ante
1177 4078 1299 4149 propter
1320 4077 1440 4149 praeter

218 4274 231 4325 l
250 4287 334 4335 neque
353 4274 435 4322 setius
450 4274 586 4338 praeterita
604 4272 696 4336 (neque
715 4274 776 4323 add.
796 4284 812 4327 ς
833 4287 878 4321 nee
896 4289 964 4326 corr.
984 4280 1037 4336 cut,
1052 4281 1079 4323 ut
1095 4272 1203 4328 videtur,
1219 4272 1280 4324 add.
1302 4272 1337 4330 θ)
1354 4283 1441 4322 neutra

140 4360 192 4393 nee
211 4343 318 4409 passius
339 4345 366 4391 V
370 4342 415 4397 ὃς
484 4342 646 4407 2reperiunt
668 4343 694 4391 V
710 4343 867 4407 recipiunttz
937 4342 1341 4405 ddativus—legenteomV
1410 4344 1440 4395 ll

140 4414 333 4478 complectente
348 4412 538 4461 coniunctiones
562 4414 590 4462 V
640 4414 672 4464 12
690 4410 764 4476 neve]
786 4428 816 4460 ue
834 4424 901 4466 ιιες
954 4412 987 4463 15
1005 4412 1176 4477 comparaxid
1193 4422 1371 4475 comparantur
1392 4413 1419 4461 V
1424 4424 1441 4467 ς

217 4482 252 4533 17
269 4482 351 4532 saltim
375 4484 401 4532 V
487 4480 519 4531 ts
537 4480 595 4547 etsi]
612 4484 658 4531 sed
679 4484 705 4531 V
710 4482 731 4531 G
813 4482 852 4529 sin
871 4497 917 4539 om,
940 4484 964 4531 V
971 4482 992 4529 [ι’
1076 4480 1111 4531 20
1129 4481 1313 4546 complectendi
1331 4482 1442 4531 diximus

141 4552 287 4602 Putsclriua
356 4562 400 4601 aut
416 4552 525 4601 connexi
544 4568 572 4615 q:
593 4560 652 4603 sunt
667 4550 853 4616 prepositiones
878 4552 903 4599 V
970 4554 1005 4602 24
1022 4551 1173 4604 differuntur
1194 4553 1219 4602 V
1227 4552 1248 4602 G
1317 4553 1351 4602 25
1369 4566 1442 4601 encr-

141 4624 302 4676 rsuimuss
373 4630 525 4687 usurpantur
545 4622 573 4670 V
639 4621 844 4669 coniunctionum
867 4622 894 4670 V
948 4619 981 4669 28
999 4619 1055 4685 sed]
1073 4629 1098 4669 et
1113 4622 1158 4676 θς
1211 4619 1245 4671 32
1263 4620 1314 4669 uim
1333 4622 1442 4670 nominis

140 4690 365 4757 significationem
389 4706 475 4741 eurum
497 4692 523 4740 V
589 4688 686 4754 curvam]
713 4691 827 4744 eiusde
900 4688 1021 4754 330um]
1040 4705 1087 4739 con
1113 4692 1173 4741 VG·
1235 4688 1375 4744 deom,G

138 4762 176 4813 34
199 4770 321 4810 trans-
337 4760 371 4812 39
388 4776 466 4827 penes
484 4760 566 4810 oreti
652 4762 738 4811 subter
756 4776 787 4808 an
804 4774 850 4807 eon
867 4772 883 4815 ς
901 4759 987 4810 subter
1005 4776 1061 4809 cum
1081 4761 1108 4807 V
1184 4757 1403 4824 adsignificatnm
1418 4762 1446 4809 V

236 4829 273 4881 38
296 4832 440 4881 accusatius
462 4840 546 4879 utitem
569 4830 669 4881 adnexe
697 4832 724 4881 V
744 4830 883 4881 accusatiui
907 4839 991 4880 autem
1013 4830 1154 4887 adnixaes
1242 4827 1275 4879 39
1297 4825 1399 4895 propter
1421 4830 1443 4877 G

140 4917 230 4969 prope
253 4900 281 4948 V
284 4912 301 4955 ς

198 4988 380 5033 ιιιιιιιιιιιιιιιι
393 4988 484 5031 mrim
499 4988 525 5029 v.
617 4994 620 5001 ¹
1199 4980 1241 5046 36
