3525 5600
760 331 830 396 Ius
1373 330 1437 396 409

163 521 304 604 scriptum
331 540 524 604 persuasum
551 517 698 582 hebcam.
742 541 817 582 nam
840 527 873 582 et
895 517 1027 583 dicendi
1046 540 1150 602 genus
1173 517 1334 604 quaedam
1356 539 1438 604 quae

163 622 195 685 ab
215 620 302 685 illius
325 642 471 685 sermone
494 619 600 685 aliena
622 629 699 684 sunt
719 621 878 700 continet,
902 629 936 684 et
956 641 1065 683 rerum
1088 618 1332 684 tractandarum
1353 622 1436 684 ratio

164 733 218 787 tam
240 720 372 786 diversa
393 731 445 786 est
466 721 508 786 ab
530 721 572 785 iis
595 742 679 808 quac
703 721 743 785 de
759 721 872 786 eodem
888 732 1079 806 argumento
1102 744 1122 785 a
1143 720 1308 785 veteribus
1330 742 1438 804 gram-

164 823 276 888 maticis
308 823 478 908 conposite
510 833 600 904 sunt,
633 831 670 886 ut
702 823 893 887 recentiore·
908 834 1016 888 aetate
1048 824 1128 887 haee
1159 845 1201 886 ex
1232 821 1439 908 antiquorum

165 924 391 988 commentariis
419 933 575 1009 congesta
601 932 636 988 et
661 925 782 988 veteris
809 924 1015 1008 grammatici
1037 923 1165 988 nominc
1186 923 1346 1009 inscripta
1367 946 1440 988 esse

165 1034 271 1110 putem.
317 1025 420 1091 edidit
451 1035 561 1090 autem
594 1024 680 1089 bunc
712 1024 857 1090 libellum
892 1026 1015 1112 primus
1049 1025 1149 1090 Ianus
1182 1025 1374 1089 Parrhasius
1406 1025 1439 1087 in

165 1127 250 1192 Probi
279 1127 423 1192 editione
446 1127 599 1192 Vicetina
626 1149 656 1190 a.
682 1127 777 1208 1509,
807 1126 847 1190 de
870 1149 935 1214 qua
957 1127 1079 1193 dietum
1101 1137 1151 1192 est
1172 1125 1237 1193 vol.
1261 1125 1311 1190 IV
1332 1125 1437 1212 praef.

165 1252 189 1314 p.
208 1228 267 1294 IX.
305 1240 421 1315 postea
441 1229 684 1293 Lindemannus
713 1229 758 1293 ad
783 1250 902 1292 novam
929 1229 1104 1294 editionem
1126 1228 1274 1294 adhibuit
1295 1228 1440 1292 codicem

165 1329 341 1395 Gudisnnm
362 1331 425 1394 260
445 1331 488 1396 ab
512 1329 660 1412 Osanno,
684 1331 739 1416 qui
761 1353 803 1396 ex
825 1331 886 1395 hoc
906 1331 989 1395 libro
1012 1330 1188 1416 Apuleium
1210 1351 1304 1410 suum
1325 1328 1439 1410 edidit,

165 1431 313 1518 descripto
337 1431 529 1519 Apulei'de
552 1433 636 1497 orth.
661 1454 692 1517 p.
714 1431 793 1496 VII.
827 1455 904 1496 nam
925 1432 1013 1518 quod
1034 1432 1278 1496 Lindemannus
1300 1440 1366 1495 tres
1388 1453 1440 1495 co-

166 1532 257 1617 dices,
281 1534 400 1621 quibus
422 1534 458 1598 in
480 1543 549 1598 arte
564 1533 691 1598 Pbocae
715 1534 842 1598 edenda
855 1557 932 1598 usus
948 1544 1050 1617 esset,
1071 1533 1302 1620 huncquoque
1321 1531 1440 1597 librum
1534 1527 1543 1548 ⁰

165 1637 317 1701 continere
345 1635 430 1700 dixit
455 1637 491 1700 in
523 1635 742 1722 praefatione,
779 1634 819 1700 de
846 1635 974 1702 duobus
1001 1636 1139 1716 erravit,
1172 1657 1277 1721 neque
1304 1635 1339 1698 in
1368 1635 1442 1720 ipsa

166 1736 294 1802 editione
316 1735 390 1822 plus
413 1760 510 1823 quam
532 1738 628 1802 unius
652 1738 775 1802 codIcis
798 1738 993 1824 scripturam
1015 1737 1173 1802 exhibuit
1211 1735 1291 1799 mihi
1313 1743 1442 1820 praeter
1496 1771 1499 1777 ·

165 1839 238 1903 hune
260 1839 325 1904 duc
347 1840 416 1904 noti
431 1849 507 1904 sunt
522 1839 651 1905 codices
667 1840 730 1925 ipsi
746 1861 874 1925 quoque
889 1840 1003 1925 quinto
1027 1839 1153 1904 decimo
1169 1835 1299 1902 saeculo
1318 1839 1443 1922 scripti,

168 1939 274 2004 Veneti
295 1939 513 2006 bibliothecae
540 1942 573 2006 S.
596 1941 699 2005 Marci
722 1940 762 2004 cl.
786 1940 874 2005 XIII
901 1942 944 2007 30
969 1951 1003 2006 et
1029 1941 1092 2005 366
1099 1989 1108 2023 ,
1142 1962 1279 2028 quorum
1305 1949 1443 2025 uterque

167 2041 239 2104 hunc
265 2040 386 2107 librum
414 2045 476 2108 arti
504 2043 545 2108 de
571 2043 701 2108 nomine
728 2053 762 2108 et
793 2043 895 2108 verbo
923 2043 1106 2108 subiectum
1133 2043 1276 2106 exhibet.
1321 2039 1377 2106 sed
1401 2040 1442 2104 de

167 2143 208 2207 bis
228 2165 291 2208 non
313 2147 499 2220 accuratius,
518 2145 680 2232 quaesivi,
703 2144 762 2209 sed
783 2146 1020 2210 Ascensianam
1042 2142 1219 2208 editionem
1240 2164 1272 2207 a.
1296 2142 1378 2208 1516
1400 2163 1442 2206 ex

170 2245 304 2332 principe
326 2269 513 2333 expressam
536 2246 581 2332 (ς)
605 2256 637 2310 et
660 2246 847 2312 Gudianum
868 2245 1014 2311 codicein
1037 2244 1111 2332 (G),
1134 2247 1225 2310 cuius
1247 2246 1443 2330 scripturam

169 2346 372 2413 Lindemanni
395 2348 529 2414 editioni
552 2347 671 2430 debeo,
695 2357 826 2416 secutus
849 2371 933 2412 sum.

215 4910 387 4955 GRAMMATICI
401 4913 492 4955 LATINI
507 4912 533 4955 V.
