3525 5600
331 357 374 424 28
892 360 1065 424 ctnnomt

358 482 380 523 p.
395 469 526 511 imm.

233 568 402 627 manem
428 549 571 631 syllabam
598 550 676 610 iacit.
702 581 738 594 -
763 549 784 610 S
811 547 943 612 littera
971 548 1158 611 cuiusdam
1186 567 1273 610 suae
1300 549 1518 627 potestatis:
1554 548 1621 626 quia

332 652 481 733 superflua
508 651 657 713 invenitur
682 649 832 712 interdum
860 659 890 712 et
915 653 979 732 ipsa
1007 651 1145 729 liquescit
1171 653 1201 712 in
1229 660 1341 720 metro,
1379 647 1392 732 ll
1422 651 1490 730 quia
1518 649 1622 711 sibilus

304 757 426 833 imagis
440 761 485 816 est
499 771 587 833 quam
602 771 776 814 consonans.
796 756 832 798 4-
856 753 904 814 lix
926 754 1005 815 iilis
1027 754 1040 814 l
1059 753 1203 814 littera:
1227 753 1304 814 ltanc
1326 752 1417 814 habet
1433 759 1620 832 patestatem,

333 857 595 938 quotienscumque
617 857 782 934 anteposita
805 855 896 917 luerit
917 854 1060 933 liquidae,
1084 857 1127 918 sio
1143 863 1172 917 et
1187 873 1253 916 eant
1269 873 1456 916 communem
1479 853 1620 934 syllabam

304 960 416 1028 tlacit,
440 964 473 1018 ut
493 958 606 1019 birica:
635 975 650 1017 a
679 960 844 1031 communis
860 956 982 1037 ‘syllaba
1006 967 1058 1018 est.
1087 991 1120 1004 -
1145 957 1170 1018 tt
1194 964 1229 1018 et
1249 975 1281 1032 q:
1306 957 1384 1037 apud
1407 963 1525 1018 veteres
1548 955 1646 1016 baec⁵

209 1127 223 1154 ’
333 1069 397 1122 erat
423 1059 649 1141 orthographia,
682 1065 730 1126 ut,
765 1060 903 1138 quotiens
931 1077 947 1120 a
975 1067 1165 1140 sequeretur,
1195 1059 1222 1120 k·
1242 1066 1320 1120 esset
1347 1059 1529 1140 praeposita,
1561 1059 1622 1134 lut

332 1162 423 1240 kaput
450 1159 612 1231 liniendae:
641 1161 776 1241 quatiens
805 1179 838 1230 u,
862 1181 890 1241 ty,
914 1163 966 1222 sed
997 1181 1067 1223 usus
1095 1169 1195 1223 noster
1217 1163 1341 1222 mutavit
1361 1170 1570 1240 praeceptum,
1595 1167 1623 1220 et

304 1277 434 1326 aearum
458 1266 553 1324 ricem
574 1281 591 1322 c
612 1261 710 1325 littera
732 1262 842 1344 implet.
874 1298 909 1308 -
941 1263 1194 1326 Scribendum.
1218 1263 1251 1323 h:
1276 1265 1413 1343 quotiens
1434 1264 1620 1324 iuratroca·

333 1365 405 1436 lem,
425 1336 602 1427 ‘consonans
629 1372 688 1433 est;
717 1366 853 1444 quotiens
881 1383 942 1426 non
968 1368 1062 1436 iurat,
1092 1372 1160 1426 nota
1191 1365 1398 1446 adspirationis
1427 1371 1479 1425 est.
1510 1363 1557 1445 [x:
1582 1366 1621 1423 ita

305 1468 455 1537 adicitur,
480 1468 550 1546 quia
572 1469 725 1545 genetivus
745 1469 776 1528 in
798 1469 825 1528 'as
847 1469 949 1538 mittit,
978 1469 1028 1546 pix
1051 1470 1138 1548 picis,
1166 1487 1219 1529 rex
1247 1470 1335 1546 regis.
1373 1502 1406 1512 -
1443 1466 1658 1545 Liquidae1⁰

334 1577 527 1648 quattuor,
558 1570 567 1630 l
595 1588 624 1629 m
653 1588 673 1629 n
701 1577 736 1630 et
762 1589 791 1630 r:
822 1571 900 1650 apud
923 1569 1042 1630 Latinos
1064 1570 1144 1630 solae
1165 1589 1220 1650 pro
1235 1572 1322 1632 metri
1345 1587 1432 1630 cansa
1455 1569 1622 1648 liquescunt

289 1672 342 1734 tol
366 1680 448 1742 etr,
470 1679 613 1752 pereunt;
642 1671 720 1751 apud
744 1672 872 1733 Graecos
901 1680 979 1732 totae
1007 1679 1145 1750 quattuor
1167 1671 1359 1753 liquescunt]
1386 1706 1419 1716 -
1445 1671 1468 1732 Y
1491 1679 1525 1731 et
1547 1689 1578 1729 z:
1604 1688 1622 1728 z

331 1774 408 1853 apud
431 1792 485 1836 nos
507 1781 537 1834 et
559 1774 648 1851 longa
670 1781 700 1834 et
721 1773 820 1834 brevis
841 1783 901 1844 est,
925 1773 1003 1854 apud
1018 1774 1148 1835 Graecos
1163 1774 1282 1854 duplex,
1305 1775 1335 1834 id
1358 1781 1403 1835 est
1423 1772 1520 1851 longa,
1544 1773 1621 1851 apud

137 1948 141 1960 ,
331 1896 386 1937 nos
410 1878 451 1936 ita
479 1882 537 1946 est,
567 1876 695 1950 duplex,
725 1884 760 1938 ot
781 1877 958 1936 ‘Mezenti
981 1875 1085 1937 ducis
1114 1877 1298 1944 exuvias'3
1322 1874 1461 1956 simplex,
1484 1881 1517 1936 nt
1540 1881 1621 1934 ‘ne-

134 2011 138 2019 ·
195 2038 208 2050 ,
288 1974 698 2056 tamorasaZacyntos'.
718 2011 752 2020 -
772 1977 844 2038 Vna
868 1979 1115 2056 aspirationis
1137 1986 1237 2046 nota,
1261 1975 1294 2045 h;
1319 1977 1504 2057 dupletur:
1529 1977 1659 2037 dunen

332 2096 605 2160 supervacuae,
634 2077 706 2140 ket
726 2097 759 2154 q,
787 2081 855 2160 quia
885 2079 990 2142 haram
1017 2078 1116 2140 locum
1144 2077 1298 2158 simplet,
1328 2079 1417 2140 duae
1446 2097 1621 2158 graecae,

331 2187 403 2260 yet
423 2199 447 2240 a.
480 2215 514 2224 -
545 2180 656 2242 Omnes
684 2179 801 2242 litterae
828 2183 947 2259 generis
974 2190 1044 2244 sunt
1072 2183 1170 2243 neutri
1199 2187 1229 2242 ct
1256 2199 1375 2260 semper
1401 2179 1622 2241 indeclinabilia

288 2291 400 2348 tasunt
427 2281 603 2364 [numquam
626 2281 844 2364 declinantur]‚
867 2291 901 2345 ut
923 2285 964 2345 ait
985 2284 1089 2346 Cicero
1113 2288 1119 2357 1
1144 2285 1174 2342 in
1197 2282 1402 2344 siciliensibus
1429 2297 1448 2334 s
1473 2282 1622 2350 accidunt,

331 2403 454 2455 nornen,
478 2402 537 2464 quo
560 2393 695 2454 vocatum
719 2387 828 2463 figura,
852 2403 908 2462 qua
937 2392 1071 2456 notatur,
1094 2384 1150 2446 boc
1173 2393 1218 2446 est
1238 2387 1336 2463 imago
1358 2385 1463 2464 ipsius,
1488 2401 1545 2460 qua
1568 2386 1622 2445 nn·

331 2489 425 2565 gitur3
454 2495 598 2567 potestas,
628 2503 686 2565 qua
713 2486 803 2558 valet,
832 2495 865 2549 ut
891 2489 1033 2558 sciamus,
1064 2494 1162 2548 utrum
1190 2486 1298 2548 vocalis
1320 2489 1358 2548 sit
1379 2505 1415 2548 aa
1438 2485 1622 2548 semivocalis
1636 2498 1661 2537 20

331 2607 369 2650 an
390 2596 479 2650 tanta.

857 2675 906 2736 DE
928 2675 1093 2738 sxttatta

287 2804 319 2854 18
376 2850 386 2856 .
416 2791 534 2872 Syllaba
555 2791 633 2854 dicta
656 2803 701 2855 est
721 2785 787 2855 dard
809 2794 871 2856 τοῦ
894 2793 1094 2876 συλλαβεῖν,
1119 2813 1155 2856 eo
1177 2793 1255 2875 quod
1278 2793 1379 2875 plures
1401 2793 1518 2856 litterae
1540 2813 1623 2855 aom-
1733 2840 1734 2843 ,

330 2894 497 2975 prebeusae
523 2912 597 2964 una,
627 2913 643 2955 a
670 2894 806 2975 pluribus
833 2896 940 2957 litteris
960 2879 1052 2958 dicta.
1097 2916 1150 2958 cur
1180 2915 1236 2957 una
1259 2894 1401 2978 syllabam
1423 2897 1493 2957 lacit
1514 2897 1624 2958 vocalis

330 2996 447 3057 litteral
475 2995 532 3057 boc
558 2996 681 3059 solvitur
708 3016 763 3077 per
791 3000 1007 3069 catantilrasin‚
1035 2998 1092 3060 hoc
1120 3007 1165 3059 est
1191 3016 1245 3077 per
1273 3000 1529 3074 contrarietatem
1553 3001 1660 3077 quiae
1733 3016 1734 3021 ¹

331 3104 411 3160 tanta
433 3099 476 3158 ns
499 3105 544 3159 est
565 3098 688 3168 vocalis,
711 3106 745 3160 ut
766 3096 864 3161 locum
879 3100 1009 3181 syllabae
1025 3100 1155 3181 impleat.
1182 3135 1217 3145 —
1248 3100 1459 3176 Temperans
1480 3118 1625 3177 capax:

332 3202 399 3278 quia
421 3202 517 3261 omnis
538 3198 659 3281 syllaba·
671 3207 806 3280 tempora
828 3204 920 3282 capit:
946 3222 1013 3263 nam
1028 3203 1114 3282 longa
1133 3212 1265 3283 tempora
1282 3201 1341 3263 dua
1357 3200 1499 3283 [syllaba]
1522 3202 1623 3271 habet,

332 3300 430 3363 brevis
451 3318 552 3363 unum.
597 3309 658 3363 tres
685 3310 755 3363 sunt
782 3306 898 3383 species
925 3303 1118 3385 syllabarum:
1151 3314 1201 3367 aut
1229 3304 1333 3365 breves
1355 3315 1424 3364 suat
1446 3312 1496 3365 aut
1517 3304 1625 3382 longae

331 3416 382 3464 aut
403 3421 585 3465 communes.
631 3403 717 3484 longa
747 3403 858 3487 syllaba
887 3408 1032 3486 positione
1061 3414 1127 3468 octo
1151 3406 1246 3469 modis
1269 3408 1313 3467 tit:
1342 3408 1367 3467 si
1388 3405 1496 3467 vocalis
1517 3406 1626 3467 desinit

331 3507 363 3566 in
390 3504 465 3567 duas
493 3514 704 3577 consonantes,
734 3513 766 3567 ut
793 3511 865 3568 ‘ast
894 3508 992 3585 ego’;
1023 3524 1042 3560 r
1065 3508 1171 3569 vocalis
1195 3512 1199 3587 Ι
1225 3508 1332 3569 desinit
1353 3510 1384 3569 in
1406 3526 1494 3569 unam
1516 3518 1663 3569 conso-³0

402 3658 561 3709 Cod.Bern.
582 3658 748 3714 ivit—8&
805 3658 910 3727 lanae]
933 3660 1137 3712 siuecorr.sne
1201 3650 1313 3726 '2qnla]
1333 3678 1383 3725 qua
1453 3660 1499 3711 31
1515 3661 1624 3711 litteram

400 3730 417 3780 5
439 3730 580 3778 communis
605 3730 706 3796 syllaba
725 3738 765 3780 est
783 3745 833 3779 una
856 3732 951 3797 duplex
974 3746 1025 3784 .x.
1046 3733 1104 3781 idea
1130 3730 1226 3798 duplex
1243 3732 1336 3781 dicitur
1356 3733 1416 3795 quia
1433 3742 1491 3796 post
1509 3731 1624 3781 uocalenr

332 3798 417 3864 posita
434 3814 481 3865 pro
500 3798 599 3850 duabus
617 3801 814 3851 consonantibus
832 3800 901 3851 ualet
914 3809 937 3850 et
954 3803 1080 3865 positione
1098 3818 1153 3851 eam
1170 3802 1272 3866 longam
1293 3801 1353 3851 iacit
1365 3801 1405 3866 (ut
1416 3802 1475 3852 odd.
1493 3803 1528 3850 al.
1542 3804 1626 3863 enan.)

333 3878 372 3918 est
388 3885 439 3921 .x.
459 3870 483 3917 in
503 3871 604 3936 graecia
625 3871 735 3937 simplex
756 3882 803 3921 est.
823 3870 904 3920 littera
923 3886 1018 3920 xerses.
1041 3872 1160 3923 xatnltns.
1178 3872 1195 3920 k
1213 3882 1238 3921 et
1255 3884 1316 3935 aput
1335 3884 1432 3922 ueteres
1502 3872 1518 3923 6
1538 3872 1625 3922 ortlto-

332 3939 413 4003 gralia
483 3941 590 4006 tcaput
607 3941 727 3990 calendae
796 3940 1013 4007 dadspirationis
1031 3944 1112 3991 exita
1183 3940 1216 3992 10
1234 3943 1259 3989 in
1279 3940 1331 3991 lris'
1391 3942 1423 3993 ta
1442 3952 1625 4007 npntgraecas

402 4025 418 4074 y
438 4020 463 4059 et
482 4026 496 4059 a
517 4018 580 4075 aput
598 4024 643 4061 nos
662 4021 687 4060 et
707 4011 784 4075 longa
804 4019 829 4058 et
847 4011 934 4061 uerbis
953 4019 991 4060 est
1006 4023 1066 4076 aput
1139 4012 1170 4063 13
1191 4022 1252 4076 aput
1273 4026 1318 4059 nos
1337 4012 1370 4061 ita
1388 4021 1426 4062 est
1445 4014 1553 4063 mezenti

332 4078 366 4131 lo
387 4094 561 4147 superuacuae
587 4088 643 4129 oet
660 4082 720 4144 quia
741 4096 813 4130 arum
886 4080 917 4131 18
936 4080 1093 4132 declinantes
1117 4083 1153 4131 ait
1173 4083 1255 4131 cicero
1276 4082 1280 4145 Ι
1303 4083 1328 4129 in
1353 4082 1519 4147 sicelyensias
1543 4086 1622 4143 (corr,

333 4154 430 4201 recenti
445 4166 519 4200 nunu
536 4147 635 4213 sibus)
654 4166 680 4213 q.
700 4149 840 4201 adaliarum
857 4147 915 4217 eri!
932 4186 1016 4205 ......
1037 4152 1118 4201 littera
1138 4152 1322 4217 essetiutegrae
1341 4160 1402 4201 eta
1423 4152 1427 4216 Ι
1450 4188 1537 4206 ......
1559 4155 1624 4201 acci-

334 4220 397 4270 dunt
411 4261 535 4275 ........
553 4220 665 4283 laomen
684 4235 734 4284 qua
804 4218 1033 4287 lllqnaeliugitur
1103 4222 1137 4273 ’23
1156 4222 1486 4271 dictacanarorct·aaaaatn
1557 4224 1624 4273 aaa

336 4288 476 4354 pluralibus
495 4290 584 4340 litteris
655 4291 689 4341 '26
707 4286 755 4355 eat]
777 4300 801 4340 et
871 4290 993 4357 impleant
1011 4294 1070 4355 qnia
1141 4294 1174 4342 27
1194 4290 1287 4340 habent
1307 4293 1410 4357 praeitis
1429 4306 1506 4340 uuum

333 4357 368 4409 30
386 4370 413 4409 ut
430 4375 504 4410 aseco
523 4360 620 4409 uocalis
690 4360 714 4408 in
733 4374 809 4409 anam
828 4371 982 4412 consonante

403 4496 455 4548 ax
477 4498 512 4546 ita
533 4493 636 4563 dicitur]
656 4497 690 4560 cs.
709 4499 818 4559 Pompei.
837 4513 865 4561 p,
886 4496 920 4547 '28
942 4498 982 4547 ed.
1003 4498 1079 4548 Lind.
1170 4500 1202 4548 it
1225 4496 1344 4562 Mezenti]
1370 4498 1448 4564 Verp.
1470 4498 1533 4549 Aere.
1552 4498 1623 4549 xit

406 4564 548 4633 nemorosa]
572 4570 651 4633 Verp.
672 4567 737 4617 Aen.
755 4567 788 4617 lll
806 4568 858 4617 ato
928 4566 962 4617 23
981 4569 1096 4630 sortasse
1111 4568 1299 4633 conprehensae
1320 4570 1378 4619 siut.
1398 4584 1455 4617 cum
1471 4582 1486 4617 a
1505 4567 1624 4634 pluribus

334 4636 424 4685 litteris
441 4638 508 4686 dieta
526 4638 568 4702 sit,
589 4653 633 4688 cur
720 4635 755 4689 30
775 4648 801 4685 at
817 4648 856 4688 ast
874 4652 922 4701 ego
942 4638 1084 4691 Putscbiua.
1102 4656 1137 4689 ece
1156 4646 1212 4689 aeto
1230 4640 1309 4689 modia
1326 4638 1480 4705 syllabarum
1500 4642 1625 4703 positione

334 4708 647 4772 impersonationis
661 4707 845 4773 praenestina,
860 4708 1010 4758 exciderant
1026 4710 1084 4767 duo,
1100 4714 1175 4766 atter,
1191 4724 1244 4757 carr
1262 4710 1356 4760 coenis
1374 4711 1500 4771 excipitur
1518 4708 1616 4759 duobus

334 4776 539 4839 mmonanlt'btte,
556 4780 622 4829 ulter
638 4793 692 4828 carn
708 4780 836 4843 excipitur
854 4778 950 4841 duplici
969 4779 1052 4829 littera
1071 4795 1101 4845 ιι,
1123 4780 1245 4847 adquam
1263 4780 1356 4831 rnadurn
1374 4780 1431 4828 axis
1446 4782 1568 4848 pertinet:
1587 4782 1624 4845 cs·

337 4848 415 4902 [liam.
433 4862 460 4911 p,
476 4846 527 4900 ⁴1²3
544 4848 574 4901 P.
594 4851 677 4917 itaque
693 4851 798 4900 tecum
814 4848 925 4901 indicari
