3525 5600
654 427 891 489 cuuuunrvtt
1359 420 1420 486 221

1242 532 1362 586 pem-ot
1375 531 1398 572 l.

148 618 236 699 cipalia
257 623 338 685 sunt;
373 616 446 676 liunt
468 613 536 676 iude
559 613 732 675 diminutiva
755 611 877 676 sorbillo
893 611 1009 691 sugillo.
1054 619 1124 674 suut
1138 610 1316 690 aliquotiens
1336 611 1421 672 dimi-

147 722 232 782 nutiva
254 725 283 779 et
302 736 362 779 non
385 716 496 779 hahent
516 715 673 797 primitiva,
699 713 853 798 [legimus]
882 732 971 795 quem
1000 714 1036 778 ad
1059 714 1180 776 modum
1203 713 1250 774 illa
1273 715 1422 775 innomi·

147 821 229 884 nibus.
273 827 343 882 suut
371 827 469 881 autem
497 818 595 880 lahula
621 817 735 880 macula
763 816 876 879 tabula:
911 819 966 879 ista
994 837 1068 879 sono
1096 825 1165 878 sunt
1193 824 1306 877 tantum
1335 816 1423 877 modo
1466 861 1474 876 .

146 923 310 992 diminutiva,
335 922 548 1002 significatione
571 931 668 983 autem
691 918 865 1001 principalia
886 928 965 980 sunt.
998 921 1041 980 sic
1064 921 1151 981 etiam
1174 919 1238 987 ista,
1261 920 1372 999 pytisso
1395 925 1425 978 et

126 1024 246 1087 avaeiho:
268 1024 380 1104 pytisso
403 1033 432 1085 et
454 1023 558 1086 vacillo
581 1022 674 1101 verha⁸
691 1027 762 1083 sunt
783 1021 971 1094 diminutiva,
995 1030 1024 1083 ει
1046 1031 1145 1084 tamen
1167 1020 1340 1102 principalia
1363 1038 1423 1080 non

144 1127 247 1189 hahent.
292 1146 352 1188 non
369 1125 380 1206 i
406 1127 484 1188 euim
507 1143 626 1206 possum
650 1125 750 1186 dicere
772 1142 860 1204 pysso
884 1123 921 1185 ah
944 1143 980 1184 eo
1003 1123 1081 1202 qnotl
1105 1130 1150 1184 est
1176 1125 1295 1204 pytisso,
1319 1141 1422 1205 quarn·

144 1248 218 1310 quam
242 1229 402 1308 legerimus
430 1230 460 1289 in
490 1227 673 1310 etymologiis
707 1226 785 1306 quod
800 1239 803 1244 ’
818 1227 969 1289 iuvenitur
1002 1228 1077 1288 ratio
1110 1225 1217 1286 horum
1252 1224 1422 1286 verborum.

145 1331 233 1392 dicunt
260 1332 339 1392 enim
367 1332 479 1410 pytisso
507 1331 546 1390 ita
577 1349 642 1392 esse
670 1336 835 1410 permutata
863 1328 977 1400 littera‘,
1000 1330 1085 1408 quasi
1107 1331 1234 1409 potisso.
1279 1327 1355 1387 etsi
1379 1335 1424 1388 est

144 1435 248 1513 putisso,
271 1431 361 1494 habet
381 1430 546 1513 principale
568 1440 656 1512 poto,
681 1439 713 1491 ut
735 1449 789 1512 per
812 1431 984 1512 synaeresin
1007 1429 1063 1492 hoc
1079 1430 1188 1492 lactum
1210 1431 1248 1491 sit
1275 1427 1423 1508 [ceterum

119 1537 242 1614 upotisso
264 1536 342 1595 renit
366 1533 404 1595 ab
427 1553 462 1596 co
485 1533 565 1612 quod
588 1540 633 1594 est
654 1531 750 1614 poto].
795 1536 867 1594 item
891 1534 1005 1604 vacillo,
1029 1531 1140 1600 vlicuut,
1164 1533 1311 1610 originem
1332 1529 1425 1591 trahit

145 1639 174 1698 ah
195 1657 227 1698 eo
247 1635 325 1717 quod
349 1644 393 1698 est
415 1655 514 1715 vagor,
538 1636 568 1697 id
592 1643 636 1698 εει
660 1642 741 1696 nuto.
771 1635 841 1697 inde
865 1654 936 1715 ergo
957 1654 1030 1714 vago
1045 1634 1197 1703 vlicehaut;
1222 1651 1295 1712 ergo
1311 1631 1422 1702 vacillo,

146 1741 215 1819 quasi
240 1747 309 1800 nuto
339 1748 368 1799 et
397 1737 539 1800 memhris
568 1757 666 1818 vagor.
712 1737 768 1799 hoc
797 1738 876 1816 quod
904 1737 976 1798 vlicit
1003 1739 1074 1798 satis
1095 1735 1153 1797 ilde
1175 1744 1271 1806 caret,
1301 1737 1424 1797 omnino

146 1859 195 1900 nou
214 1839 300 1901 habet
320 1842 467 1902 rationem
482 1841 613 1921 penitus:
638 1841 715 1902 scire
731 1839 883 1910 debemus,
909 1841 956 1908 ait,
980 1857 1045 1902 esse
1066 1837 1161 1918 aliqua
1177 1839 1266 1898 etiam
1280 1838 1311 1898 in
1326 1837 1424 1898 verhis

145 1943 342 2020 trequeutativa
357 1961 417 2004 nou
433 1961 450 2004 a
467 1942 563 2004 verbis
579 1943 734 2013 venientia,
751 1941 803 2002 scd
819 1960 835 2003 a
851 1939 1031 2013 nominibus,
1047 1947 1080 2003 ut
1095 1951 1141 2002 cst
1155 1941 1330 2019 graecissat;
1354 1958 1425 2000 ecce

119 2065 137 2103 u
147 2047 292 2122 graecisant
306 2044 555 2123 frequentativum
572 2055 624 2116 est,
637 2044 690 2106 sed
705 2044 742 2106 ue
759 2043 879 2105 nomine
895 2045 1041 2123 originem
1057 2045 1155 2106 sumit.
1178 2043 1307 2123 primum
1318 2042 1424 2104 laisum

149 2155 192 2206 εει.
227 2147 472 2226 frequentativum
495 2165 583 2228 quem
606 2147 640 2208 ει]
664 2147 784 2208 modum
807 2145 953 2208 vl'etiniriti
975 2145 1222 2225 frequentativum
1242 2145 1365 2207 verbnm
1381 2153 1427 2207 est

148 2247 213 2326 quoti
227 2267 313 2329 saepe
328 2267 383 2310 nos
399 2248 507 2327 aliquid
525 2267 614 2328 agere
630 2249 767 2320 ostendit,
783 2257 816 2311 ut
839 2257 885 2311 est
906 2248 1019 2319 lectito,
1053 2248 1083 2308 ivl
1100 2256 1145 2308 εει
1160 2247 1333 2329 frequenter
1348 2246 1423 2326 lego,

147 2352 275 2430 scriptito,
298 2351 473 2430 frequenter
495 2349 602 2422 scribo,
626 2352 750 2424 cantito,
774 2351 948 2434 frequenter
974 2369 1059 2412 cauo.
1103 2353 1128 2411 si
1151 2358 1248 2412 autem
1272 2351 1352 2412 dicas
1373 2368 1424 2429 pa·

150 2457 237 2524 trisse,
260 2462 292 2514 ut
314 2454 352 2513 sit
373 2454 630 2533 frequentativum,
654 2453 724 2536 quid
753 2454 925 2533 frequenter
953 2453 1056 2533 paterl
1099 2471 1168 2514 nam
1197 2454 1222 2514 si
1249 2452 1306 2514 hoc
1332 2451 1423 2522 dicas,

121 2555 190 2632 oqui
208 2573 308 2616 seusus
331 2557 404 2616 eritl
429 2564 458 2616 et
476 2559 653 2630 graecisant.
699 2555 770 2634 quid
792 2557 871 2616 enim
896 2563 942 2617 est
968 2556 1145 2634 graecissati
1189 2554 1280 2636 aliqui
1305 2556 1344 2615 sit
1365 2555 1424 2614 irc·

149 2664 256 2734 quanter
277 2657 418 2735 graecusi
463 2656 572 2719 nullam
595 2657 707 2720 hahent
734 2659 879 2720 rationem
907 2659 1115 2738 frequentativi
1144 2656 1243 2728 rerhi,
1272 2655 1324 2718 sed
1351 2655 1424 2716 illud

149 2758 199 2819 vult
218 2758 323 2831 dicere,
347 2761 473 2841 patrisso
496 2760 525 2822 id
549 2759 553 2843 l
580 2766 624 2823 εει
645 2761 722 2841 patri
743 2760 847 2823 similis
869 2779 944 2822 sum.
976 2778 1048 2839 ergo
1064 2759 1223 2823 derivativa
1244 2766 1313 2820 sunt
1327 2759 1424 2839 potins

150 2862 345 2923 unominihus.
389 2870 545 2943 praeterea
574 2869 619 2925 εει
640 2861 696 2925 alia
718 2865 802 2935 ratio,
830 2882 906 2944 quae
928 2863 1065 2924 ostendat
1086 2864 1225 2944 quoniam
1247 2881 1307 2924 non
1329 2868 1425 2942 potest

151 2964 196 3024 hoc
214 2983 275 3025 esec
297 2965 555 3046 frequentativum.
602 2984 662 3027 non
691 2973 789 3047 potest
817 2984 880 3027 esse
909 2965 1156 3045 frequentativum
1179 2984 1196 3026 a
1218 2984 1251 3025 se
1278 2965 1424 3043 originem

123 3084 260 3137 resumens,
282 3068 340 3128 nisi
362 3065 469 3128 habeat
491 3066 665 3148 principale.
711 3084 780 3129 ecce
803 3066 904 3129 lectito
927 3066 1017 3129 habet
1038 3065 1204 3148 principale
1225 3066 1306 3146 lego,
1330 3069 1423 3148 scrip·

149 3169 191 3227 tito
210 3167 294 3228 habet
315 3167 478 3250 principale
494 3167 603 3239 scribo,
627 3170 737 3231 cursito
752 3169 843 3231 habet
856 3169 1024 3249 principale
1038 3187 1138 3231 curro.
1169 3188 1241 3249 ergo
1256 3171 1282 3230 si
1296 3171 1424 3249 patrisso

151 3278 185 3329 est
202 3269 461 3351 frequentativum,
492 3271 528 3332 da
551 3272 624 3333 mihi
647 3272 818 3352 principale.
864 3274 890 3333 si
919 3272 1069 3350 graecisso
1098 3279 1144 3333 est
1165 3273 1424 3351 frequentativum,

151 3370 178 3430 la
196 3372 262 3432 mihi
283 3373 455 3455 principale.
498 3392 570 3453 ergo
593 3394 660 3436 cum
683 3394 739 3435 nec
761 3376 906 3436 rationem
930 3372 1038 3435 haheat
1059 3393 1115 3436 nec
1137 3376 1284 3452 originem
1306 3372 1423 3443 haheat,

152 3474 268 3551 quoniam
296 3492 384 3536 omne
407 3476 654 3557 frequentativum
677 3476 767 3539 hahet
788 3474 966 3557 principale,
995 3495 1054 3556 quo
1081 3476 1169 3537 modo
1190 3494 1345 3556 possumus
1367 3475 1424 3537 hoc

127 3574 234 3636 nlicere
254 3576 509 3657 frequentativum,
534 3598 601 3641 cum
625 3598 684 3641 non
707 3578 814 3641 haheat
833 3578 1016 3659 principale?

220 3678 299 3740 Scire
321 3678 464 3742 debemus
487 3700 551 3742 esse
574 3680 669 3761 aliqua
692 3681 780 3743 verba
804 3702 878 3763 quae
907 3681 1063 3760 caliginem
1091 3682 1204 3742 iaciunt
1229 3688 1260 3743 ct
1281 3680 1423 3761 ambigui·
1442 3686 1531 3749 oona

154 3787 234 3850 tatem,
256 3790 284 3842 et
305 3783 415 3852 nescio,
439 3790 538 3845 utrum
561 3784 711 3864 perlectae
734 3784 847 3845 lormac
869 3785 929 3844 siut
951 3802 989 3843 an
1010 3781 1211 3854 inchoativae,
1235 3792 1268 3846 ut
1289 3801 1423 3853 senesco,

154 3890 177 3939 ut
194 3884 315 3961 quiesco.
359 3883 495 3945 videntur
518 3887 600 3965 quasi
622 3893 737 3966 partem
761 3884 870 3947 halvere
898 3886 1106 3966 perfectionis,
1135 3887 1165 3947 iu
1193 3893 1238 3947 εει
1272 3884 1424 3965 perlectae

123 4054 126 4061 .
156 3982 254 4061 ¹iormae,
278 3991 306 4045 et
327 3994 442 4066 partem
464 3986 574 4047 hahere
596 3986 788 4051 inchoativae.
833 4005 921 4068 quam
948 3994 1064 4068 partem
1093 3987 1203 4050 hahent
1222 3987 1424 4051 inchoativae?

135 4086 241 4146 stertire
261 4090 473 4167 coniugationis
492 4098 649 4165 correptae
663 4096 731 4151 ειιιιι
744 4097 773 4151 ει
787 4094 818 4151 ιἰι
834 4108 885 4151 cco
898 4099 1018 4167 exeunt,
1042 4099 1075 4152 ιιι
1087 4098 1132 4152 est
1144 4108 1279 4153 senesce:
1300 4109 1424 4152 senesce

159 4190 278 4259 senescis,
306 4208 428 4251 sencsoo
451 4192 481 4251 iu
503 4210 554 4252 sco
576 4193 650 4261 erit:
678 4211 802 4253 senesco
826 4192 941 4253 vitietur
963 4191 1074 4254 hahere
1096 4195 1179 4274 quasi
1200 4194 1272 4254 (luas
1294 4192 1422 4272 regulas.

212 4376 425 4445 lsiguiilcatione]
445 4379 635 4429 ratioueABO
682 4380 698 4429 5
717 4388 776 4430 svvnt
792 4388 816 4427 et
831 4380 984 4430 diminutius
1002 4388 1123 4429 ettamen
1142 4378 1166 4427 A
1217 4381 1233 4428 7
1252 4379 1423 4446 ethimologiia

161 4437 195 4489 llo
214 4448 436 4512 aetoemologiisi]
459 4448 621 4515 ethimologia
637 4448 662 4499 A
749 4449 950 4515 8pernvutatam
971 4450 1081 4499 litteram
1105 4450 1188 4501 ABG
1274 4451 1423 4501 ilceterum

162 4511 268 4571 pitiaaoB
337 4518 368 4569 10
387 4518 452 4581 quud
474 4529 531 4585 poto
549 4520 601 4571 Bo
670 4520 795 4587 originem
814 4518 890 4569 trahit
906 4518 959 4569 Ac
981 4521 1106 4586 originem
1125 4518 1190 4570 trahi
1207 4538 1224 4571 a
1242 4520 1341 4586 origine
1359 4518 1424 4570 trahi

163 4578 181 4627 B
213 4584 250 4661 ¹ll
268 4595 324 4636 nuto
342 4588 416 4638 BGc
436 4588 578 4654 nutuA(?)
628 4605 689 4656 ergo
710 4606 776 4656 nego
795 4606 862 4643 corr.
882 4605 1028 4656 ergouugo
1045 4592 1068 4638 A
1100 4591 1160 4653 ,12
1181 4592 1255 4653 quasi
1275 4590 1424 4642 uutoBGa

164 4664 218 4710 quest
234 4666 287 4705 natu
301 4656 365 4721 A(?)
440 4660 472 4710 14
490 4674 548 4709 ecce
566 4660 705 4724 graecisant
724 4676 770 4714 orn.
791 4662 831 4725 A,
852 4660 913 4715 adu.
934 4676 952 4709 a
1023 4661 1056 4711 ts
1079 4659 1225 4723 frequenter
1241 4672 1316 4709 cuvvtu
1329 4662 1355 4711 B

165 4718 190 4767 iil
203 4724 242 4772 erit
263 4728 359 4790 etquid
376 4730 443 4779 enim
462 4729 534 4779 BCu
551 4731 597 4779 erit
612 4730 753 4794 quidecim
771 4731 795 4779 A
866 4730 947 4794 aliqui
964 4731 997 4780 sit
1013 4732 1065 4781 AG
1085 4731 1178 4792 aliquis
1198 4733 1231 4780 sit
1244 4732 1270 4781 B
1286 4728 1314 4779 'ut
1331 4730 1423 4794 aliquis

166 4796 191 4835 ιιι
199 4788 225 4837 a*
271 4797 302 4845 22
319 4813 379 4865 ergo
393 4810 419 4849 ut
434 4800 570 4849 uideantur
587 4800 674 4864 potius
691 4800 833 4850 deriuatiua
846 4815 861 4849 a
874 4801 1017 4851 nominibus
1031 4817 1092 4866 ergo
1106 4800 1243 4851 diriuatiuo
1260 4811 1319 4852 suut
1338 4804 1424 4867 potius

157 4864 309 4935 Ἰειιειιιιιιὶιιιιε
324 4868 348 4916 Α
425 4868 459 4920 at
479 4884 553 4932 quarn
568 4879 667 4934 portem
684 4870 756 4920 Aoo
776 4885 840 4935 quae
859 4880 956 4935 partem
975 4870 1035 4921 Ba·
1122 4870 1156 4922 35
1174 4880 1306 4937 correptae
1323 4880 1384 4921 sunt
1399 4880 1424 4921 et

169 4938 187 4973 tt
201 4944 234 4979 scu
250 4945 335 4986 exeunt
351 4946 376 4987 ut
394 4947 433 4989 est
449 4954 555 4989 sorresco
572 4954 618 4993 om.
637 4940 718 4989 ABG
785 4940 819 4990 36
840 4940 863 4989 iu
882 4955 941 4990 esco
961 4942 982 4991 0
