3525 5600
321 353 363 417 74
877 351 1052 413 sennenn

347 476 367 516 p.
382 465 438 504 19³1.
453 465 477 502 32
490 461 513 502 P.

321 561 388 611 nes,
405 561 480 623 (puae
496 541 607 602 similes
621 551 704 610 sunt,
721 559 840 618 semper
855 539 987 600 causales
1001 545 1080 599 sunt.
1099 536 1141 619 [ct
1156 539 1307 600 enimvero
1318 541 1387 618 ¹quia
1403 555 1459 616 qua
1476 539 1603 618 qttidem.

318 644 468 730 aliquanta
484 643 552 704 binc
568 660 723 721 possumus
745 640 935 720 intellegere,
952 642 1019 721 quia
1035 659 1138 702 omnes
1161 642 1383 702 coniunctiones
1399 660 1414 700 a
1431 643 1606 702 terminatae

219 755 277 814 389,
292 746 425 823 elongas
440 753 509 806 sunt
523 743 634 823 absque
649 741 776 812 duabus,
801 745 870 823 quia
887 751 916 804 et
933 742 996 822 ita].
1013 743 1230 822 -Figurae
1252 744 1581 804 coniunctionum:
1602 742 1605 820 1
1647 785 1651 796 .

320 849 412 925 ligura
428 845 684 906 coniunctionibus
706 844 825 913 accidit,
849 846 926 906 sicut
948 846 1056 906 ceteris
1077 844 1226 925 partibus,
1249 863 1305 906 nec
1326 843 1496 923 ambiguum
1510 854 1555 906 est
1570 863 1608 904 es

265 959 308 1006 ‘10
319 954 457 1027 quattuor
471 946 604 1026 partibus
618 947 840 1009 coniunctiones
854 964 941 1025 posse
960 948 1099 1027 conponi.
1115 981 1155 992 -
1178 947 1272 1009 Ordo
1295 948 1608 1009 coniunctionum
1623 961 1636 1000 ⁵

318 1051 353 1110 in
382 1050 450 1111 hoc
478 1059 547 1110 est:
575 1056 645 1109 sunt
671 1048 788 1128 aliquae
815 1049 1038 1110 coniunctiones
1065 1067 1140 1130 quae
1169 1048 1304 1110 ordinem
1332 1050 1460 1128 primum
1494 1055 1609 1130 tenent,

319 1150 454 1212 ultimum
482 1157 512 1210 et
538 1149 681 1219 medium,
711 1159 743 1212 nt
769 1151 831 1211 ‘ast
853 1153 936 1227 ege',
960 1169 1021 1210 non
1049 1149 1174 1224 dicimus
1197 1152 1271 1229 ‘ego
1293 1153 1372 1219 ast’;
1403 1169 1522 1230 semper
1549 1150 1611 1211 sibi

318 1254 497 1332 principium
530 1251 664 1312 vindicat
706 1251 785 1312 unde
812 1251 950 1312 Horatius
978 1253 1103 1322 erravit,
1137 1252 1188 1332 qui
1220 1251 1307 1323 dixit,
1335 1256 1386 1314 ‘at
1412 1272 1430 1312 o
1456 1253 1609 1314 deorum

318 1355 512 1434 luppiter’,
543 1355 611 1432 quia
639 1355 772 1415 vitiosum
802 1360 847 1413 est
874 1354 905 1413 in
934 1355 1079 1433 principio
1107 1372 1124 1415 a
1152 1354 1361 1414 coniunctione
1382 1356 1530 1434 incipere:
1553 1353 1610 1414 sed

318 1435 483 1525 excusatur,
506 1457 574 1535 quia
595 1454 761 1516 inchoativa
783 1456 952 1516 coniunctio
975 1462 1033 1524 est,
1058 1457 1125 1535 quia
1148 1473 1251 1518 omnes
1272 1455 1456 1516 inchoativae
1478 1457 1609 1535 primum
1626 1471 1649 1508 10
1736 1469 1737 1484 ³

275 1570 305 1618 12
319 1558 376 1619 sibi
396 1558 545 1619 vindicant
566 1556 673 1618 locum.
693 1591 727 1600 —
746 1557 810 1628 Que
832 1576 952 1636 semper
974 1559 1170 1636 postponitur,
1196 1565 1228 1618 nt
1250 1561 1367 1617 ‘arma
1391 1559 1611 1636 virumque’,

319 1661 539 1739 primusque
566 1657 769 1718 blaehaon'.
814 1665 911 1720 autem
940 1658 1102 1719 secundum
1131 1658 1278 1720 licentiam
1307 1660 1494 1738 antiquorum
1517 1659 1610 1718 etiam

318 1763 525 1841 praeponitur,
555 1769 588 1822 ut
614 1760 735 1822 Plautus
763 1761 881 1821 ‘autem
910 1761 972 1822 lae’
1002 1769 1032 1821 et
1058 1763 1174 1821 ‘autem
1202 1760 1275 1820 baec
1303 1759 1427 1821 mulier’
1448 1778 1502 1839 pro
1532 1759 1609 1820 baec

319 1871 416 1924 aulem
444 1861 560 1923 mulier.
605 1861 666 1922 illie
689 1863 766 1925 enim
787 1858 1040 1942 lbysterologiam
1065 1863 1149 1932 lecit,
1178 1861 1256 1943 quod
1280 1871 1310 1922 et
1335 1863 1366 1922 in
1388 1861 1452 1924 aliis
1473 1860 1612 1942 partibus

261 2034 263 2038 ¹
318 1967 350 2026 lit
372 1985 388 2025 a
410 1967 523 2044 poetis,
548 1971 580 2025 ut
602 1967 786 2024 ‘transtra
808 1982 872 2043 per
896 1973 929 2023 et
951 1967 1098 2026 remos’.
1130 1973 1199 2025 sunt
1221 1964 1345 2035 mediae,
1369 1963 1523 2041 utigitur:
1548 1981 1610 2042 qua
1627 1979 1651 2017 1⁵

317 2074 402 2146 parte
417 2065 552 2136 voluero,
568 2065 692 2127 licenter
712 2083 805 2144 pono,
828 2073 859 2125 et
872 2073 930 2126 stat
945 2064 1085 2136 elocutio,
1103 2074 1135 2126 ut
1150 2067 1257 2144 ‘igitur
1272 2065 1329 2126 hoc
1344 2067 1467 2126 laeiam’
1482 2073 1511 2125 et
1532 2065 1612 2124 ‘boe

317 2169 405 2246 igitur
423 2169 575 2242 saciam’:
604 2165 749 2244 Vergilius
772 2165 925 2227 ‘iliacas
953 2167 1071 2248 igitur
1099 2166 1268 2238 classes',
1292 2167 1449 2229 Sallustius
1471 2167 1611 2244 ‘igitur

274 2284 306 2332 10
317 2271 428 2331 initio
444 2273 579 2348 reges’.
597 2302 637 2313 —-
654 2269 979 2329 Coniunctionum:
1004 2270 1228 2331 coniunctiones
1242 2277 1466 2351 praeponuntur
1480 2287 1611 2330 numero

317 2379 400 2442 neto,
430 2381 460 2432 at
485 2390 520 2432 ac
541 2377 587 2432 ast
613 2371 673 2431 sive
700 2387 752 2430 sen
781 2368 827 2429 vel
849 2371 896 2431 sin
919 2378 982 2439 aut;
1011 2369 1229 2449 subiunguntur
1251 2390 1376 2434 numero
1399 2373 1545 2452 quinque,
1570 2389 1610 2430 ve

316 2493 374 2553 que
397 2475 475 2534 enlm
502 2489 622 2554 quoque
650 2480 747 2533 antem
776 2469 890 2552 [autem
914 2482 943 2533 et
964 2475 1156 2552 praeponitur
1179 2482 1208 2534 et
1230 2471 1449 2553 subiungitur];
1479 2491 1608 2553 praepo·
1625 2491 1652 2528 ao

318 2583 429 2636 nrvutur
452 2583 482 2636 et
502 2573 722 2651 subiunguntur
744 2590 949 2653 quaecumque
972 2582 1053 2636 extra
1076 2574 1181 2636 harum
1204 2593 1359 2636 nnmerum
1375 2583 1608 2654 cognoscuntur.

275 2692 305 2740 16
401 2676 486 2738 Nam
508 2675 930 2754 etconiunctionespro
946 2674 1399 2740 aliiseoovunctinnibus:
1416 2678 1610 2738 vetereslre·

317 2786 442 2859 quenter
457 2779 678 2839 coniunctiones
693 2795 748 2857 pro
762 2777 1021 2839 coniunctionibus
1036 2776 1194 2859 ponebant,
1209 2775 1252 2859 [et
1263 2778 1394 2841 causales
1408 2797 1463 2860 pro
1478 2781 1612 2841 rationa-

317 2879 407 2961 libus]
431 2887 464 2941 ut
484 2879 761 2959 ‘subiectisque
783 2898 893 2941 urere
916 2879 1092 2941 llammis'
1112 2876 1117 2961 Ι
1137 2900 1191 2960 pro
1214 2881 1407 2951 subiectisre,
1438 2881 1607 2962 copulativa

315 2999 371 3062 pro
393 2981 565 3042 disiunctiva
588 2980 636 3060 [ut
656 2978 765 3061 prius].
803 2999 842 3041 ne
863 2981 964 3041 iuncta
987 2982 1155 3043 coniunctio
1178 2991 1239 3053 est,
1262 2990 1399 3063 separata
1421 2982 1605 3052 adverbium,
1623 3000 1652 3038 2⁵

315 3092 348 3143 ut
370 3084 434 3142 ‘nc
455 3080 646 3161 trepidate
667 3100 707 3143 m.
730 3083 779 3143 Τ.’
816 3091 845 3143 at
867 3100 922 3161 per
944 3092 956 3143 t
977 3084 1145 3144 coniunctio
1169 3090 1226 3154 est,
1256 3084 1351 3163 perd
1373 3087 1560 3175 praepositio.
1588 3082 1605 3167 ll

315 3192 366 3243 aut
387 3185 413 3243 si
433 3184 497 3244 sine
520 3184 736 3262 baspiratione
758 3190 789 3243 et
810 3184 841 3243 in
863 3192 876 3243 t
898 3185 972 3254 exit,
996 3186 1165 3247 coniunctio
1189 3193 1246 3255 est;
1270 3187 1294 3247 si
1317 3204 1387 3248 vero
1404 3206 1470 3247 cum
1487 3186 1506 3247 b
1521 3188 1604 3267 aspi-

314 3286 429 3345 ratione
452 3292 482 3344 et
502 3287 533 3345 in
555 3284 574 3344 d
598 3286 673 3355 exit,
697 3282 878 3346 adverbium.
916 3304 950 3345 ve
972 3287 1070 3347 iuncta
1086 3289 1255 3348 coniunctio
1279 3296 1336 3359 est,
1358 3296 1492 3368 separata
1511 3290 1605 3349 inter-

314 3388 402 3447 iectio
425 3394 483 3455 est,
512 3385 557 3447 vel
585 3396 721 3466 separata
744 3386 917 3449 adverbium
940 3397 999 3457 est,
1029 3390 1128 3450 iuncta
1158 3390 1327 3451 coniunctio
1355 3398 1399 3451 est
1427 3398 1456 3451 et
1483 3408 1606 3468 gravem

314 3495 469 3549 accentum
491 3489 521 3547 in
544 3490 752 3550 coniunctione
773 3487 876 3566 babet,
900 3491 931 3550 in
953 3488 1092 3551 adverbio
1115 3498 1243 3554 acutum.
1281 3509 1413 3573 quoquc,
1437 3494 1463 3553 si
1478 3490 1605 3553 ablativo
1622 3510 1651 3551 so

315 3592 397 3651 casui
419 3607 479 3650 non
500 3590 693 3669 respondeat,
722 3592 891 3652 coniunctio
915 3600 972 3659 est;
1003 3594 1028 3653 si
1056 3590 1214 3654 ablativum
1244 3593 1395 3664 babuerit,
1425 3612 1602 3675 pronomen,

316 3698 348 3751 ut
369 3710 385 3752 a
407 3708 534 3771 quoque.
579 3710 687 3771 porro,
720 3695 746 3753 si
768 3711 838 3753 reru
860 3693 1018 3771 signillcat,
1048 3696 1218 3755 coniunctio
1241 3702 1300 3763 est;
1323 3698 1348 3755 si
1371 3696 1474 3773 longe,
1497 3694 1604 3757 adver-

315 3792 395 3853 bium
424 3792 573 3870 temporis.
612 3793 745 3872 quando,
774 3794 800 3853 si
826 3800 971 3873 quatenus
998 3794 1142 3871 signillcat
1170 3797 1337 3857 coniunctio
1365 3806 1425 3866 est,
1455 3798 1480 3858 si
1507 3796 1602 3857 dicam

385 3996 447 4047 cod.
467 3995 619 4048 Bern.Xlll
639 3993 746 4047 2—3*.
811 3995 959 4045 'lultimam
1010 3996 1137 4047 Seretion
1190 4000 1268 4049 adeo
1287 4000 1391 4051 deorum
1444 4002 1602 4052 tamennon

385 4066 418 4117 14
431 4066 611 4130 ysterologiam
666 4067 699 4116 lll
717 4074 742 4115 et
756 4066 835 4132 igitur
852 4065 901 4116 hee
919 4065 1011 4115 iselam
1029 4066 1077 4116 bne
1092 4068 1170 4131 igitur
1185 4069 1308 4134 nergllius
1362 4072 1394 4124 19
1407 4070 1442 4137 ut]
1460 4072 1491 4121 ad
1545 4070 1600 4137 aur]

315 4146 397 4186 autern
469 4134 503 4184 20
522 4149 622 4198 quoque
639 4136 734 4185 antemi
752 4148 835 4185 autem
907 4137 940 4185 at
957 4134 994 4200 ut]
1016 4148 1041 4186 et
1110 4138 1280 4202 copulatiorem
1300 4154 1346 4204 pro
1364 4141 1542 4191 disiunctiuam

314 4208 349 4255 26
367 4202 403 4270 ev]
420 4212 464 4253 ant
513 4219 558 4269 per
576 4201 602 4270 d]
622 4206 715 4270 perde
765 4204 800 4256 30
813 4204 947 4256 adcentum
964 4208 1042 4268 (corr.
1058 4207 1091 4258 al.
1105 4224 1170 4261 mon.
1192 4208 1337 4275 accentum)
1354 4212 1379 4259 in
1399 4212 1601 4261 eovtlunctionem

317 4326 618 4335 —-—.—.—-—-

385 4411 397 4462 l
414 4410 473 4473 qnia
490 4425 568 4472 quere
583 4408 684 4475 quidem
703 4410 1011 4463 resalutantem.
1026 4414 1111 4475 potius
1127 4414 1195 4477 quia,
1211 4424 1372 4481 quapropter,
1392 4417 1520 4478 quoniam.
1539 4432 1601 4479 qno-

316 4480 382 4529 niam
401 4481 511 4544 quidem,
527 4488 555 4529 ut
571 4479 634 4529 boec
648 4483 829 4546 quoquedeest
845 4498 877 4531 ea
890 4498 953 4546 pirae
966 4482 1131 4544 praecedunt,
1164 4484 1182 4531 el
1196 4486 1290 4537 Donet.
1303 4501 1330 4547 p.
1345 4483 1433 4547 38118
1445 4486 1598 4547 pertineant.

314 4566 347 4599 ea
361 4560 441 4600 autem
453 4566 518 4616 quae
530 4560 669 4617 sequuntur
680 4552 716 4600 ad
729 4553 860 4601 uberem
878 4553 1054 4603 coniunctionis
1064 4561 1089 4601 et
1106 4500 1214 4603 alidum
1224 4556 1333 4616 portium
1349 4558 1471 4605 orationis
1486 4564 1602 4620 spectare

314 4621 427 4669 videnum
496 4617 661 4684 8lloratius]
680 4624 754 4683 epod.
772 4623 803 4682 5,
823 4621 836 4670 l
855 4628 881 4669 at
901 4635 915 4668 o
936 4622 1040 4671 deornm
1059 4622 1184 4685 quidquid
1199 4625 1222 4672 in
1243 4624 1313 4673 coelo
1332 4626 1398 4691 regit
1470 4626 1498 4676 ll
1519 4624 1598 4691 erma]

320 4692 396 4754 V'erp.
415 4690 535 4743 Aeo.ll
590 4691 622 4741 12
641 4688 798 4757 primusque]
825 4692 904 4754 Verp.
921 4692 984 4740 Aeo.
1001 4693 1021 4740 ll
1040 4691 1090 4741 aba
1146 4692 1601 4763 terrqnstr21Verp.Aen‚veus

385 4759 415 4809 17
437 4758 535 4827 llisces]
555 4762 634 4826 Verp.
654 4762 720 4811 Aeo.
740 4760 847 4811 1111531
903 4758 1048 4829 Sallustius]
1069 4762 1142 4816 Catil.
1157 4762 1209 4824 ml
1264 4764 1298 4813 21
1316 4762 1497 4832 subiectisque]
1521 4767 1600 4830 Verp.

317 4828 382 4879 Aen.
400 4830 420 4877 ll
438 4828 471 4881 37
541 4832 575 4881 26
592 4846 623 4879 ue
642 4828 777 4897 trepidate]
800 4830 879 4894 Verp.
895 4830 960 4884 Aeo.
977 4832 1045 4881 Vllll
1062 4832 1111 4883 114
