3525 5600
324 343 384 407 154
889 342 1042 408 nonnata

345 468 366 508 p.
381 457 468 494 rar-ss
482 454 503 494 1..
1723 491 1724 494 ,

321 537 356 595 in
379 542 457 596 tota
480 535 691 614 provincia,
722 533 838 594 latine
867 552 921 593 me
945 536 1095 605 scitote,
1120 552 1189 594 non
1213 535 1453 594 accusatorie
1475 533 1631 611 loqui’t·
1723 557 1724 618 3

321 644 350 696 ot
372 634 498 697 subiecit
523 643 626 714 postca
654 636 780 696 ‘ctiam
809 634 987 714 planius’‚
1017 635 1113 698 noluit
1140 636 1240 697 dicere
1268 635 1434 697 ‘latinius’.
1480 651 1555 711 ergo
1584 652 1617 693 ea

321 741 469 818 reeipiunt
490 740 747 817 conparationem,
771 757 847 818 qum
870 747 939 800 sunt
967 737 1119 818 qualitatis
1141 745 1172 799 et
1192 739 1373 818 quantitatis,
1418 737 1493 798 lraec
1517 745 1617 796 tamen

320 841 420 918 regula
448 858 508 901 non
536 842 678 909 recurrit,
707 840 738 900 id
765 850 811 901 est
839 850 897 902 non
927 842 1025 901 omnia
1055 841 1190 910 nomina,
1220 858 1296 920 quae
1324 847 1393 900 sunt
1415 835 1568 918 qualitatis
1591 843 1620 896 et
1723 919 1724 924 ἵ

319 944 503 1022 «promimus,
526 942 675 1022 recipiunt
696 944 948 1023 conparationem.
994 960 1070 1022 quae
1093 952 1190 1003 autem
1214 951 1426 1022 conparantur,
1449 947 1521 1002 sunt
1545 955 1642 1016 qua-s

318 1045 408 1104 litatis
430 1050 460 1104 et
481 1045 659 1123 quantitatis.
696 1062 754 1105 non
778 1046 875 1104 omnis
898 1043 980 1106 verhi
1008 1063 1095 1105 causa
1124 1045 1173 1125 qui
1203 1025 1326 1122 navigat
1348 1044 1534 1123 gubernator
1564 1049 1617 1108 est,

318 1147 369 1206 scd
398 1148 448 1226 qui
481 1145 664 1223 gubernator
698 1155 744 1207 est
778 1147 903 1224 navigat.
949 1165 1016 1208 nam
1045 1165 1114 1208 ecce
1142 1148 1334 1208 inveniuntur
1361 1144 1457 1226 aliqua
1493 1145 1618 1206 nomina

318 1248 466 1328 qualitatis
488 1256 518 1308 et
539 1250 710 1325 quantitatis
733 1256 763 1309 et
784 1267 843 1309 non
866 1250 1014 1328 rccipiunt
1036 1251 1289 1329 conparationem.
1335 1247 1498 1308 mediocris
1521 1264 1617 1306 unum

317 1359 430 1410 tantum
453 1349 575 1428 gradum
600 1349 701 1410 habet:
737 1368 825 1410 nemo
848 1349 920 1410 dicit
942 1351 1121 1412 mediocrior
1144 1350 1403 1412 mediocrissimus
1449 1350 1519 1429 pius
1543 1349 1617 1428 piis·
1723 1415 1724 1436 3

317 1453 410 1512 simus
437 1452 512 1512 divos
538 1450 629 1512 lrabet
649 1452 772 1530 gradus,
804 1453 962 1530 positivum
987 1462 1016 1514 et
1038 1451 1258 1532 superlativum.
1303 1469 1480 1532 quamquam
1505 1457 1538 1511 et
1562 1449 1654 1512 lrocm

318 1556 467 1633 piissimos
490 1555 665 1632 vituperavit
679 1555 783 1614 Cicero
805 1555 836 1614 in
852 1553 1040 1633 Philippicis:
1065 1554 1137 1615 dicit
1158 1559 1236 1615 ‘non
1261 1561 1359 1633 potest
1381 1553 1534 1633 piissimus
1560 1549 1618 1611 dici
1723 1561 1724 1572 ¹

318 1675 371 1735 per
399 1675 499 1716 rerum
527 1660 689 1717 naturam’.
734 1654 893 1716 insultabat
920 1652 1081 1734 dntolnioJ
1106 1660 1173 1716 ‘tu’
1202 1658 1243 1716 ait
1276 1659 1378 1716 ‘utere
1406 1673 1527 1735 semper
1559 1653 1618 1714 lroc

318 1757 423 1828 verbo,
447 1759 625 1838 piissimus'.
671 1764 770 1818 tamen
792 1758 901 1836 Caper,
925 1755 976 1818 ille
999 1759 1138 1835 magister
1161 1760 1283 1836 Augusti
1305 1759 1452 1828 Caesaris,
1477 1754 1620 1817 elabora·

318 1861 358 1920 vit
380 1859 636 1920 vehementissime
658 1858 747 1920 etde
770 1858 904 1939 epistulis
920 1859 1070 1920 Ciceronis
1093 1857 1211 1938 collegit
1232 1860 1306 1920 haec
1329 1859 1431 1928 verba,
1456 1858 1509 1919 ubi
1532 1857 1618 1918 dixe·
1723 1927 1724 1938 .

317 1971 364 2024 rat
390 1964 454 2042 ipse
481 1963 585 2024 Cicero
615 1962 772 2040 piissimus.
818 1963 895 2023 scias
924 1963 1062 2041 quoniam
1092 1961 1288 2023 amaritudine
1316 1959 1466 2023 rhetorica
1496 1960 1559 2021 lroc
1592 1963 1654 2030 eilf.
1723 1967 1724 2058 t

318 2064 480 2133 obiecerat,
513 2073 545 2125 ut
577 2063 690 2124 diceret
722 2066 797 2124 ‘non
830 2071 927 2143 potest
958 2082 1012 2142 per
1047 2083 1146 2124 rerum
1181 2072 1315 2126 naturam
1345 2063 1403 2123 dici
1431 2063 1618 2142 piissimus’.

318 2183 389 2244 ergo
417 2173 462 2225 est
488 2163 645 2243 aliquando
667 2167 809 2244 positivus
830 2175 861 2226 et
880 2165 1090 2246 superlativus,
1121 2173 1154 2227 ut
1176 2167 1243 2246 pius
1265 2166 1429 2246 piissimus,
1453 2163 1618 2245 aliquando

317 2268 459 2345 positivus
487 2276 518 2328 ct
545 2269 764 2346 conparativus,
794 2276 826 2327 ut
847 2287 937 2329 senex
960 2269 1075 2337 senior,
1099 2267 1256 2349 aliquando
1279 2269 1485 2348 conparativus
1509 2273 1540 2327 et
1565 2285 1615 2326 su·

316 2369 488 2450 perlativus,
523 2378 556 2430 ut
578 2369 712 2431 ulterior
744 2368 882 2440 ultimus,
918 2371 1074 2452 aliquando
1108 2371 1305 2450 superlativus
1332 2379 1462 2439 tantum,
1497 2377 1530 2429 ut
1562 2387 1617 2428 no-

309 2467 459 2533 sissimus.

215 2591 303 2649 tam.
399 2575 452 2636 Est
473 2572 540 2636 talis
562 2574 661 2654 regula
685 2584 819 2655 recepta:
843 2583 928 2638 recta
950 2577 1122 2655 conparatio
1145 2587 1203 2646 est,
1221 2593 1296 2654 quae
1319 2577 1445 2655 primam
1468 2572 1616 2655 syllabam

315 2695 376 2736 non
398 2683 507 2746 mutat,
531 2685 564 2738 ut
584 2686 654 2758 puta
677 2678 792 2738 doctus.
838 2685 868 2737 et
891 2677 956 2740 vide
978 2696 1032 2757 per
1054 2697 1158 2738 omnes
1181 2677 1291 2756 gradus
1313 2678 1452 2755 quoniam
1474 2677 1533 2736 ista
1559 2677 1617 2736 erit

316 2777 426 2857 syllaba
443 2779 538 2858 prior,
563 2780 667 2841 doctus
683 2779 797 2841 doctior
813 2779 1018 2852 doctissimus,
1041 2800 1099 2842 non
1117 2783 1254 2842 mutavit:
1278 2779 1348 2841 lelix
1364 2777 1479 2841 felicior
1503 2777 1617 2840 lelicis·

316 2882 424 2950 simus,
453 2900 512 2942 non
541 2884 677 2954 mumvit,
706 2883 757 2943 sed
781 2885 944 2964 permansit
966 2886 994 2944 le
1015 2882 1137 2963 ubique.
1182 2885 1369 2945 econtrario
1393 2883 1511 2941 nomina
1536 2899 1616 2960 quac

315 2989 429 3043 mutant
450 2983 584 3046 anomala
606 2992 687 3055 sunt,
712 2981 807 3047 malus
829 2987 914 3065 peior
935 2986 1094 3065 pessimus,
1119 2987 1255 3067 mutavit:
1286 2984 1383 3046 bonus
1405 2981 1509 3045 melior
1534 2985 1615 3063 opti·
1629 3018 1652 3054 ς,
1723 3044 1724 3057 p

315 3103 398 3155 mus,
427 3088 563 3146 urenevit:
594 3105 718 3166 magnus
744 3089 838 3148 maior
867 3088 1027 3157 maximus,
1057 3106 1127 3149 ecce
1156 3090 1288 3149 mutavit.
1335 3095 1365 3148 et
1385 3089 1439 3147 ista
1455 3078 1532 3145 'sunt
1555 3086 1615 3147 tria
1723 3154 1724 3163 χ

315 3195 428 3249 tantum
457 3188 572 3257 rnodo,·
590 3207 664 3269 quae
692 3196 821 3260 mutant,
851 3188 947 3251 bonus
974 3188 1068 3249 malus
1095 3207 1231 3267 magnus.
1278 3197 1307 3251 et
1334 3208 1367 3249 ca
1391 3189 1510 3249 nomina
1533 3188 1614 3249 reci·
1667 3264 1669 3267 ¹
1723 3208 1724 3255 ἢ

316 3290 402 3367 piunt
424 3292 674 3369 conparationem,
699 3310 774 3371 quae
797 3298 867 3352 sunt
888 3288 1036 3371 qualitatis
1059 3298 1088 3351 et
1111 3293 1290 3368 quantitatis.
1316 3291 1368 3351 sed
1391 3309 1450 3351 non
1474 3289 1614 3351 ulricum-

316 3409 374 3469 que
403 3391 528 3470 ‹paralitas
557 3401 585 3452 et
614 3394 762 3472 quantitas
788 3393 891 3462 luerit,
923 3395 1008 3454 etiam
1032 3395 1204 3473 conparatio
1226 3396 1341 3473 integra
1365 3398 1419 3454 est.
1465 3408 1533 3452 nam
1557 3391 1613 3452 ali·
1723 3468 1724 3481 χ

316 3492 435 3572 quando
461 3491 464 3572 l
487 3495 654 3555 invenimus
676 3502 728 3556 aut
750 3514 841 3557 unum
864 3494 988 3574 gradum
1011 3502 1061 3555 aut
1083 3495 1165 3556 duos.
1197 3496 1284 3576 plane
1300 3495 1454 3557 sciendum
1477 3503 1522 3554 cst
1544 3513 1651 3561 essem
1723 3556 1724 3563 χ

316 3593 413 3673 aliqua
441 3597 560 3657 nomina
595 3613 669 3673 quae
699 3595 871 3658 naturaliter
899 3598 1009 3675 gradus
1035 3617 1106 3659 suos
1135 3605 1329 3678 corrumpant
1356 3598 1392 3659 ad
1419 3598 1611 3675 significatio-

316 3716 399 3767 nem,
423 3697 452 3757 id
476 3705 522 3757 est
543 3706 611 3759 sont
632 3698 729 3777 aliqua
753 3701 870 3761 nomina
895 3716 969 3777 quac
990 3700 1162 3763 naturaliter
1183 3700 1318 3762 videntur
1340 3720 1405 3761 esse
1426 3700 1612 3769 diminutiva,

315 3801 431 3859 ratione
454 3808 552 3860 tamen
574 3802 777 3880 cooperativa,
806 3800 1033 3881 grandiusculus
1056 3800 1235 3865 maiusculus
1258 3801 1450 3863 minusculus.
1490 3800 1613 3879 quando

316 3900 441 3961 dicimus
463 3903 574 3973 maius,
603 3904 667 3963 sinc
690 3902 779 3964 duldo
802 3906 1010 3984 conparativus
1033 3912 1091 3972 est:
1124 3902 1304 3965 maiusculus
1326 3904 1531 3965 diminutivum
1554 3912 1611 3963 est.

316 4021 385 4062 ecce
413 4002 568 4063 diminutio
596 4014 642 4064 est
670 4024 685 4065 a
712 4007 909 4084 conparativo.
956 4024 1026 4084 crgo
1056 4004 1174 4083 quando
1197 4005 1263 4066 dico
1286 4005 1524 4093 grandiusculus,
1550 4026 1650 4085 quos.

316 4104 403 4164 niodo
427 4102 521 4165 ‹letno
537 4105 637 4167 dicere
660 4110 730 4168 istas
751 4118 851 4187 partes
875 4110 1033 4169 orationis?
1057 4110 1176 4170 nomina
1199 4115 1267 4169 sunt
1287 4107 1439 4169 intellectu
1462 4128 1610 4188 conpara-

315 4208 388 4276 tiva,
412 4209 613 4269 enuntiatione
634 4208 820 4280 diminutiva,
837 4209 866 4270 id
883 4218 927 4271 est
949 4228 1023 4272 sono
1039 4210 1226 4279 diminutiva,
1242 4210 1393 4271 intellectu
1409 4212 1610 4291 conparativo.

384 4435 400 4481 2
419 4432 494 4480 etiam
514 4431 615 4495 planius
632 4426 690 4482 Ga*
706 4432 782 4480 etiam
800 4432 901 4497 plenius
914 4435 939 4483 A
956 4434 1030 4482 etiam
1051 4474 1140 4488 ,,,,,
1156 4432 1256 4499 plonius
1275 4448 1324 4482 seo
1336 4433 1393 4495 sere
1411 4434 1501 4485 litteris
1520 4434 1612 4484 deletis

317 4502 341 4549 lt
392 4502 422 4551 ll
442 4502 570 4566 uituperat
587 4500 626 4549 A:
645 4501 801 4564 uitupereuit
819 4504 901 4553 cicero
919 4506 1001 4552 cicero
1021 4504 1044 4551 in
1065 4504 1095 4552 C·
1136 4504 1162 4551 in
1182 4500 1345 4567 Philippicis]
1365 4502 1513 4555 x11119u
1532 4518 1608 4569 porro

316 4587 346 4619 ne
362 4572 418 4635 pios
436 4572 550 4635 quidem,
566 4572 611 4618 sed
632 4571 762 4637 piissimos
780 4574 890 4636 quaeris,
904 4583 928 4621 et
948 4574 1016 4637 qnod
1028 4574 1132 4622 verbom
1153 4574 1255 4622 omnino
1271 4572 1367 4621 nullon.
1384 4574 1408 4622 in
1427 4576 1515 4641 lingua
1530 4574 1609 4621 latina

315 4650 361 4698 est,
379 4641 403 4688 id
421 4650 524 4706 propter
539 4650 608 4691 tuam
628 4640 740 4690 divinam
762 4643 879 4706 pietatem
899 4657 991 4693 novum
1010 4643 1109 4692 inducis
1174 4645 1205 4694 12
1221 4644 1305 4691 nrvtonl
1321 4643 1345 4690 A
1417 4644 1448 4694 13
1467 4643 1609 4693 elaborauit

317 4709 404 4758 aaa*
424 4711 590 4761 laborauitA
662 4714 694 4763 14
712 4711 886 4773 colligitAB
961 4712 993 4764 lt
1018 4714 1172 4763 obiceratB
1247 4714 1276 4763 21
1305 4722 1372 4762 recta
1395 4714 1540 4767 ΜΛΝ]

315 4782 349 4829 ’24
363 4783 503 4845 permansit
521 4781 534 4830 l
550 4783 643 4844 ubique
663 4782 736 4832 BCo
754 4782 892 4848 permansit
911 4783 1004 4845 ubique
1024 4783 1048 4831 A
1118 4785 1152 4833 '28
1171 4784 1322 4844 ubicumque
1341 4782 1467 4846 qualitatis
1486 4791 1510 4832 et
1528 4798 1607 4845 quen-

315 4852 392 4899 titatis
412 4849 436 4899 A
505 4850 702 4903 30in11enimua
723 4862 766 4901 aut
786 4868 861 4902 unum
881 4852 936 4901 ΑΒ
955 4854 1099 4902 iuuenimus
1115 4854 1189 4903 etiarn
1208 4868 1285 4902 unum
1304 4854 1342 4903 Cb
