3525 5600
639 419 875 482 COllllENTVll
1102 443 1107 454 ¹
1344 421 1406 486 227

1221 541 1243 582 p.
1256 531 1346 572 tut-uc
1360 530 1383 571 L.

145 616 252 674 tutorum
270 614 396 686 ternpus.
440 609 513 668 istae
536 614 603 668 sunt
626 625 696 685 ergo
726 609 958 686 coniugationes,
989 610 1083 670 etsie
1105 614 1219 671 serrata
1243 619 1312 672 sunt
1333 617 1408 672 tem·

144 733 213 796 poro.
232 729 283 772 nec
305 708 398 770 aliter.
443 711 549 770 transit
575 711 606 770 in
628 727 749 788 genere.
1702 704 1703 745 ³

210 815 315 875 Genera
332 810 489 873 verborum
504 813 561 872 istu
577 820 653 881 sunt,
671 813 764 872 activa
776 814 890 892 passiva
913 820 1018 874 neutra
1034 815 1202 874 communia
1218 812 1406 893 deponentia.
1420 824 1479 884 413,
1493 824 1526 872 35

143 920 245 978 diximus
265 915 351 974 etiam
371 915 402 973 in
425 915 574 994 principio
590 913 668 992 quod
684 913 839 974 uoluerunt
852 915 1037 992 grammatici
1051 915 1107 976 ista
1122 915 1306 978 differentiae
1321 935 1409 978 causa
1421 890 1509 954 ⁵⁰⁷’3
1702 932 1703 983 l

124 1018 316 1083 uintroducere.
340 1024 472 1076 ceterum
485 1034 576 1076 omne
590 1015 714 1077 verbum
727 1015 800 1077 duas
811 1033 860 1076 res
871 1017 1025 1094 significat,
1042 1023 1093 1077 aut
1107 1020 1222 1096 agentis
1233 1025 1284 1079 aut
1296 1021 1409 1098 patien-
1702 1002 1703 1045 t

142 1125 175 1190 tis,
187 1139 233 1180 nec
243 1125 338 1198 potest
349 1117 405 1178 alia
416 1119 543 1179 inveniri
556 1119 741 1197 significatio.
760 1118 901 1200 quicquid
914 1127 960 1179 est
969 1119 1001 1178 in
1013 1119 1227 1196 significatione
1239 1119 1407 1193 verborum,

143 1232 181 1284 aut
192 1221 292 1300 agentis
307 1227 352 1280 est
365 1228 416 1282 aut
426 1221 574 1300 patientis.
598 1221 622 1280 si
634 1220 716 1281 dicas
730 1219 806 1298 lego,
821 1223 936 1299 agentis
951 1228 1008 1291 est;
1025 1223 1051 1281 si
1066 1220 1147 1283 dicas
1162 1221 1254 1300 legor,
1270 1225 1411 1302 patientis

141 1334 181 1387 est
205 1323 268 1402 quid
282 1325 306 1384 si
323 1322 458 1385 neutrale
471 1323 580 1384 luerit?
595 1341 719 1384 neccsse
736 1330 780 1383 est
791 1330 841 1384 aut
851 1324 993 1402 patientis
1003 1323 1041 1383 sit
1052 1331 1101 1384 eut
1112 1326 1235 1402 agendo.
1261 1334 1409 1388 eocenato

141 1435 163 1489 et
181 1424 276 1506 vapulo
298 1432 458 1506 utrumque
486 1425 645 1505 significat,
669 1423 721 1486 sed
742 1427 746 1503 Ι
766 1425 850 1487 ‘nato
870 1429 943 1504 ego’
966 1427 1081 1504 agentis
1104 1434 1160 1495 ect;
1184 1426 1290 1506 vapulo
1311 1435 1410 1488 autern

115 1527 238 1611 equando
258 1526 332 1597 dieo,
358 1546 413 1607 ego
434 1529 541 1608 patior,
588 1545 657 1589 ecce
679 1535 818 1588 neutrum
839 1526 963 1588 uerbum
987 1534 1041 1598 est,
1065 1533 1214 1589 ettamen
1241 1530 1331 1590 seruit
1351 1527 1410 1590 illie

139 1630 232 1692 duabus
253 1629 523 1708 significationibus.
568 1631 640 1691 itern
663 1628 768 1710 loquor
790 1631 855 1710 quis
877 1631 991 1690 nesciat
1013 1630 1151 1709 quoniam
1177 1629 1329 1711 deponens
1343 1649 1408 1692 rer·

138 1735 196 1795 bun
215 1733 270 1792 esti
294 1739 324 1792 et
346 1730 437 1792 nihilo
460 1734 568 1802 minus,
592 1730 710 1812 pando
733 1731 799 1794 dieo
822 1731 948 1810 ‘loquor
970 1736 1053 1810 ego’,
1077 1732 1155 1792 lacio
1177 1751 1249 1811 ego:
1274 1738 1303 1793 et
1318 1731 1408 1812 depo-

138 1854 197 1896 nens
216 1842 258 1895 est
279 1839 309 1895 et
331 1832 419 1895 habet
441 1836 555 1913 agentis
576 1835 831 1913 significationem.
862 1851 934 1912 ergo
956 1852 1016 1895 non
1032 1840 1130 1913 potest
1150 1833 1216 1895 lieri
1232 1842 1264 1894 ut
1277 1835 1410 1896 invenias

138 1937 239 1998 uerbum
259 1944 292 1998 ut
314 1935 393 1996 aliud
416 1936 576 2014 significet,
607 1952 694 2015 quam
718 1943 767 1998 aut
795 1938 910 2015 agentis
932 1943 983 1997 aut
1008 1937 1157 2017 patientis.
1200 1944 1299 1998 temen
1322 1955 1410 1998 causa

112 2037 301 2100 ndillerentiae
329 2045 453 2118 propter
480 2039 655 2100 inchoantes
682 2039 735 2099 ista
764 2039 948 2117 grammatici
981 2037 1160 2104 docuerunt.
1196 2045 1226 2098 et
1253 2037 1411 2101 voluerunt

138 2143 241 2202 activum
263 2139 387 2202 verbum
410 2158 474 2200 esse
497 2140 577 2221 quod
599 2142 631 2202 in
653 2160 670 2202 o
694 2142 753 2201 exit
776 2148 806 2202 et
828 2146 947 2220 accepta
968 2159 985 2201 r
1007 2139 1103 2201 littere
1130 2141 1201 2202 tacit
1228 2159 1264 2202 ex
1286 2159 1320 2202 se
1342 2160 1409 2221 pas·

137 2245 220 2304 sinum.
261 2250 331 2323 puta
353 2241 434 2321 lego:
465 2249 584 2323 tempta,
608 2251 708 2306 utrum
732 2241 823 2304 latine
844 2260 1003 2322 possumus
1024 2241 1124 2303 dicere
1146 2240 1228 2321 lego,
1260 2245 1319 2304 nisi
1340 2262 1408 2324 pos·

137 2363 219 2404 sunus
245 2343 342 2406 dicere
370 2343 463 2424 legor.
509 2361 580 2424 ergo
609 2352 733 2426 apparet
755 2346 897 2423 quoniarn
918 2343 989 2406 illud
1012 2346 1137 2406 activum
1167 2351 1225 2414 est,
1255 2346 1407 2423 quianon

135 2454 215 2525 potest
234 2446 315 2509 aliter
337 2465 403 2509 esse
425 2447 560 2517 activum,
584 2448 640 2508 nisi
661 2457 782 2527 accepta
803 2467 819 2509 r
841 2446 939 2509 littera
961 2447 1049 2507 iaciat
1068 2446 1225 2526 passivum.
1253 2447 1327 2507 itenr
1349 2465 1409 2507 non

110 2569 127 2607 n
136 2555 216 2627 potest
236 2567 298 2611 esse
319 2551 483 2630 passivum,
512 2551 571 2610 nisi
598 2547 702 2610 redeat
723 2550 753 2611 in
776 2550 912 2610 activum.
957 2547 1055 2628 legor,
1086 2548 1156 2610 tolle
1183 2546 1253 2609 inde
1281 2567 1311 2619 r,
1339 2549 1409 2609 iacit
1443 2585 1449 2601 ·

136 2651 202 2730 lego;
234 2658 355 2732 apparet
383 2669 456 2728 ergo
483 2653 621 2729 quoniam
649 2653 797 2732 passivum
828 2659 880 2712 est.
931 2669 1029 2730 neque
1057 2659 1125 2712 ante
1158 2650 1284 2712 activum
1312 2657 1411 2732 potest

137 2770 201 2823 esee,
228 2754 281 2817 uisi
311 2752 399 2816 iaciat
427 2755 710 2835 passionumque
738 2758 807 2815 ante
833 2753 981 2834 paeeivurn
1008 2758 1106 2833 potest
1128 2771 1207 2825 ense,
1242 2754 1300 2814 nisi
1321 2752 1410 2815 iaciat

136 2857 252 2917 rodium.
296 2853 362 2916 uide
385 2854 586 2917 definitionem
608 2854 696 2917 Plinii
719 2854 857 2926 Secundi,
881 2871 971 2933 quern
992 2855 1028 2915 ad
1051 2854 1171 2916 modurn
1194 2854 1324 2916 delinivit
1346 2855 1408 2916 ior·

136 2957 203 3027 titer,
226 2965 254 3018 et
273 2957 418 3027 delinivit,
449 2957 517 3038 quid
547 2964 592 3019 est
614 2958 754 3027 activum,
780 2956 855 3038 ¹quid
884 2958 1041 3037 passivum.
1086 2964 1117 3017 et
1143 2958 1168 3018 si
1195 2974 1264 3018 vere
1287 2975 1410 3037 quaeras

108 3059 276 3121 useoundum
297 3062 459 3131 rationem,
482 3058 539 3120 hoe
562 3060 707 3140 estquod
729 3058 802 3121 dixit
824 3058 937 3120 Plinius
959 3058 1128 3121 Secundus:
1158 3059 1229 3120 dicit
1255 3056 1410 3140 ‘aetilrum

136 3162 261 3239 estquod
283 3162 340 3224 alio
361 3163 494 3242 patiente
521 3179 576 3223 nos
603 3161 743 3233 lacimuS,
772 3162 922 3241 passivum
945 3168 990 3222 est
1020 3160 1098 3241 quod
1121 3159 1179 3221 alio
1206 3161 1410 3222 taetentevnos

135 3262 271 3339 petinur'.
316 3272 350 3326 ut
377 3272 462 3344 puta,
491 3263 516 3324 si
538 3263 619 3325 dicas
647 3262 772 3326 verbero
802 3262 960 3332 verberor,
991 3281 1060 3323 ecce
1083 3263 1205 3343 proprie
1233 3264 1411 3324 activum-et

137 3366 266 3441 passivum
281 3374 333 3427 est.
358 3364 477 3446 quando
493 3366 574 3427 enim
589 3366 713 3427 dicimus
727 3364 863 3435 verbero,
881 3384 936 3444 ego
951 3364 1037 3434 laoio,
1053 3365 1128 3426 alter
1142 3366 1268 3445 petitum
1291 3364 1410 3443 quaudo

136 3463 243 3527 dicimus
263 3466 413 3537 verberor,
437 3466 511 3529 alter
532 3467 611 3540 lacit,
636 3486 690 3547 ego
713 3469 820 3548 patior.
863 3468 919 3527 ista
941 3475 1010 3527 sunt
1030 3468 1153 3547 proprie
1175 3469 1267 3528 activa
1293 3476 1323 3528 et
1343 3486 1410 3548 pas-

110 3568 192 3636 ostra,
214 3586 285 3649 quae
308 3575 463 3630 versentur
485 3568 563 3630 inter
586 3568 658 3629 duas
679 3587 832 3649 personas.
866 3570 922 3630 ista
943 3570 1080 3650 proprie;
1104 3568 1153 3630 illa
1176 3587 1255 3640 uero,
1279 3568 1330 3631 ubi
1351 3587 1410 3630 una

136 3685 247 3745 pcrsme
266 3679 424 3749 utrumque
448 3672 516 3749 agit,
540 3688 601 3731 non
623 3670 759 3733 ridentur
780 3673 903 3751 proprie
918 3670 996 3732 dieta
1012 3690 1086 3741 esse,
1110 3671 1161 3732 sed
1182 3670 1312 3731 abusive.
1342 3690 1410 3732 narn

63 3772 71 3801 ·
136 3772 237 3848 quando
257 3772 321 3835 dico
344 3782 429 3843 nato,
454 3790 510 3851 ego
532 3770 652 3852 quidem
675 3791 744 3851 ago,
768 3772 821 3834 sed
844 3771 919 3834 alter
940 3791 1001 3834 non
1022 3774 1148 3853 patitur,
1171 3771 1201 3833 id
1225 3780 1269 3833 est
1291 3773 1410 3853 quando

138 3871 192 3934 dico
214 3882 285 3945 nato,
310 3894 365 3955 ego
389 3873 518 3952 quidem,
542 3880 684 3953 quantum
707 3874 743 3935 ad
766 3894 814 3936 me
836 3876 980 3955 pertinet,
1004 3892 1073 3953 ago,
1098 3882 1241 3955 quantum
1264 3875 1299 3935 ad
1322 3874 1409 3937 aliern

137 3992 196 4045 ren,
218 3985 398 4039 nontamen
420 3978 540 4055 petitur.
571 3976 732 4037 etidcirco
754 3976 843 4038 uerba
867 3979 961 4038 activa
975 3976 1144 4057 specialiter
1165 3977 1239 4037 haec
1255 3976 1409 4046 dicuntur;

114 4074 177 4137 eilia
195 4096 262 4139 rero
283 4088 388 4142 neutra
411 4079 562 4150 dicuntur,
586 4096 647 4139 non
670 4079 807 4158 quoniam
831 4086 971 4140 neutrum
993 4079 1173 4157 significent,
1197 4078 1248 4139 scd
1271 4080 1410 4157 quoniam

138 4196 186 4239 non
205 4188 357 4261 utrumque
379 4182 556 4259 significant,
578 4180 609 4240 id
632 4186 678 4241 est
699 4178 787 4241 alium
810 4181 919 4253 iacere,
943 4180 1031 4242 aliurn
1054 4181 1126 4260 pati.
1164 4197 1256 4258 quare
1278 4178 1336 4239 hoc
1357 4178 1411 4240 tibi

195 4366 211 4417 u
227 4370 335 4418 inuenire
352 4368 377 4419 A
429 4370 446 4420 8
465 4368 527 4432 quid
542 4368 565 4417 ei
583 4366 656 4419 Βθα
672 4368 740 4433 quod
758 4368 779 4419 ai
794 4366 819 4417 A
872 4368 890 4419 8
907 4374 951 4418 eut
963 4368 1083 4434 patientie
1101 4366 1133 4419 a*
1151 4376 1178 4417 ut
1190 4367 1309 4432 potientis
1326 4366 1352 4415 A
1359 4364 1413 4415 Bu

196 4436 212 4488 9
230 4448 356 4504 utramque
375 4438 400 4488 A
419 4454 488 4489 coar.
505 4446 638 4501 utrumque
658 4438 684 4487 B
755 4438 788 4488 tt
808 4440 887 4487 cousssa
904 4436 1058 4488 delerentiee
1077 4436 1103 4487 A
1121 4453 1212 4488 causac
1230 4436 1374 4487 differentia
1391 4435 1412 4486 0

141 4508 205 4555 reuse
223 4508 372 4560 differentiae
388 4524 455 4563 corr.
476 4524 569 4559 euersae
585 4508 727 4560 differentia
745 4508 771 4558 B
841 4509 873 4559 15
892 4506 952 4573 iate]
971 4508 1006 4557 ita
1022 4507 1048 4556 A
1119 4508 1150 4558 17
1170 4509 1299 4574 possimus
1318 4506 1411 4572 θροε-

140 4574 178 4621 t'tm
194 4577 218 4625 B
282 4577 339 4647 nisi]
365 4582 388 4631 ei
406 4578 490 4630 ABG
556 4579 734 4643 possimueG
802 4578 836 4628 22
859 4592 917 4628 esse
934 4579 1025 4641 priore
1046 4579 1102 4629 loco
1120 4592 1167 4631 om.
1185 4577 1225 4633 A.
1244 4578 1308 4627 add.
1325 4592 1343 4626 a

140 4642 168 4693 23
183 4646 251 4709 plinii
265 4662 327 4699 corr.
346 4650 425 4715 plenii
443 4648 469 4699 B
486 4648 554 4715 pleni
568 4648 593 4698 A
645 4648 761 4704 defininit
776 4646 874 4698 fortiter
888 4648 964 4698 Bur
981 4647 1068 4697 delinit
1086 4646 1184 4697 fortiter
1198 4646 1224 4697 A
1292 4648 1326 4696 24
1344 4646 1413 4710 qnod

142 4715 261 4775 paseiuurn
277 4720 358 4770 ABG
425 4720 459 4771 25
477 4719 572 4785 plinius
588 4733 657 4772 corr.
678 4719 780 4785 plenius
798 4718 938 4785 Bpleuioa
956 4716 981 4765 A
1051 4718 1084 4766 27
1105 4717 1212 4767 uerbero
1226 4716 1347 4766 uerberor
1362 4716 1414 4767 AB

142 4783 235 4835 uerbere
254 4790 465 4842 etnerberorCo
534 4788 736 4841 uotnternca
753 4789 780 4837 in
799 4787 824 4836 A
894 4787 926 4839 31
946 4786 1047 4835 uidetur
1064 4786 1148 4838 ABG
1198 4785 1335 4837 {licetine
1353 4794 1444 4853 ape-¹

143 4852 226 4903 cialiter
244 4854 300 4907 haee
315 4860 339 4909 A
363 4862 446 4910 aetina
464 4858 547 4908 uotiua
565 4860 709 4925 specialiter
726 4858 789 4908 llaec
805 4858 849 4908 Oa
867 4858 951 4907 uotiua
972 4856 1057 4907 aetina
1073 4857 1137 4908 heco
1156 4856 1301 4923 specialiter
1318 4856 1344 4905 B

143 4919 171 4971 to
185 4937 232 4974 nou
248 4927 383 4997 utrumque]
406 4937 523 4981 neutrum
539 4944 607 4981 corr.
630 4944 680 4979 non
699 4936 833 4993 utrumque
846 4927 871 4976 A

1148 5008 1213 5075 ro*
