3525 5600
278 396 340 465 344
820 398 1025 463 consenuit

305 520 325 560 p.
339 508 396 547 2024.
410 510 435 549 25
450 507 470 547 Ρ.

278 599 414 650 araturam
445 589 526 647 sexui
558 605 615 647 non
646 586 834 665 adsignatur,
864 595 1003 648 neutrum
1032 585 1136 647 haberi
1165 596 1326 667 oporteret.
1371 587 1423 649 sed
1451 590 1482 649 id
1510 609 1569 657 ars,

278 692 326 749 cui
350 690 442 750 voluit
471 689 573 766 generi
603 706 655 747 seu
687 688 812 748 licenter
841 706 893 748 seu
917 689 1058 750 decenter
1081 689 1256 768 adscripsit,
1280 689 1472 760 miricam,
1496 691 1569 751 haec

278 800 374 861 terra,
405 790 461 849 lroc
489 790 612 849 eaelum.
649 790 895 849 consuetudinem
919 798 1019 851 secuta
1042 798 1102 858 est,
1132 798 1164 851 ut
1186 791 1310 851 militem
1333 791 1496 853 masculino
1517 810 1568 870 ge-

279 911 350 953 nere
380 898 533 959 censeret,
563 894 632 969 quia
660 891 715 949 hoc
744 892 873 950 ollleium
904 893 1031 951 marium
1064 900 1125 961 cst;
1158 894 1229 952 item
1260 892 1393 952 Lamiam
1425 895 1569 954 feminino

278 1010 402 1071 genere,
431 995 500 1071 quia
528 993 584 1051 hoc
613 991 789 1052 maleficium
819 993 998 1051 seminarum
1026 994 1148 1071 proprie
1176 993 1296 1053 dicitur.
1341 996 1488 1055 rationem
1515 996 1598 1055 ali-s

277 1112 365 1173 quam
394 1098 506 1153 secuta'
524 1102 584 1163 est,
614 1102 646 1152 ut
675 1112 787 1153 marem
817 1093 976 1162 caelibem,
1013 1095 1155 1154 lendnam
1182 1095 1301 1155 viduam
1329 1096 1507 1175 appellaret,
1536 1104 1570 1156 ut

278 1196 420 1256 discretio
448 1196 512 1274 ipsa
542 1196 695 1255 nominum
724 1194 896 1254 ostenderet
925 1195 1095 1256 solitudinis
1128 1196 1279 1275 disparem
1309 1195 1492 1275 qualitatem.
1536 1216 1570 1257 ac

278 1317 347 1358 sane
377 1316 443 1357 eum
472 1296 545 1356 liaeo
574 1303 686 1357 tantum
715 1298 771 1356 tria
801 1314 910 1373 genera
938 1298 1068 1375 primum
1090 1305 1212 1368 natura,
1236 1305 1298 1358 tum
1320 1298 1502 1358 consuetudo
1523 1297 1568 1357 rel

277 1403 355 1460 ratio
377 1417 476 1459 rerum
500 1397 613 1457 habere
630 1396 779 1467 videatur,
804 1405 853 1456 aut
876 1416 910 1456 ea
937 1398 1052 1458 scilicet
1073 1416 1148 1477 quae
1171 1400 1333 1460 masculina
1355 1407 1437 1468 sunt,
1462 1407 1512 1460 aut
1534 1417 1568 1459 ea

277 1520 352 1581 quae
381 1502 539 1569 feminina,
569 1506 619 1558 aut
646 1518 679 1559 ea
708 1517 782 1577 quae
813 1506 933 1568 neutra,
968 1499 1131 1582 indulctum
1164 1508 1210 1559 est
1236 1519 1292 1579 per
1319 1502 1444 1561 eandem
1473 1509 1567 1562 artem
1585 1519 1610 1556 ιο

277 1610 415 1683 quartum
438 1620 533 1678 genus
554 1607 676 1681 propter
699 1620 734 1659 ea
757 1602 892 1669 nomina,
915 1598 1025 1678 quibus
1046 1602 1127 1660 iuxta
1143 1592 1388 1663 consuetudinem
1409 1611 1568 1683 utrumque

277 1723 371 1783 genus
400 1706 552 1771 convenit,
583 1709 616 1761 ut
642 1702 690 1762 nic
719 1709 749 1761 et
776 1702 848 1761 haee
877 1701 1030 1770 sacerdos,
1065 1705 1134 1781 qula
1167 1704 1223 1764 lroc
1251 1705 1382 1764 officium
1412 1707 1568 1784 utriusque

277 1824 365 1865 sexus
393 1812 447 1865 ost.
494 1803 571 1882 quod
599 1805 668 1880 quia
697 1822 754 1862 non
783 1803 815 1863 m
845 1804 933 1862 unius
960 1805 1094 1879 generis,
1124 1804 1175 1863 sed
1204 1805 1330 1866 duorum
1359 1814 1409 1866 aut
1435 1808 1568 1867 omnium

278 1910 442 1985 particeps,
467 1923 591 1965 numero
613 1904 762 1963 cumulum
794 1903 908 1963 addidit
930 1904 1154 1983 appellaturque
1177 1924 1342 1966 commuue.
1379 1904 1461 1968 'haee
1483 1915 1568 1987 quat-

278 2017 346 2068 tuor
373 2024 481 2085 genera
511 2010 572 2066 sive
601 2005 746 2065 naturalia
776 2008 836 2063 sive
866 2005 1019 2068 artificalis
1047 2008 1179 2084 propriis
1204 2008 1392 2069 declinantur
1424 2008 1567 2069 articulis.
1583 2026 1608 2067 rs

158 2120 217 2183 376,
233 2120 264 2169 15
278 2119 323 2169 est
345 2111 425 2169 enim
449 2108 643 2168 masculinum
667 2109 715 2166 cui
737 2124 861 2167 numero
877 2107 1021 2183 singulari
1044 2126 1114 2167 casu
1137 2111 1320 2169 nominativo
1342 2111 1486 2171 articulus
1507 2113 1568 2170 sire

275 2220 438 2291 pronomen
468 2212 663 2289 praeponitur¹
692 2208 756 2276 hie,
785 2216 817 2267 ut
844 2209 894 2269 lrie
926 2211 1081 2286 tnagister;
1105 2211 1282 2271 femininum
1304 2220 1350 2271 est
1371 2214 1420 2272 cui
1442 2231 1567 2273 numero

274 2313 421 2391 singulari
450 2330 521 2372 casu
549 2312 729 2371 nominativo
757 2310 900 2369 articulus
928 2311 972 2370 vel
1001 2330 1165 2389 pronomen
1192 2316 1388 2392 praeponitur
1415 2314 1505 2384 haec,
1535 2323 1568 2373 ut

276 2415 349 2474 haec
372 2414 469 2483 Musa;
498 2420 637 2473 neutrum
666 2418 711 2470 est
739 2413 787 2470 cui
811 2430 936 2471 numero
959 2412 1103 2489 singulari
1127 2432 1199 2474 casu
1221 2417 1402 2475 nominatim
1424 2415 1568 2475 articulus

276 2516 321 2575 rel
344 2533 508 2595 pronomen
536 2514 730 2594 praeponitur
758 2513 828 2581 lroc,
858 2521 891 2573 ut
913 2513 968 2574 hoc
991 2532 1157 2583 scamnum:
1186 2533 1343 2576 commune
1365 2517 1492 2577 duorum
1514 2534 1565 2593 ge·
1580 2537 1607 2576 eo

276 2636 381 2679 nerum
404 2616 549 2695 estquod
573 2614 768 2675 masculinum
790 2615 1026 2695 femininumque
1054 2617 1215 2694 signidcat,
1245 2625 1279 2677 ut
1299 2618 1349 2677 hic
1372 2625 1402 2677 et
1424 2618 1498 2678 haee
1520 2636 1565 2679 sa-

276 2720 395 2789 cerdos;
419 2737 575 2779 commune
599 2720 691 2777 trium
718 2734 860 2793 generum
890 2718 1035 2796 estquod
1058 2720 1115 2777 tria
1137 2736 1247 2795 genera
1270 2720 1432 2795 significat,
1462 2726 1495 2779 ut
1516 2720 1566 2779 lrie

276 2829 306 2881 et
334 2822 407 2880 lruec
435 2829 465 2880 et
491 2820 547 2879 lroc
575 2820 656 2879 lelix.
701 2828 820 2898 praeter
853 2819 927 2879 llaec
960 2829 1029 2879 sunt
1060 2821 1204 2898 quaedam
1238 2824 1356 2882 nomina
1385 2825 1565 2902 promiscua,

275 2941 350 3001 quae
381 2923 486 2982 Gracci
516 2924 658 2999 epicoena
686 2927 806 2990 noeane
835 2939 891 2980 nec
919 2930 1017 2981 tomen
1046 2921 1210 2998 generibus
1237 2923 1305 2983 ideo
1334 2924 1488 2984 addendus
1520 2933 1567 2984 est

275 3042 431 3092 numerus,
461 3041 528 3082 cum
558 3022 783 3082 declinationem
812 3030 864 3082 aut
890 3022 1082 3083 masculinam
1110 3030 1201 3083 tutam
1223 3024 1352 3084 habeant
1375 3033 1425 3085 aut
1446 3027 1607 3086 femini-25

275 3145 352 3186 nam.
398 3123 471 3184 haee
500 3143 516 3183 a
544 3122 751 3184 communibus
778 3124 833 3182 hoc
862 3124 986 3194 distant,
1016 3125 1094 3204 quod
1122 3115 1277 3184 commuue
1300 3145 1407 3186 nomen
1430 3146 1497 3187 eum
1520 3129 1565 3188 di·

275 3245 361 3296 xero,
385 3229 410 3286 si
433 3244 527 3304 genus
549 3244 608 3284 raon
631 3223 833 3301 intellegatur,
858 3225 1076 3286 dubitationem
1089 3226 1167 3286 hane
1183 3226 1310 3287 adiectio
1332 3227 1408 3287 tollit
1430 3229 1564 3298 articuli;

275 3335 307 3388 ut
322 3335 392 3406 puta
408 3331 434 3386 si
450 3327 588 3386 sacerdos
602 3325 721 3394 dixero,
743 3329 861 3387 nescies
875 3330 972 3388 virum
996 3347 1032 3387 an
1056 3329 1198 3388 seminam
1219 3329 1399 3405 significem3
1422 3348 1490 3390 eum
1514 3331 1564 3391 ad-

275 3429 379 3489 didero
403 3429 560 3489 articulum
576 3427 639 3496 hic,
664 3428 787 3488 ostendo
803 3447 849 3488 me
865 3446 978 3488 marem
993 3430 1221 3505 significarisse;
1244 3448 1313 3490 eum
1328 3429 1417 3500 haee,
1440 3432 1564 3492 ostendo

275 3549 321 3590 me
345 3533 487 3590 leminam
510 3530 734 3606 significavissc.
770 3531 800 3589 in
824 3531 1002 3608 promiscuis
1024 3530 1080 3590 noc
1102 3531 1168 3590 fieri
1190 3549 1250 3590 riou
1272 3538 1383 3609 potest,
1407 3533 1485 3610 quod
1508 3533 1605 3596 subm

276 3650 333 3691 uno
356 3631 482 3691 articulo
506 3638 630 3709 neterque
653 3649 741 3691 sexus
763 3632 957 3708 significatur.
1001 3649 1069 3691 nam
1093 3650 1159 3691 eum
1180 3631 1247 3691 dieo
1269 3633 1432 3694 masculino
1453 3653 1563 3711 genere

274 3752 394 3802 corvus,
424 3751 520 3811 neque
550 3735 670 3792 nomine
698 3751 793 3811 neque
817 3732 943 3792 articulo
965 3733 1170 3793 confusionem
1192 3736 1312 3810 generis
1334 3753 1473 3812 separare
1496 3755 1563 3815 pos·

274 3854 354 3894 surn:
379 3841 438 3894 tam
462 3837 542 3894 euim
564 3834 673 3893 lernina
696 3853 784 3912 quam
808 3833 955 3894 masculus
982 3852 1088 3894 currus
1108 3835 1272 3895 masculino
1294 3853 1404 3912 genere
1427 3841 1561 3898 enuntia·

274 3945 333 3996 tur.
364 3939 436 3995 item
459 3954 525 3996 oum
549 3936 616 3994 dieu
639 3938 751 4002 coritis,
776 3953 877 3994 sexum
901 3935 980 3994 nulla
1004 3938 1119 3995 ratione
1141 3936 1314 3995 discernere
1336 3955 1466 4015 possum,
1489 3957 1561 4017 quu-

258 4040 367 4107 .niam,
399 4039 460 4096 sive
488 4037 636 4097 masculus
665 4039 726 4096 sive
749 4037 860 4096 lemine
882 4039 934 4104 sit,
958 4037 1102 4095 leminino
1130 4055 1239 4114 genere
1259 4040 1413 4126 corrricem
1437 4040 1561 4118 appello.
1576 4062 1603 4100 ss

273 4159 340 4199 nam
363 4142 395 4198 in
418 4157 506 4198 corvo
528 4139 703 4199 femininum
726 4147 757 4197 et
777 4140 809 4197 in
831 4140 951 4196 cornice
967 4138 1163 4197 masculinum
1183 4155 1278 4215 genus
1292 4139 1425 4216 intellegi
1440 4158 1561 4200 necesse

273 4249 331 4309 est,
356 4241 406 4301 sed
431 4243 587 4301 enuntiare
611 4259 669 4300 non
692 4241 858 4318 possumus.

359 4395 514 4444 lneutrnm
534 4401 661 4456 oporteret
679 4391 766 4440 lraberi
786 4391 830 4442 sed
848 4398 872 4440 et
891 4391 916 4440 id
936 4389 969 4439 M
1038 4391 1118 4440 2seu
1143 4390 1260 4442 decenter
1278 4407 1323 4445 orn.
1343 4393 1369 4442 B
1438 4389 1561 4458 dgeneri

272 4464 428 4513 censeretB
445 4477 539 4529 genere
558 4477 661 4511 censere
681 4461 705 4509 L
774 4460 973 4511 dlaurmiamL
1042 4461 1231 4526 bgenereom.
1249 4459 1305 4508 BL
1376 4461 1425 4510 lroc
1442 4477 1487 4511 om.
1506 4463 1562 4512 BL

343 4531 486 4582 diceturM
556 4531 851 4581 deelibemleelebem
870 4530 964 4579 ΒΜΔ
1018 4529 1219 4579 terracona
1277 4530 1309 4580 13
1326 4545 1405 4579 sexus
1423 4531 1492 4592 quod
1511 4546 1560 4580 nou

273 4600 306 4650 sit
325 4601 349 4650 B
420 4603 450 4652 14
470 4600 598 4650 lrseetria
617 4599 758 4666 genersM
828 4599 860 4648 18
878 4599 1044 4663 praeponitur
1061 4614 1107 4649 ora.
1125 4599 1151 4648 B
1219 4599 1255 4648 20
1265 4600 1430 4665 praeponitur
1447 4601 1562 4649 oacBL

341 4723 376 4771 24
391 4723 496 4788 spiceus
515 4722 540 4770 B
559 4683 654 4770 selcmm
672 4721 705 4770 M
721 4720 839 4769 lterlseua
859 4720 882 4768 L
953 4717 988 4768 26
1008 4718 1076 4778 qnod
1096 4733 1152 4767 eum
1170 4733 1301 4768 conrmuue
1319 4733 1411 4768 nomeu
1430 4719 1518 4769 dixero
1538 4721 1561 4768 L

274 4789 342 4850 qnod
361 4805 493 4842 eornmune
513 4804 603 4839 nomen
625 4789 752 4839 dixeroB
805 4791 838 4839 27
856 4789 921 4838 tollit
936 4787 1067 4836 Mediae
1084 4788 1142 4835 tulit
1159 4787 1252 4836 BML
1321 4787 1563 4853 Ldsiguidruvisse

271 4867 331 4919 pust
348 4859 467 4910 laminam
484 4875 528 4908 om.
550 4859 594 4908 M:
614 4859 803 4924 significanisse
818 4857 926 4920 ostendo
943 4871 983 4904 me
1003 4857 1123 4904 feminam
1142 4855 1201 4904 BL
