3525 5600
221 1836 273 1902 Ex
299 1835 395 1903 libris
422 1859 522 1902 manu
550 1837 681 1924 scriptis
709 1837 858 1924 Pompeii
885 1835 1094 1922 grammatici
1127 1846 1194 1903 trcs
1222 1837 1430 1924 potissimum

148 1938 237 2024 elegi,
259 1963 397 2026 quorum
409 1938 509 2004 fidem
528 1942 563 2002 in
579 1939 706 2004 edendo
720 1937 806 2004 h'bro
821 1961 991 2027 sequerer,
1014 1961 1151 2026 cosque,
1174 1947 1212 2004 ut
1227 1940 1307 2004 mibi
1322 1940 1430 2004 visum

148 2051 206 2122 est,
227 2065 336 2106 omnes
359 2064 446 2107 nono
468 2041 598 2106 sacculo
621 2043 778 2127 scriptos,
801 2064 904 2106 unum
926 2037 1280 2125 Wolfonbuttclannm‚
1302 2043 1359 2130 qui
1381 2053 1432 2108 est

147 2145 223 2208 inter
246 2145 375 2208 codices
404 2143 737 2230 weissenburgenscs
767 2144 808 2208 86
836 2143 914 2230 (Α),
944 2143 1026 2208 duos
1056 2143 1242 2226 Parisinos‚
1271 2145 1326 2231 qui
1355 2143 1432 2209 olim

148 2245 267 2310 fuerunt
288 2245 590 2330 sangermanenses
615 2245 698 2311 1179
721 2245 778 2326 (B)
802 2255 836 2310 et
858 2243 942 2309 1180
965 2245 1033 2332 (C).

223 2347 334 2413 Codex
355 2347 681 2415 Wolfenbuttclanus
703 2347 892 2412 Weissenb.
916 2347 957 2412 86
979 2351 1096 2422 „codex
1117 2351 1290 2413 monasterii
1308 2359 1432 2414 sancto-

147 2471 207 2512 rum
228 2456 308 2529 petri
331 2461 361 2514 et
382 2457 474 2530 pauli
498 2457 530 2514 in
556 2454 754 2528 rossontus
781 2450 927 2515 continet
959 2451 1222 2516 membranarum
1256 2451 1432 2517 fasciculos

148 2552 255 2636 viginti
282 2562 409 2639 septem
435 2553 562 2618 formae
589 2552 770 2640 quadratae
802 2551 955 2634 minoris,
985 2576 1002 2616 c
1030 2553 1149 2640 quibus
1173 2553 1215 2618 ad
1238 2553 1432 2640 Pompeium

148 2655 298 2739 pertinent
320 2655 551 2742 quaterniones
566 2654 686 2740 viginti
705 2663 772 2718 tres
794 2663 826 2718 et
848 2655 1058 2720 membranae
1081 2653 1254 2722 duodecim
1277 2655 1311 2720 in
1332 2677 1433 2720 unum

149 2756 329 2822 fasciculum
362 2766 568 2845 compactae:
603 2780 634 2845 q.
659 2756 752 2822 1-5
786 2760 1055 2823 COMMENTUM
1082 2761 1210 2825 ARTIS
1238 2761 1398 2825 DONATI
1426 2759 1428 2839 ζ

149 2866 363 2939 maceriasque
384 2868 509 2925 seientia
529 2900 572 2909 —
593 2865 645 2923 abi
660 2882 716 2940 pes
734 2866 803 2936 finit
825 2858 871 2946 (p.
894 2860 1010 2925 3-82
1033 2860 1086 2924 ed.
1107 2858 1239 2947 Lina),
1261 2883 1292 2948 q.
1316 2859 1433 2924 6-24

148 2965 295 3027 INCIPIT
308 2966 575 3028 EXPLANATIO
590 2965 770 3025 NOMINIS
786 2961 791 3045 t
811 2966 968 3026 POMPEI
984 2966 1243 3027 GRAMMATIC.
1257 2968 1354 3047 (corr.
1374 2962 1432 3047 CI)

150 3065 305 3146 taurionis
326 3076 436 3145 partes
457 3075 613 3143 —potest
639 3069 702 3129 dici
723 3063 768 3150 (p.
793 3064 978 3151 82-414).
1006 3064 1141 3150 reliquis
1165 3063 1433 3151 quaternionibus

150 3164 244 3231 tribus
266 3168 473 3231 continentur
494 3165 590 3247 haec,
615 3165 818 3230 Cassiodorii
841 3166 1004 3251 praefatio
1024 3164 1064 3230 de
1088 3164 1282 3253 disciplinis,
1306 3173 1434 3231 inantus

150 3272 221 3332 notu
242 3308 276 3317 —
301 3274 385 3333 dicta
404 3274 555 3349 prepriat
577 3268 621 3354 (p.
638 3268 711 3332 519.
734 3267 798 3331 520
819 3268 870 3333 ed.
892 3268 999 3351 Gan).
1023 3268 1171 3332 eiusdem
1193 3266 1234 3332 de
1256 3266 1432 3354 generibus

151 3392 309 3435 cansarum
328 3382 505 3437 tractatus:
522 3393 554 3457 p.
570 3370 643 3448 497,
663 3368 994 3434 27-340d.}1a1m.
1012 3374 1049 3433 de
1061 3374 1188 3451 pedibas
1202 3376 1347 3451 enposr‘tr'o
1362 3373 1435 3433 latii

152 3476 257 3537 Sererr':
277 3472 368 3539 Mall.
385 3472 511 3538 Theod.
527 3472 578 3537 ed.
593 3471 697 3537 Heus.
721 3494 754 3558 p.
771 3472 906 3536 71-81.
938 3476 1063 3536 Ese'dort
1082 3478 1207 3536 iunioras
1224 3476 1434 3552 palentinensis

151 3582 271 3654 episcopi
285 3584 503 3653 erammuticue
517 3581 591 3639 artis
604 3594 682 3639 nom.
694 3566 792 3653 oreae
806 3587 835 3637 et
848 3580 947 3640 zaraa
961 3584 1079 3638 notata:
1100 3575 1145 3640 ib.
1162 3597 1194 3661 p.
1210 3573 1345 3639 81-85.
1361 3594 1433 3637 cae-

151 3698 233 3740 surae
251 3699 405 3743 uersuum:
427 3678 473 3743 ib.
488 3700 521 3764 p.
537 3676 674 3741 86-90.
697 3681 735 3739 de
754 3684 869 3741 metrr's:
889 3676 935 3743 ib.
950 3699 982 3763 p.
999 3676 1134 3741 91-98.
1151 3674 1256 3740 Mallii
1271 3675 1435 3741 Theodori

152 3778 188 3841 de
208 3779 314 3843 metris
336 3778 468 3845 libellus
491 3780 533 3845 ab
555 3778 763 3863 Heusingcro
779 3802 822 3843 ex
839 3778 899 3845 boc
915 3779 1027 3845 codice
1051 3779 1167 3843 editus.
1198 3777 1307 3843 omnia
1321 3776 1435 3842 eadem

152 3883 384 3968 manuscripta
406 3891 499 3964 sunt,
523 3882 639 3947 litteris
661 3892 772 3946 tamen
794 3904 859 3946 non
882 3880 999 3947 codem
1022 3879 1124 3945 ductu
1145 3902 1205 3967 pcr
1227 3901 1338 3944 omnes
1361 3900 1434 3965 par·

141 3990 196 4045 'tes
217 3986 367 4049 exaratis.
406 3984 465 4049 sed
486 3986 522 4048 in
543 3984 692 4069 Pompeii
713 3982 798 4047 libro
822 3994 917 4047 vetus
941 3983 1104 4071 scriptura
1125 3980 1275 4070 plurimis
1298 3980 1378 4046 locis
1402 3988 1435 4045 et

153 4082 279 4151 dirersis
301 4086 453 4151 manibus
477 4098 640 4168 correcta,
670 4109 736 4151 non
762 4108 939 4171 numquam
962 4086 1061 4151 ctiam
1084 4108 1104 4148 a
1125 4083 1365 4150 correctoribus
1388 4084 1436 4146 ita

153 4186 250 4252 deleta
270 4199 333 4270 cst,
357 4199 395 4253 ut
417 4188 497 4275 quid
518 4187 595 4253 olim
617 4190 776 4274 scriptum
797 4187 897 4253 fucrit
920 4208 985 4251 non
1007 4186 1176 4273 adpareat.
1206 4186 1240 4249 in
1261 4185 1302 4249 iis
1325 4193 1435 4248 autem

153 4310 228 4373 qnae
247 4300 360 4377 postea
381 4290 549 4377 adscripta
571 4299 648 4355 sunt
669 4289 832 4376 quaedam
854 4287 992 4354 eandem
1013 4289 1082 4353 fere
1105 4296 1262 4368 aetatem,
1278 4308 1344 4373 qua
1364 4287 1435 4371 ipse

152 4388 229 4455 liber
248 4396 386 4481 scriptus
410 4402 477 4474 est,
501 4392 561 4457 sed
583 4392 752 4457 diversam
773 4400 882 4455 tamen
902 4414 923 4455 a
937 4400 1048 4455 vetere
1062 4389 1196 4454 librario
1210 4408 1341 4453 manum
1356 4408 1435 4473 prae

154 4492 316 4560 scierunt.
354 4504 496 4559 ceterum
519 4504 666 4559 extrema
686 4516 764 4581 pars
787 4492 863 4558 libri
886 4493 1035 4557 devitiis
1059 4499 1092 4556 et
1113 4490 1292 4556 virtutibus
1315 4488 1434 4554 oratio-

154 4595 215 4676 nis,
237 4620 315 4684 quas
336 4598 371 4661 in
393 4596 503 4663 codice
527 4597 632 4678 deest,
660 4605 719 4661 aut
739 4616 916 4680 numquam
939 4594 1062 4680 scripta
1083 4594 1147 4656 fuit
1169 4599 1226 4656 aut
1248 4592 1435 4675 antiquissi-

154 4718 201 4761 mo
228 4698 290 4762 iam
315 4709 460 4787 tempore
487 4701 595 4785 periit.
639 4722 717 4764 nam
737 4708 833 4762 retus
861 4695 1126 4760 membranarum
1149 4691 1248 4769 ordo,
1271 4696 1327 4781 qui
1348 4714 1436 4759 nnnc

157 4800 352 4881 perturbatus
375 4802 480 4865 estin
501 4801 628 4882 ecdico,
651 4801 797 4864 numeris
813 4800 847 4863 in
861 4800 935 4862 imis
951 4796 1155 4880 marginibus
1179 4796 1314 4882 antiqua
1335 4818 1435 4861 manu

158 4901 277 4989 scriptis
304 4904 464 4968 indicatus
493 4914 555 4968 cst.
599 4902 714 4967 cadem
736 4924 836 4965 manu
857 4900 1106 4987 inscriptiones,
1135 4920 1274 4986 quarum
1296 4898 1435 4983 vestigia

1188 5002 1233 5067 6*
