3525 5600
622 459 693 521 tus
723 458 763 520 111
787 458 969 522 16-1118
1382 454 1445 519 427

187 565 348 622 11111111).
1264 565 1420 618 passus,

165 647 251 726 gulari
272 664 397 708 numero
419 646 565 708 secundae
588 646 798 708 declinationis
820 643 888 717 est,'
912 649 941 708 in
963 644 1071 726 plurali
1094 647 1217 707 tertiae:
1246 662 1314 705 nam
1335 646 1444 722 geniti·

165 767 224 810 rum
246 748 352 809 borum
374 749 520 826 iugerum,
544 747 674 808 dativum
697 756 727 809 et
750 747 910 811 ablativum
931 748 981 808 bis
1002 754 1034 808 et
1055 748 1092 809 ab
1114 747 1163 808 bis
1183 746 1341 825 iugeribus
1361 748 1444 807 lacit.

165 862 190 912 et
208 869 271 920 ras,
301 850 380 931 quod
406 851 513 910 tertiae
545 852 643 910 estin
666 849 811 929 singulari
833 869 972 920 numero,
997 851 1028 910 in
1051 848 1158 929 plurali
1181 848 1344 910 secundae:
1376 866 1444 908 nam

163 953 318 1032 genitivum
332 953 437 1012 borum
453 970 605 1022 vasorum,
629 951 760 1013 dativum
783 959 813 1012 et
836 951 997 1014 ablativum
1019 953 1067 1012 bis
1089 958 1119 1011 et
1140 950 1178 1011 ab
1200 951 1249 1011 bis
1269 952 1349 1012 vasis
1370 951 1444 1009 dici-

142 1071 231 1116 amus.
269 1073 362 1133 pauca
385 1062 454 1114 sunt
476 1055 592 1133 primae
615 1052 825 1115 declinationis
847 1057 967 1115 nomina
989 1071 1065 1134 quae
1088 1059 1192 1115 contra
1213 1051 1346 1131 regulam
1369 1051 1444 1112 dati-

163 1175 223 1216 vum
245 1163 276 1216 et
305 1155 465 1216 ablativum
494 1158 611 1216 numeri
640 1155 764 1235 pluralis
791 1159 824 1217 in
845 1156 903 1218 bus
924 1154 1066 1235 syllabam
1087 1157 1210 1216 mittunt
1231 1153 1445 1216 discernendae

163 1257 359 1335 ambiguitatis
380 1275 469 1318 sextu
491 1275 595 1327 cansa,
618 1257 666 1318 bis
688 1265 718 1318 et
740 1257 776 1320 ab
798 1259 847 1319 bis
868 1256 982 1319 deabus
1008 1257 1127 1319 illiabus
1154 1255 1292 1317 mulabus
1312 1253 1445 1336 equabus

136 1371 139 1381 ·
162 1358 336 1428 libertabus,
359 1377 434 1438 quae
458 1377 474 1419 a
497 1361 573 1419 iuris
595 1361 702 1439 peritis
723 1367 864 1441 usurpata
888 1367 968 1421 sunt.

238 1460 319 1523 llaec
352 1467 421 1522 sunt
451 1479 527 1540 quae
559 1463 591 1521 in
618 1470 744 1542 utroque
773 1481 898 1524 numero
930 1481 989 1524 non
1017 1462 1178 1524 admittunt
1204 1460 1443 1531 declinationem,

131 1581 283 1644 aequorum
305 1563 362 1624 alia
385 1563 576 1642 singulariter
598 1570 722 1634 tantum,
745 1563 801 1624 alia
824 1565 980 1645 pluraliter
1003 1564 1199 1625 declinantur.
1230 1563 1353 1624 deorum
1376 1581 1444 1643 pro·

162 1669 220 1746 pria
252 1667 388 1735 nomina,
423 1665 654 1736 elementorum,
686 1665 824 1736 heroum,
858 1667 1030 1737 fluminum,
1064 1668 1224 1736 montium,
1253 1665 1444 1743 singulariter

161 1768 307 1828 dumtaxat
328 1767 528 1837 declinantur;
552 1769 624 1828 item
646 1767 782 1838 urbium,
805 1771 864 1830 nisi
879 1786 955 1848 qnae
971 1775 1076 1830 natura
1091 1767 1248 1848 pluraliter
1269 1766 1443 1835 efferuntur,

161 1877 191 1930 ut
214 1870 346 1931 Athenae
374 1867 493 1930 Thebae
524 1870 632 1932 Cumae
661 1869 799 1950 Mycenae
834 1871 992 1932 Graviscae
1027 1871 1212 1933 Crustumeri
1247 1869 1337 1931 Cosae
1371 1868 1445 1948 Arpi

161 1971 271 2032 Puteoli
294 1971 393 2042 Ostia;
419 1971 492 2032 item
515 1971 676 2042 metallica,
700 1991 775 2053 quac
798 1975 899 2034 omnia
921 1971 1069 2034 secundae
1092 1979 1162 2034 sunt
1183 1971 1393 2032 declinationis
1414 1977 1445 2030 et

129 2091 150 2128 as
161 2075 275 2150 generis
303 2073 417 2143 neutri,
446 2080 480 2133 ut
507 2072 563 2134 boc
591 2093 696 2134 aurum
723 2082 880 2153 argentum
907 2077 1021 2136 terrum
1042 2074 1196 2154 plumbum
1218 2080 1369 2152 stagnum,
1393 2089 1443 2132 ex·

161 2183 243 2256 cepto
264 2194 323 2236 uno
347 2193 410 2246 aes,
433 2175 512 2256 quod
535 2176 668 2237 eiusdem
690 2180 811 2255 generis
833 2183 894 2246 est,
922 2176 975 2237 sed
996 2179 1079 2237 iuxta
1101 2179 1247 2238 rationem
1269 2172 1443 2253 monosylla-

161 2277 262 2338 borum
290 2279 372 2338 tertii
402 2277 518 2338 ordinis
545 2284 605 2347 est,
634 2285 696 2338 tres
725 2285 823 2339 autem
854 2297 941 2339 casus
967 2281 1000 2338 in
1027 2278 1135 2358 plurali
1157 2294 1283 2339 numero
1304 2276 1443 2344 admittit,

160 2382 369 2442 nominativum
391 2381 589 2440 accusativum
612 2387 642 2440 et
656 2383 836 2450 vocativum,
860 2381 917 2441 boc
939 2399 990 2442 aes
1011 2387 1042 2440 et
1063 2380 1136 2441 baec
1158 2397 1243 2450 aera;
1266 2382 1339 2439 item
1362 2377 1445 2438 arida

160 2483 200 2542 vel
221 2481 348 2562 liquida,
371 2497 447 2559 quac
470 2481 506 2541 ad
522 2499 692 2542 mensuram
707 2483 859 2561 pondusve
875 2483 1064 2552 reseruntur,
1087 2490 1120 2543 ut
1142 2483 1277 2542 triticum
1299 2478 1443 2540 hordeum

127 2586 338 2646 estrumentum
365 2584 411 2642 lar
439 2582 504 2643 lens
532 2585 612 2643 cicer
639 2584 753 2646 milium
782 2603 901 2655 ervum,
930 2585 1004 2644 baec
1031 2582 1115 2663 laba,
1144 2582 1241 2644 oleum
1263 2583 1365 2642 vinum
1386 2580 1445 2642 mel

158 2687 281 2747 mulsum
305 2686 456 2746 delrutum
478 2687 574 2746 muria
599 2683 724 2766 [dicitur
745 2694 843 2748 tanmn
866 2685 1043 2766 liquamen].
1087 2705 1124 2748 ex
1146 2685 1194 2746 bis
1214 2684 1306 2746 multa
1328 2690 1445 2744 veteres

159 2790 332 2850 auctoritate
359 2787 498 2849 licentiae
525 2789 687 2865 largientes
713 2788 868 2869 pluraliter
897 2787 1083 2859 extulerunt,
1106 2787 1180 2849 baec
1202 2787 1352 2848 frumenta
1373 2785 1442 2846 bor·

159 2892 210 2951 dea
232 2892 313 2953 farra
337 2889 421 2951 mella
445 2890 572 2951 delruta.
603 2892 670 2952 vina
694 2893 784 2953 etiam
806 2910 878 2953 usus
900 2895 1031 2971 recepit:
1054 2910 1122 2951 nam
1144 2891 1212 2950 vina
1235 2889 1293 2949 Coa
1315 2888 1444 2948 dicimus
1531 2966 1537 2975 ι

159 2998 187 3052 et
209 2988 222 3075 ΙΙ
245 2993 380 3053 blassica.
411 2990 540 3072 praeitor
566 2992 641 3054 baec
668 2993 724 3055 alia
753 3000 822 3055 sunt
847 3012 924 3073 qnae
951 2996 983 3053 in
1010 2992 1117 3071 plurali
1144 3008 1270 3052 numero
1292 2990 1443 3059 deliciunt,

125 3097 276 3171 eugenetis
303 3094 425 3174 quidem
453 3094 608 3155 masculini
635 3095 723 3166 haec,
757 3095 806 3156 bic
833 3097 932 3157 lumus
958 3096 1046 3156 amus
1077 3094 1167 3155 limus
1197 3092 1292 3173 pulvis
1323 3094 1445 3169 sanguis

157 3198 272 3274 genius,
296 3198 417 3275 generis
438 3197 575 3257 feminini
597 3196 670 3257 baec
692 3199 785 3259 lames
806 3197 856 3258 11111
878 3197 962 3257 labes
983 3216 1040 3277 pax
1061 3198 1125 3257 sitis
1146 3196 1232 3257 tabes
1252 3194 1369 3263 humus,
1393 3210 1443 3270 ge·

157 3301 236 3360 neris
262 3300 363 3360 neutri
391 3298 447 3358 boc
476 3316 600 3360 caenum
627 3300 747 3360 saeuum
769 3302 816 3360 ius
841 3300 936 3361 letum
958 3300 1063 3378 vvdgus
1084 3298 1206 3379 pelagus
1228 3299 1310 3357 virus
1331 3297 1443 3356 viscum

157 3418 274 3472 aevum,
299 3402 355 3462 boc
377 3419 497 3480 penum.
542 3404 572 3464 in
600 3401 706 3481 plurali
735 3420 858 3463 numero
886 3408 1001 3462 tantum
1030 3401 1216 3462 declinantur
1242 3400 1360 3458 nomina
1388 3416 1442 3458 nu·

157 3522 305 3565 merorum
333 3510 453 3582 praeter
480 3520 585 3571 unum,
614 3502 693 3582 quod
714 3503 946 3583 plurali-delicit
966 3522 1104 3573 numero,
1128 3510 1162 3563 ut
1183 3501 1241 3562 duo
1263 3507 1337 3560 uas.
1381 3517 1442 3559 me-

221 3712 239 3761 b
257 3722 340 3775 panca
357 3716 415 3757 sunt
431 3706 507 3757 Odor.
525 3706 570 3771 54,
591 3708 624 3758 10
692 3708 710 3759 9
728 3706 791 3759 haec
803 3716 863 3757 sunt
878 3722 944 3771 qaae
961 3708 987 3756 in
1006 3714 1111 3771 utroque
1130 3718 1234 3755 numero
1251 3702 1327 3755 otor.
1342 3701 1386 3767 81,
1399 3700 1442 3755 80.

156 3777 196 3843 93,
214 3780 241 3833 3.
261 3794 321 3833 eac.
339 3777 419 3829 Odor.
437 3778 498 3841 548,
519 3779 530 3829 l
601 3776 636 3828 28
653 3778 756 3829 nomina
776 3793 935 3829 numerorum
951 3778 1028 3830 Odor.
1044 3776 1087 3839 3⁷,
1105 3776 1131 3829 o.
1152 3792 1209 3826 ecc.
1228 3774 1304 3829 Char.
1321 3773 1381 3833 ont,
1393 3771 1428 3823 29

223 3968 239 4017 7
255 3966 418 4033 ambiguitati
436 3980 514 4017 sexus
531 3966 557 4016 P
573 3966 747 4034 ambiguitatis
766 3968 807 4021 .i.
828 3982 907 4016 sexus
926 3980 944 4023 ς
1013 3965 1055 4015 his
1073 3972 1098 4015 et
1116 3964 1148 4013 ab
1166 3962 1208 4014 bis
1225 3963 1324 4012 duabus
1341 3959 1443 4012 tlllabns

156 4036 278 4087 namabus
298 4036 450 4086 dominabus
470 4036 586 4087 mulabus
608 4038 722 4103 equabus
739 4036 860 4088 asinabus
880 4035 1052 4100 libertabnsg
1137 4032 1155 4084 8
1173 4032 1311 4083 libertabus
1329 4032 1443 4095 quesbus

156 4108 216 4157 luris
236 4108 326 4174 peritis
341 4106 367 4155 Ρ
389 4104 528 4155 libertabus
546 4108 652 4158 natabus
673 4107 794 4159 asinabus
810 4122 876 4170 quae
895 4122 910 4155 a
926 4106 988 4155 uiris
1006 4105 1096 4170 peritis
1112 4118 1129 4161 ς
1216 4103 1248 4154 11
1268 4102 1443 4151 elimentorum

156 4192 241 4227 eoram
257 4177 392 4227 dominnm
410 4176 436 4224 Ρ
520 4176 552 4228 ld
570 4178 676 4229 athenae
697 4176 790 4227 latebre
809 4191 898 4241 cymae
913 4176 940 4225 P
1017 4175 1131 4224 micenae
1144 4172 1276 4223 attellanae
1293 4171 1442 4237 grauisceae
1475 4230 1487 4247 θ

156 4249 306 4297 crustumeri
324 4261 399 4297 cosae
415 4246 503 4311 arpias
520 4249 645 4313 poteollae
661 4253 732 4297 ostes
745 4248 771 4297 F
781 4246 898 4311 mycinae
913 4242 1056 4295 athellenae
1068 4244 1201 4310 grainssae
1217 4250 1360 4291 crustumaa
1374 4240 1443 4290 ricov

156 4330 198 4365 sae
215 4318 284 4383 carpi
305 4316 403 4383 pntsoli
420 4316 488 4365 ostia
505 4330 530 4373 ς.
550 4317 653 4367 Abellae
675 4317 743 4366 inter
760 4320 876 4381 exempta
896 4316 1014 4365 amaon
1036 4316 1168 4365 alcimum
1190 4326 1289 4375 semper
1308 4312 1442 4375 pluralium

155 4388 246 4451 legitur
262 4388 363 4438 otoo.
380 4400 408 4449 ρ.
428 4385 508 4445 3o‚8
578 4387 777 4438 luserant>
842 4386 874 4436 21
895 4386 987 4435 dicitur
1001 4394 1085 4434 tamen
1102 4384 1206 4434 licamen
1225 4383 1259 4443 P,
1273 4396 1320 4432 om.
1340 4380 1385 4436 Ρς

156 4456 189 4506 22
205 4458 309 4509 licentia
327 4458 464 4522 largienter
479 4456 503 4505 P
569 4456 695 4507 tramenta
713 4470 760 4509 om.
776 4456 819 4513 Ρς
889 4456 924 4507 23
944 4456 1003 4504 uina
1020 4455 1096 4503 etiarn
1114 4466 1177 4503 usos
1194 4452 1290 4518 recepit
1302 4450 1402 4515 decepit
1419 4448 1445 4497 P

156 4527 214 4575 aina
230 4526 292 4577 haec
315 4529 390 4577 etiarn
409 4540 471 4575 nens
489 4528 579 4593 recipit
597 4530 645 4585 Ρς
732 4541 789 4576 nam
811 4527 872 4576 uina
894 4524 958 4574 choa
979 4524 1088 4573 dicimus
1106 4532 1130 4573 et
1147 4522 1261 4573 massica
1276 4534 1293 4576 ς
1309 4534 1368 4569 nam
1384 4520 1442 4570 nina

156 4596 262 4647 didmus
282 4598 410 4647 massaica
427 4597 454 4646 P
469 4610 527 4646 nam
546 4598 604 4648 nina
622 4596 776 4647 condicimus
794 4604 819 4645 et
836 4597 944 4645 mastica
966 4594 1048 4657 (coar.
1067 4592 1233 4655 nvustacias)
1252 4592 1279 4641 F
1303 4604 1361 4639 nam
1384 4590 1443 4638 nina

157 4672 181 4712 et
199 4670 324 4718 mustacia
342 4676 367 4717 ct
386 4668 494 4717 messica
514 4668 656 4732 dicimusp
675 4681 733 4716 nam
747 4667 808 4716 uina
826 4665 890 4716 Chia
908 4664 1016 4714 dicimus
1031 4672 1056 4713 et
1067 4662 1143 4712 mella
1156 4662 1240 4711 Attica
1259 4660 1445 4710 Lindemannas

224 4736 259 4787 211
275 4738 347 4788 labes
362 4738 408 4803 pix
424 4752 507 4803 paxg
575 4738 609 4790 27
626 4734 739 4803 insnum]
763 4734 862 4785 lrennm
881 4734 907 4784 P
975 4730 1062 4800 letum]
1081 4734 1200 4787 intuma
1269 4730 1303 4781 28
1320 4729 1370 4779 boc
1385 4742 1446 4795 poe·

156 4818 217 4855 unm
235 4808 260 4856 Ρ
341 4808 446 4858 nomina
463 4810 562 4858 numeri
580 4808 606 4857 Ρ
689 4808 723 4859 29
742 4808 810 4871 quod
826 4807 852 4856 in
871 4814 979 4868 utroque
998 4803 1083 4854 deficit
1100 4816 1205 4851 numero
1223 4807 1250 4849 nt
1267 4800 1318 4850 dno
1337 4799 1361 4847 P
1377 4797 1444 4862 qnod

156 4875 249 4939 plurali
272 4878 339 4928 nesio
360 4878 454 4929 deiecit
471 4878 563 4929 nuntio
585 4887 684 4929 tanturn
702 4886 730 4927 ut
747 4878 798 4927 duo
817 4876 843 4927 F
863 4875 932 4941 quod
950 4874 1042 4941 plurali
1064 4886 1169 4922 numero
1193 4869 1278 4921 delicit
1296 4876 1392 4919 tantum
1418 4876 1446 4917 nt

157 4944 206 4996 tuo
223 4960 242 5003 ς

1174 5024 1242 5090 28*
