3525 5600
354 375 414 440 176
919 376 1073 442 ΡΟΜΡΕΠ

376 483 536 540 puer—eet,
1705 519 1706 544 q

351 585 508 628 numerum
532 585 589 628 non
612 564 734 635 habeat,
756 565 809 626 scd
831 572 864 626 ut
886 564 1059 627 alterutrum
1076 583 1135 626 non
1151 564 1272 636 habeat,
1295 566 1323 626 id
1348 574 1393 628 est
1415 576 1466 628 aut
1488 587 1634 632 numerum
1705 569 1706 642 J

350 668 529 748 singularem
553 675 603 728 aut
625 668 781 729 numerum
805 666 960 748 pluralem.
999 669 1190 730 inveniuntur
1212 667 1309 748 aliqua
1331 669 1450 730 nomina
1475 688 1549 751 quac
1569 672 1633 732 dei-

351 773 433 834 ciunt
458 773 489 832 in
518 789 642 832 numero
671 769 828 850 singulari,
849 769 953 857 aliqua
982 789 1057 851 quae
1086 769 1229 830 dcticiunt
1253 773 1283 830 in
1308 790 1433 832 numero
1455 773 1569 852 plurali.
1610 785 1634 834 et
1705 769 1706 846 l

351 873 402 933 dat
423 872 556 952 exempla
583 874 614 935 in
636 891 758 953 genera:
788 872 826 932 de
855 871 991 952 exemplo
1014 871 1070 932 hoc
1093 870 1260 950 colligimus
1281 892 1336 953 per
1359 892 1477 952 genera.
1524 885 1589 954 puta
1607 877 1632 936 io

349 992 460 1052 genere
482 974 644 1037 masculino
667 993 743 1054 quae
766 983 836 1038 sunt
857 976 977 1036 nomina
1000 981 1113 1034 tantum
1131 973 1220 1034 modo
1242 977 1360 1036 numeri
1382 975 1550 1054 singularia,
1570 979 1654 1038 items
1705 973 1706 1048 3

349 1085 516 1156 quaesunt
543 1085 656 1138 tantum
682 1078 770 1138 modo
797 1075 929 1157 pluralis.
974 1075 1039 1136 vide
1063 1078 1145 1153 quia,
1169 1075 1377 1157 quodcumque
1399 1078 1453 1138 tibi
1476 1079 1526 1141 dat
1547 1098 1634 1141 exem·

348 1178 448 1258 plum,
478 1180 527 1240 dat
554 1180 717 1240 secundum
747 1189 856 1254 artem,
883 1198 921 1240 na
944 1195 1083 1240 recurras
1105 1177 1141 1238 ad
1165 1181 1368 1240 auctoritatem
1393 1189 1422 1241 et
1443 1200 1566 1261 rumpas
1586 1179 1635 1242 hoo
1705 1167 1706 1254 l

230 1283 290 1345 432,
305 1285 337 1334 18
348 1282 446 1360 ipsum
476 1282 553 1361 quod
581 1284 730 1362 proponit.
776 1280 867 1342 multa
897 1281 975 1341 enim
1006 1281 1154 1341 contraria
1178 1288 1256 1342 sunt.
1301 1282 1331 1342 in
1355 1300 1481 1343 numero
1502 1284 1636 1361 singulari

350 1399 460 1460 genere
478 1384 656 1471 masculino,
680 1392 712 1445 ut
735 1382 843 1462 pulvis:
867 1401 955 1444 nemo
971 1383 1043 1443 dicit
1057 1381 1210 1462 pulverem
1235 1381 1286 1444 sed
1304 1391 1401 1444 tamen
1419 1384 1492 1445 dixit
1506 1385 1635 1448 Horatius

500 1485 743 1571 novendiales
766 1483 1162 1566 dissiparepulveres.
1644 1504 1664 1542 n
1705 1493 1706 1530 t

348 1587 404 1648 iste
427 1587 463 1647 ad
485 1590 689 1649 auctoritatem
712 1587 814 1658 rediit;
838 1597 938 1650 tamen
961 1585 1061 1648 debes
1076 1582 1174 1668 scire!
1198 1589 1315 1649 numeri
1337 1595 1452 1650 tantum
1475 1589 1564 1652 modo
1584 1592 1635 1651 sin·

348 1689 461 1767 gtrlaris
484 1708 550 1751 esse
572 1689 630 1751 hoc
651 1693 756 1771 ipsum.
802 1699 832 1752 et
854 1696 899 1750 est
920 1707 1017 1750 causa.
1056 1707 1111 1769 qua
1135 1689 1267 1750 ratione?
1290 1709 1340 1752 res
1363 1693 1441 1752 enim
1463 1693 1517 1752 ista
1540 1693 1635 1753 indivi·
1705 1695 1706 1756 l

350 1791 406 1852 dua
441 1801 485 1853 est
517 1811 573 1853 nec
604 1801 701 1873 potest
733 1791 843 1853 habere
880 1794 1058 1858 sectionem;
1093 1798 1123 1850 et
1150 1793 1287 1870 quoniam
1316 1811 1376 1854 non
1405 1801 1501 1871 potest
1534 1794 1634 1856 habere
1705 1789 1706 1848 l

350 1896 522 1965 sectionem,
546 1913 605 1956 non
628 1895 727 1974 potest
749 1894 861 1956 habere
879 1912 1036 1956 numerum
1061 1892 1216 1973 pluralem.
1248 1893 1359 1973 pulvis:
1384 1894 1528 1972 numquid
1550 1903 1636 1975 potest

349 1996 406 2058 hoc
429 1998 495 2058 loco
519 2017 586 2060 esse
609 1997 764 2058 dimidium
786 1996 882 2076 pulvis
899 1997 943 2058 vel
965 1995 1024 2082 illo¹
1040 1995 1104 2056 loco
1127 2013 1191 2056 esse
1215 1995 1367 2057 dimidium
1390 1996 1502 2075 pulvis?
1526 2006 1664 2060 natura-1⁵

349 2101 419 2160 liter
443 2101 507 2180 ipsa
536 2119 586 2162 res
613 2099 763 2161 individua
787 2108 847 2169 est;
875 2099 986 2160 idcirco
1009 2100 1038 2158 in
1062 2117 1186 2159 numero
1209 2096 1352 2176 singulari
1375 2105 1426 2158 est.
1465 2109 1537 2178 crgo
1559 2119 1635 2162 usur·

348 2203 446 2282 pative
473 2202 523 2263 ille
551 2205 659 2282 posuit.
705 2205 776 2263 item
804 2200 853 2262 hic
881 2201 1015 2280 sanguis,
1044 2201 1074 2260 hi
1104 2202 1262 2278 sanguines
1290 2219 1350 2261 non
1378 2200 1487 2261 lectum
1512 2210 1571 2269 est:
1594 2202 1635 2263 iric

349 2287 453 2372 cruor,¹
477 2304 509 2364 hi
531 2324 655 2367 cruores
677 2305 811 2384 legimus,
836 2312 865 2365 et
888 2303 946 2364 hoc
967 2304 1145 2381 usurpative.
1178 2321 1248 2363 ecce
1270 2300 1361 2362 habes
1385 2305 1503 2364 nomina
1526 2307 1636 2382 generis

348 2406 504 2468 masculini
531 2409 646 2468 numeri
674 2415 788 2469 motum
817 2405 905 2466 modo
927 2405 1095 2484 singularis.
1142 2407 1212 2466 item
1235 2406 1264 2464 in
1288 2423 1399 2482 genere
1421 2406 1564 2467 feminino
1587 2425 1633 2466 nu·

273 2586 275 2589 Ι
348 2510 424 2570 meri
451 2517 565 2571 tantum
593 2509 750 2589 singularis
778 2507 852 2568 haec
881 2525 952 2587 par,
981 2507 1037 2569 hae
1064 2525 1154 2588 paces
1183 2525 1242 2566 non
1271 2507 1356 2574 iacit:
1385 2507 1458 2568 haec
1486 2507 1551 2576 lux,
1586 2509 1665 2568 hoec

347 2610 429 2671 luces
450 2630 511 2673 non
532 2612 610 2673 iacit.
656 2620 816 2689 utrumque
844 2616 942 2672 tamen
971 2608 1079 2672 lectum
1109 2615 1168 2670 est:
1197 2607 1289 2668 habes
1310 2609 1340 2667 in
1364 2607 1503 2670 Sallustio
1526 2609 1634 2671 ‘bella

349 2722 456 2790 atque
483 2719 622 2793 paces’.
667 2715 739 2774 item
766 2715 798 2773 in
830 2731 941 2791 genere
974 2718 1081 2773 neutro
1117 2711 1233 2771 numeri
1263 2718 1376 2771 tantum
1407 2711 1579 2790 singularis,
1608 2721 1636 2772 ut

349 2834 453 2877 aurum
475 2815 575 2878 oleum
596 2816 750 2887 hordeum,
770 2826 799 2877 et
821 2814 960 2896 quicquid
978 2814 1013 2875 ad
1036 2813 1151 2897 pqndus
1174 2830 1381 2875 mensuramve
1404 2814 1542 2876 refertur.
1570 2818 1634 2875 item

349 2920 469 2978 nomina
486 2920 603 2980 numeri
620 2926 732 2981 tantum
748 2917 870 2998 pluralis
886 2920 915 2979 in
932 2936 1042 2998 genere
1058 2915 1229 2987 masculino,
1249 2920 1390 2977 cancelli:
1413 2935 1472 2977 non
1487 2936 1634 2997 possumus

349 3020 450 3081 (licere
472 3019 645 3082 cancellum.
691 3022 767 3083 male
790 3041 861 3099 ergo
885 3021 986 3106 dicunt
1007 3018 1095 3079 ‘tolle
1118 3017 1311 3088 cancellum’,
1336 3018 1388 3078 sed
1412 3019 1538 3081 dicimus
1559 3018 1664 3079 ‘tolles

348 3120 523 3182 cancellos'.
569 3133 598 3184 et
625 3123 819 3185 reddiderunt
847 3121 982 3201 plerique
1004 3123 1165 3192 rationem,
1195 3116 1359 3201 lquoniam
1385 3139 1443 3181 non
1466 3130 1565 3200 potest
1586 3124 1634 3181 ista
1705 3124 1706 3201 t

348 3242 397 3283 res
420 3223 456 3285 de
478 3242 536 3285 una
559 3227 694 3295 rederi,
717 3224 770 3286 sed
793 3224 831 3285 de
853 3223 962 3285 multis.
1007 3222 1120 3285 idcirco
1144 3206 1298 3284 voluerunt
1315 3226 1432 3285 numeri
1455 3241 1519 3285 esse
1542 3225 1634 3304 plura·

343 3326 394 3423 lis.
425 3325 538 3388 idcirco
559 3345 681 3406 scopae,
705 3330 844 3406 quoniam
868 3326 905 3386 de
927 3325 1029 3387 multis
1058 3334 1194 3386 constant
1217 3326 1319 3403 virgis,
1349 3327 1466 3385 numeri
1488 3334 1555 3387 sunt
1577 3326 1638 3406 plu·

348 3427 429 3489 ralis.
473 3430 584 3491 idcirco
614 3431 701 3490 etiam
729 3428 839 3503 scalae,
869 3428 981 3489 idcirco
1015 3430 1102 3489 etiam
1131 3428 1307 3507 quadrigae,
1343 3426 1381 3487 oh
1408 3426 1484 3489 hanc
1513 3448 1633 3497 causam,

348 3533 487 3609 quoniam
511 3531 547 3592 de
569 3531 693 3609 singulis
715 3530 807 3593 rebus
835 3550 894 3591 non
923 3538 1005 3601 sunt,
1030 3530 1141 3590 idcirco
1164 3530 1282 3590 numeri
1303 3538 1373 3591 sunt
1393 3529 1525 3609 pluralis.
1569 3546 1664 3609 ergon

348 3642 418 3694 sunt
440 3634 558 3694 nomina
580 3635 698 3711 generis
726 3634 882 3695 masculini
914 3634 1033 3694 numeri
1062 3638 1174 3692 tantum
1201 3630 1340 3711 pluralis,
1370 3650 1472 3693 manes
1500 3634 1633 3705 Quirites.
1705 3632 1706 3713 l

347 3733 476 3813 legimus
498 3742 528 3796 et
551 3734 676 3816 [genere
698 3735 877 3814 masculino]
901 3737 1018 3795 numeri
1041 3732 1202 3813 singularis
1224 3733 1386 3805 Quiritem,

499 3840 584 3917 quis
605 3846 639 3899 te
663 3837 860 3899 redonavit
882 3836 1072 3908 Quiritem.

347 3940 436 3999 leuius
464 3942 661 4001 nominativus
689 3943 746 4002 erit
773 3941 920 4012 Quiritem
950 3958 1009 4001 non
1037 3958 1127 4019 quem
1155 3937 1334 4000 admodum
1359 3938 1444 4019 vulgo
1466 3940 1633 4020 loquuntur,
1705 3944 1706 4025 t

347 4041 399 4101 sed
416 4041 546 4113 Quirites
568 4043 611 4102 sic
634 4041 742 4103 lectum
765 4050 833 4109 est.¹
849 4044 921 4103 item
945 4043 1060 4103 numeri
1084 4049 1197 4102 tantum
1221 4040 1310 4102 modo
1332 4040 1456 4123 pluralis
1477 4047 1507 4104 io
1530 4054 1665 4122 generati
1682 4092 1686 4101 .

346 4143 504 4212 feminino,
539 4144 688 4205 nundinae
720 4146 812 4206 leriae
845 4145 1005 4225 quadrigae
1034 4162 1158 4224 mappae
1187 4146 1315 4224 nuptiae.
1362 4163 1431 4206 ecce
1460 4146 1517 4207 hoc
1543 4148 1633 4225 ipsum

1705 4242 1706 4265 t

417 4332 427 4382 l
450 4332 496 4381 sed
514 4340 541 4381 ut
559 4332 706 4382 alterutrum
722 4348 771 4381 aon
790 4332 881 4383 habeat
897 4348 942 4382 orn.
961 4334 995 4391 A,
1012 4334 1104 4383 odda
1175 4334 1191 4381 d
1210 4330 1257 4382 hoc
1274 4332 1418 4399 colligimus
1435 4350 1504 4389 cerv.
1524 4335 1569 4385 hoc
1586 4334 1633 4384 col·
1705 4314 1706 4401 l

347 4402 494 4467 legimusB
512 4403 561 4453 hoc
576 4404 727 4469 collegimus
742 4401 785 4452 Co
803 4402 851 4451 lroc
869 4403 925 4453 loco
950 4404 1098 4468 collegimus
1117 4400 1142 4450 Α
1214 4411 1276 4467 puta
1301 4404 1327 4452 in
1346 4419 1440 4469 genere
1460 4432 1493 4443 -
1511 4406 1528 4454 ll
1545 4420 1632 4472 genere
1705 4406 1706 4447 i

346 4474 594 4523 rnasculinoutorn.
615 4474 977 4534 nortmanniamque,
996 4474 1092 4525 adda
1146 4470 1227 4521 tteed
1245 4488 1291 4526 om.
1310 4474 1343 4535 Α,
1363 4476 1457 4528 odda
1509 4471 1629 4537 Horatius]

347 4544 419 4604 epod.
438 4544 479 4604 17,
495 4542 530 4594 48
602 4544 635 4594 10
658 4543 861 4593 nouendiaiisA
934 4543 964 4594 ll
989 4542 1095 4593 reditA
1168 4543 1198 4591 12
1219 4542 1268 4592 hoc
1287 4543 1365 4610 ipsud
1381 4545 1569 4607 BGa‚om.A
1705 4542 1706 4549 ’

347 4611 380 4661 ta
404 4621 429 4661 et
446 4614 565 4675 quoniam
589 4628 639 4664 non
662 4622 745 4680 potest
761 4614 854 4665 habere
876 4616 1016 4665 sectionem
1036 4612 1111 4663 nea
1130 4612 1188 4661 ideo
1207 4613 1232 4662 Α
1306 4614 1336 4663 17
1356 4614 1400 4664 ille
1419 4618 1503 4680 posuit
1521 4616 1569 4667 BC
1705 4650 1706 4671 2

346 4682 377 4731 21
399 4681 477 4732 hones
495 4700 541 4737 om.
562 4685 587 4733 A
658 4685 682 4733 in
698 4681 832 4749 Sallustio]
853 4686 910 4750 lug.
930 4683 979 4749 31,
998 4684 1032 4734 20
1101 4684 1133 4733 24
1153 4684 1211 4732 item
1232 4685 1334 4733 nomina
1351 4687 1448 4734 numeri
1468 4696 1559 4737 tontum
1579 4682 1631 4749 plu·

345 4750 409 4801 ralis
428 4754 453 4801 in
472 4769 565 4819 genere
588 4755 729 4805 masculino
748 4756 789 4804 Gn
813 4755 872 4803 item
891 4764 986 4803 tantum
1009 4768 1140 4803 nanterum
1160 4752 1284 4817 pluralem
1305 4754 1440 4819 ingonem
1460 4756 1592 4805 masculino
1608 4754 1630 4803 A

347 4822 406 4869 item
426 4824 451 4871 in
469 4838 563 4888 genere
582 4833 670 4874 neutro
691 4826 788 4887 numeri
808 4833 903 4873 tanturn
924 4824 1030 4887 pluralis
1053 4824 1079 4870 in
1098 4838 1192 4887 genere
1212 4824 1351 4874 masculina
1368 4824 1392 4874 B
1469 4826 1568 4875 cancelli
1586 4840 1629 4872 oo.
1705 4846 1706 4881 ς

347 4892 433 4941 ABG
501 4894 535 4945 26
552 4894 701 4960 plerumque
721 4893 745 4941 Α
815 4894 849 4944 33
867 4892 934 4959 quis]
950 4894 1017 4945 Hor.
1034 4908 1111 4945 carra.
1132 4892 1151 4940 ll
1171 4894 1196 4955 t,
1214 4892 1231 4943 3
