3525 5600
366 401 430 468 554
871 402 1009 485 [nsum]
1033 403 1168 466 nasu

394 525 414 564 p.
428 511 528 552 1734-ὅῦ
541 509 564 553 P.
1472 519 1493 561 p·
1507 511 1543 550 315,
1554 512 1598 554 lob

367 595 457 652 inter.
503 593 658 670 utriusque
681 608 767 650 casus
789 597 857 650 sunt
879 590 969 658 duae,
1000 592 1032 650 iu
1054 597 1084 649 et
1104 588 1170 650 sub.
1215 588 1290 648 abac
1312 588 1539 666 praepositiones
1555 609 1615 652 nun-

367 694 455 756 quam
478 674 515 736 ab
537 676 604 737 aliis
627 675 761 754 partibus
783 682 960 754 separantur
982 682 1013 734 ct
1033 693 1092 735 uon
1115 675 1172 734 nisi
1194 672 1296 734 verbis
1309 673 1523 752 participiisquc
1541 684 1564 733 et
1580 678 1615 736 ad·

367 761 477 821 verbiis
500 761 725 840 participiorum
748 757 756 840 b
779 761 969 838 iunguntur:·
987 759 1086 819 verbis
1108 760 1166 828 sic,
1187 760 1342 818 concurrit
1364 759 1505 826 recurrit,
1525 764 1614 836 partiri-

367 848 424 925 piis
447 847 504 916 sic,
529 863 726 912 concurrens,
750 843 900 904 adverbiis
916 842 920 925 Ι
937 847 989 913 sic,
1006 846 1168 923 composite
1184 844 1328 923 requisito
1344 842 1468 902 disiecto
1483 848 1616 905 constricte.

367 931 441 991 aliac
469 933 589 991 omnino
617 931 683 990 aliis
710 929 846 1008 partibus
874 931 1017 989 orationis
1044 947 1149 989 carere
1177 947 1236 989 non
1264 937 1404 1007 possunt,
1433 935 1468 986 ut
1487 945 1543 988 cum
1560 933 1633 1009 apuria
1694 974 1695 981 ,

367 1033 473 1094 penos,
498 1034 593 1094 neque
617 1015 683 1076 aliis
706 1033 794 1094 quam
817 1014 936 1076 casibus
958 1017 1137 1091 iunguntur,
1160 1013 1191 1072 id
1205 1021 1252 1074 est
1266 1015 1381 1074 nomini
1394 1015 1549 1091 pronomini
1568 1033 1615 1094 par·

366 1103 484 1178 ticipio‚
510 1107 542 1160 ut
563 1119 630 1160 cum
654 1101 811 1170 Cicerone,
841 1118 909 1160 curn
931 1099 994 1170 ilio,
1018 1117 1087 1159 cum
1108 1098 1234 1169 dilccto;
1263 1098 1341 1177 apud
1364 1098 1541 1166 Ciceronem,
1559 1102 1616 1178 apui

367 1185 464 1252 iilum,
494 1185 570 1264 apud
600 1185 757 1254 dilectum
791 1203 884 1264 penes
912 1184 1101 1253 Ciceronem,
1136 1201 1229 1262 penos
1254 1182 1353 1252 illum,
1381 1201 1474 1262 penes
1499 1183 1615 1244 dilectum.

366 1271 545 1329 conveniunt
566 1277 665 1330 autem
687 1271 742 1330 bae
765 1277 815 1330 aut
837 1272 1014 1330 accusativis
1040 1279 1092 1330 aut
1116 1267 1254 1328 ablativis
1275 1267 1403 1328 casibus.
1432 1267 1503 1327 abac
1516 1273 1616 1346 separari

367 1361 417 1415 aut
439 1356 521 1431 iungi
543 1362 681 1434 possunt,
706 1363 738 1415 ut
760 1355 816 1415 sub
838 1357 868 1415 in
893 1373 939 1414 en.
984 1361 1162 1432 separantur
1189 1353 1245 1413 boc
1273 1353 1374 1421 modo,
1404 1350 1460 1413 sub
1480 1362 1574 1422 monte,
1591 1371 1641 1414 uo·

366 1446 481 1508 monte,
505 1441 535 1498 in
558 1448 672 1510 monte;
698 1435 710 1520 Η
734 1440 936 1518 adiunguntur
958 1443 1016 1509 sic,
1040 1437 1203 1500 subscribit
1225 1439 1339 1517 inrepit
1360 1439 1500 1498 excurrit.

824 1609 874 1671 DE
897 1608 1193 1671 tursurucrtouu

449 1728 621 1788 Interiectio
644 1736 689 1788 cst
711 1746 780 1806 pars
802 1729 944 1789 orationis
959 1729 1096 1788 affectum
1111 1729 1202 1788 animi
1218 1728 1403 1804 significans,
1427 1734 1477 1786 aut
1496 1726 1617 1805 indignan-

367 1814 418 1882 tis,
442 1813 548 1881 utho,
573 1821 624 1874 aut
645 1815 791 1880 timentis,
821 1820 854 1872 ut
876 1813 942 1882 bui,
971 1820 1022 1874 aut
1045 1812 1243 1881 recordantis,
1272 1819 1305 1871 ut
1327 1812 1409 1880 bem,
1433 1819 1483 1871 aut
1502 1811 1618 1872 silentium

368 1899 563 1975 iniungentis,
595 1905 626 1957 ut
653 1900 704 1966 ist,
734 1905 784 1959 aut
814 1900 1011 1967 immutantis
1040 1906 1074 1958 ut
1095 1904 1183 1966 attat,
1213 1903 1265 1958 aut
1285 1897 1472 1965 admirantis,
1494 1905 1523 1956 ut
1541 1913 1643 1975 papate

366 1990 418 2042 aut
438 1981 637 2061 prohibentis,
661 1991 693 2043 ut
714 1982 782 2062 hab,
811 1990 862 2043 aut
884 1985 1102 2062 conquirentis,
1125 1991 1160 2043 ut
1180 1981 1270 2051 abah,
1298 1988 1348 2042 aut
1369 1984 1524 2058 gementis,
1543 1990 1570 2041 ut
1585 1985 1618 2041 roi
1694 1978 1696 2065 Ι

367 2085 434 2136 vac,
459 2075 509 2126 aut
531 2069 717 2136 reiectionis,
742 2076 774 2128 ut
797 2087 882 2138 eran,
907 2077 958 2129 aut
980 2069 1149 2136 irridentis,
1173 2075 1206 2127 ut
1228 2065 1355 2126 bomban
1379 2065 1456 2126 babo
1477 2085 1517 2126 ra.

435 2303 544 2370 linter]
567 2307 662 2362 intres
716 2307 772 2356 bet
789 2305 1147 2370 adirerbiisaparticipiorum
1161 2306 1188 2354 V
1191 2306 1214 2356 G
1265 2301 1446 2367 tromposite]
1460 2317 1591 2351 concurrens
1603 2303 1620 2348 Γ

434 2377 448 2422 'i
468 2389 524 2424 cum
542 2375 640 2424 deiecto
658 2387 675 2429 ς
693 2391 748 2424 cum
768 2376 881 2426 electuG
951 2378 968 2426 8
986 2386 1047 2439 aput
1061 2376 1178 2424 dilectum
1193 2378 1215 2424 G
1233 2375 1301 2439 apud
1323 2375 1448 2422 detectum
1467 2385 1491 2428 ς,
1507 2389 1546 2423 on.
1564 2375 1585 2420 V

366 2458 444 2510 penes
463 2444 716 2511 delectumgpenes
735 2444 882 2494 eiectumG
954 2447 986 2496 lr')
1005 2443 1077 2511 attat]
1097 2454 1166 2494 stet
1189 2447 1235 2499 Vs·
1307 2441 1619 2508 istomacantium

433 2516 611 2578 conquerentis
630 2527 646 2569 ς
716 2511 794 2578 atrab]
815 2515 863 2563 hab
885 2516 929 2570 (ὶς
1001 2515 1031 2564 17
1050 2523 1094 2564 sint
1111 2514 1253 2565 ridentis&
1323 2509 1365 2579 vn]
1387 2528 1438 2561 urna
1460 2515 1485 2561 1⁷
1489 2514 1529 2564 [ἴς
