3525 5600
779 363 851 426 ARS
1422 359 1462 446 15

1269 468 1435 523 ρ.1932.331).

171 552 309 632 ‘qnando
338 551 395 612 boc
423 551 477 611 tibi
506 550 634 632 placet';
663 552 690 611 si
711 567 781 610 vero
800 551 806 626 Ι
825 558 956 630 tempus,
985 549 1157 612 adverbium
1187 557 1244 619 est,
1272 557 1303 610 ut
1326 549 1462 628 ‘qnando

171 657 281 716 renit'.
313 672 508 734 quarnqnam,
531 655 555 714 si
571 655 736 715 accusativo
752 672 811 714 non
827 654 1020 732 respondeat,
1037 653 1206 714 coniunctio
1222 660 1279 722 est,
1296 658 1327 712 nt
1342 654 1460 730 ‘qnam-

171 777 262 838 quam
283 765 384 836 patres
405 756 598 835 conscripti’;
622 743 648 816 'si
670 756 835 816 accusativo
857 755 1063 834 responderit,
1088 755 1273 834 conpositum
1296 769 1461 832 pronomen

171 869 232 930 est,
256 867 290 920 ut
310 859 505 937 ‘quamquam
528 858 696 918 iustitiam'.
720 875 756 916 ce
778 857 866 916 etiam
890 859 1022 917 ornativa
1044 857 1214 917 coniunctio
1238 862 1296 925 est,
1319 853 1462 923 utillece,

144 971 213 1023 bet*
231 962 301 1023 ideo
327 961 498 1022 coniunctio
514 967 579 1030 est,
603 960 671 1038 quia
693 959 889 1038 postponitur.
918 991 960 1000 —
990 958 1082 1018 Sunt
1115 959 1224 1018 etiarn
1253 957 1460 1026 dictiones,
1474 967 1532 1026 389,
1548 968 1578 1016 ιι

172 1082 265 1143 quas
286 1065 470 1124 incertum
493 1069 549 1122 est
571 1067 690 1122 utrum
713 1061 1001 1123 coniunctiones
1023 1077 1065 1120 an
1089 1059 1393 1140 praepositiones
1415 1077 1460 1119 an

171 1165 348 1226 adverbia
371 1165 616 1225 nominemus:
638 1160 837 1240 intellegimus
859 1171 889 1222 et
911 1162 968 1223 boc
989 1163 1067 1222 iuxta
1090 1161 1222 1240 regulam
1242 1179 1330 1240 saepo
1344 1161 1460 1230 dictam,

171 1269 257 1347 quia,
280 1265 424 1346 rpridquid
446 1263 545 1325 delicit
566 1283 632 1326 esse
653 1263 732 1343 quod
754 1270 812 1332 est,
836 1263 1007 1325 adverbium
1030 1264 1107 1324 lacit.

627 1433 675 1494 DE
696 1432 1008 1495 enaerostntonn.

129 1568 156 1604 ¹⁰
257 1556 496 1635 Praepositio
519 1561 680 1634 estpars
702 1555 903 1615 orationis:
928 1554 1120 1634 praeponitur
1133 1553 1310 1633 praepositio
1325 1551 1463 1613 omnibus
1475 1561 1508 1609 eo

170 1656 322 1736 partibas,
352 1653 443 1718 etiam
463 1655 520 1718 sibi
541 1657 614 1736 ipsi,
641 1662 675 1716 nt
696 1657 896 1716 circumcirca.
922 1689 959 1699 —
982 1657 1052 1717 Aut
1079 1654 1208 1734 implet
1236 1661 1297 1715 ant
1318 1663 1434 1715 mutat
1457 1651 1461 1734 Ι

170 1765 237 1820 aut
258 1760 407 1820 minuit:
431 1759 610 1837 praepositio
633 1757 878 1835 significationem
901 1758 1030 1838 partium
1046 1756 1196 1817 interdum
1213 1763 1320 1827 mutat,
1343 1763 1377 1818 nt
1390 1774 1463 1834 rogo

171 1859 301 1938 adrogo;
329 1859 408 1930 aliud
437 1867 483 1918 est
504 1875 627 1937 rogare,
657 1856 737 1919 alind
763 1858 922 1936 adrogare:
952 1857 1101 1919 interdum
1124 1858 1301 1918 contrariam
1324 1856 1406 1927 lacit,
1431 1864 1464 1917 nt

171 1959 262 2023 cludo
275 1960 413 2030 recludo:
437 1959 515 2022 aliud
530 1969 577 2022 est
591 1959 728 2032 cludere,
750 1959 830 2020 aliud
846 1959 1016 2022 recludere:
1040 1978 1108 2022 nam
1124 1957 1261 2021 claudere
1278 1965 1323 2019 est
1337 1957 1462 2020 claustra

131 2077 161 2116 1⁵
175 2065 397 2142 constringere,
420 2061 578 2124 recludere
600 2063 730 2143 aperire:
753 2062 903 2124 interdum
926 2074 1024 2141 auget,
1049 2068 1082 2123 nt
1103 2081 1177 2124 orno
1198 2078 1324 2122 exorno:
1347 2061 1462 2130 minuit,

171 2175 204 2226 ιιι
226 2164 347 2225 dolosus
368 2162 521 2225 subdolus.
558 2165 737 2244 praepositio
763 2163 840 2224 dicta
863 2170 908 2224 est
930 2182 982 2233 eo,
1006 2163 1084 2243 quod
1105 2171 1304 2244 praeponatur
1328 2161 1464 2226 omnibus

170 2265 308 2345 partibus
328 2267 474 2328 orationis
497 2274 620 2346 excepta
633 2266 848 2338 interiectione,
872 2285 940 2328 cum
956 2265 1080 2326 dicimus
1102 2265 1187 2325 ‘ante
1202 2264 1370 2326 bomines’:
1394 2281 1462 2326 narn

171 2386 234 2428 non
257 2366 382 2428 dicimos
404 2367 560 2429 ‘homines
581 2370 677 2428 ante’.
715 2372 850 2430 ceterum
870 2369 1034 2449 postposita
1056 2369 1081 2428 si
1103 2367 1205 2436 luerit,
1228 2367 1258 2428 in
1275 2367 1462 2444 significatio·

170 2488 243 2530 nem
264 2470 372 2530 bausit
393 2467 540 2538 adverbii,
564 2477 597 2529 nt
619 2467 750 2547 ‘longo
771 2477 855 2549 post
876 2477 1045 2550 tempore
1068 2469 1199 2529 renit'.
1225 2501 1258 2512 -
1279 2465 1506 2546 Subponi-na

127 2586 156 2624 to
171 2580 249 2640 tur,
278 2577 316 2630 ιιι
341 2589 485 2632 mecum
512 2578 648 2632 tecum:
677 2569 905 2650 pronominibus
933 2571 1052 2650 qnando
1073 2569 1252 2649 supponitur
1272 2571 1462 2648 praepositio,

170 2673 359 2733 necessitatis
381 2679 426 2732 est
447 2691 533 2733 causa
556 2672 592 2733 ad
615 2672 765 2732 vitandum
787 2672 999 2754 cacenphaton.
1020 2675 1026 2749 Ι
1045 2690 1112 2734 cnm
1127 2672 1194 2732 dico
1208 2689 1276 2733 cum
1292 2670 1386 2740 uobis,
1410 2669 1460 2732 ab·

169 2791 280 2835 sonum
304 2783 364 2843 est,
393 2773 439 2836 vel
465 2793 534 2836 cum
561 2774 627 2836 dico
654 2793 722 2837 cum
737 2770 814 2858 {ime
841 2781 871 2836 et
898 2781 1005 2837 cetera.
1033 2773 1202 2835 -Omnes
1228 2773 1463 2853 praepositiones

170 2875 313 2937 adverbia
334 2885 364 2937 et
387 2877 610 2937 coniunctiones
632 2897 648 2939 a
670 2879 845 2939 terminatae
868 2876 973 2956 longae
1001 2884 1070 2939 sunt
1097 2876 1208 2956 absque
1235 2874 1364 2945 duabus,
1393 2876 1461 2955 quia

171 2986 202 3038 et
224 2980 275 3039 ita.
301 3012 337 3023 -
360 2980 431 3039 Aut
458 2976 609 3039 verbum
636 2978 848 3057 praecedit,
877 2986 916 3039 ut
942 2980 1110 3059 periero,
1141 2985 1202 3038 ant
1228 2976 1461 3049 adverbium,

23 3097 24 3102 ¹
127 3088 209 3141 aaut
232 3098 416 3158 expresse
439 3102 458 3135 e
481 3076 529 3159 [nt
548 3098 604 3159 pro
632 3087 767 3159 separata
793 3081 973 3160 praepositio
1002 3088 1060 3150 est,
1088 3078 1171 3141 verbi
1198 3081 1290 3159 gratia
1319 3081 1344 3141 si
1366 3079 1462 3141 dicam

169 3200 228 3260 pro
256 3199 328 3260 quo;
356 3182 382 3241 si
411 3180 478 3241 dico
500 3198 644 3259 provoco,
673 3183 830 3243 coniuncta
859 3180 917 3263 eet]
951 3188 990 3243 nt
1017 3181 1168 3262 absque:
1204 3179 1257 3242 abs
1284 3184 1462 3261 praepositio

169 3292 226 3351 est,
249 3300 307 3362 qne
328 3284 498 3343 coniunctio
521 3282 660 3362 [aeque
681 3291 742 3344 aut
763 3285 1045 3362 coniunguntur
1067 3290 1128 3345 aut
1149 3282 1404 3369 separantur].
1425 3317 1459 3326 —
1474 3298 1507 3347 25

169 3386 216 3443 vt
247 3379 507 3445 circumcirca:
536 3384 593 3445 sibi
619 3386 680 3465 ipsa
708 3386 916 3465 praeponitur,
946 3387 1154 3451 circumcirca,
1183 3394 1215 3445 ιιι
1242 3385 1280 3445 sit
1307 3402 1364 3445 una
1393 3402 1508 3464 parsnt

170 3486 325 3546 orationis.
353 3519 388 3530 -
409 3485 479 3546 but
505 3485 652 3547 casibus
679 3494 741 3547 ant
765 3485 960 3567 loquellis:
989 3487 1121 3549 casuales
1149 3485 1289 3547 dicuntur
1312 3488 1462 3566 praeposi·

128 3608 156 3647 aa
169 3589 270 3647 tiones
292 3605 366 3667 qnae
388 3595 541 3667 separatae
563 3588 685 3658 luerint,
715 3587 833 3649 casibus
854 3588 1038 3668 copulantur.
1077 3606 1246 3668 quaerero
1273 3586 1372 3649 verbis
1393 3607 1461 3668 par·

170 3690 284 3769 ticipiis
306 3697 335 3749 et
357 3687 527 3749 nominibus
547 3690 666 3749 iunctm
687 3690 812 3760 luerint,
836 3689 1014 3769 loquellares
1036 3690 1182 3751 dicuntur.
1204 3688 1359 3769 treliquae
1381 3708 1460 3752 com·

170 3808 280 3851 munes
302 3789 441 3851 dicontur
465 3808 538 3861 esse,
563 3799 597 3851 ut
617 3790 669 3851 de:
694 3801 723 3852 et
744 3790 799 3852 ‘de
822 3791 889 3853 loco
911 3794 1017 3854 venio’
1046 3802 1076 3854 et
1097 3792 1216 3853 ‘deiero
1239 3790 1320 3852 tibi'.
1345 3791 1462 3871 quando

241 3977 304 4029 Ood.
323 3976 402 4030 Ber-rr.
419 3976 478 4025 xnr
496 3974 620 4032 3*-b*.
691 3980 708 4029 4
726 3978 772 4028 ilie
787 3994 846 4028 ecce
906 3980 1007 4030 ‘idiota
1059 3977 1076 4028 8
1097 3978 1156 4028 lecit
1175 3994 1245 4031 corr.
1265 3981 1300 4027 ai.
1320 3994 1383 4031 men.
1402 3979 1463 4029 lacit

243 4045 275 4097 13
294 4046 355 4097 aliut
426 4047 487 4097 aliut
558 4048 590 4098 11
605 4046 668 4097 aliut
686 4064 729 4099 ero
745 4052 825 4111 (corr
845 4051 881 4099 ai.
898 4066 963 4103 man.
984 4063 1043 4099 uero
1063 4048 1113 4109 est]
1132 4048 1233 4099 cludere
1252 4048 1314 4097 aliut
1331 4048 1461 4099 recludere

243 4118 276 4166 15
292 4112 433 4182 recludere]
454 4114 555 4166 eludere
572 4132 642 4171 carr
661 4120 696 4167 al.
715 4134 780 4169 man.
801 4119 931 4169 recludere
984 4120 1016 4169 18
1034 4118 1094 4201 non]
1115 4133 1160 4168 nos
1211 4118 1243 4168 21
1263 4118 1391 4167 cacenl'ato

166 4200 281 4237 monum
350 4188 385 4237 ‘24
405 4186 439 4234 ita
461 4194 488 4235 ut
505 4186 610 4237 uerbum
680 4189 714 4237 aa
732 4204 869 4254 expraesso
890 4198 917 4238 ιιι
937 4206 982 4271 pro
1005 4190 1088 4253 spatio
1106 4190 1179 4239 trium
1201 4190 1339 4260 ιιιιιναῃιιιι
1358 4198 1461 4239 certent

164 4258 260 4307 relicto
331 4255 459 4324 separate]
477 4272 517 4305 se.
525 4258 604 4322 parba
673 4259 781 4323 gratiam
802 4274 869 4309 corr.
887 4261 970 4325 gratia
1040 4259 1075 4309 26
1093 4254 1238 4321 coniuncta]
1258 4244 1403 4308 co'ninnetio

164 4330 201 4377 27
220 4327 385 4461 corpinnctio.
377 4340 441 4376 ..ae
451 4341 532 4390 aeque
601 4326 636 4377 28
654 4338 681 4376 ιιι
699 4329 859 4378 circumcirca
877 4329 927 4378 aab
946 4326 1026 4395 (corr
1042 4332 1076 4383 at.
1095 4337 1159 4381 cren
1179 4326 1235 4391 aut)
1253 4326 1302 4378 sibi
1371 4327 1402 4378 31
1421 4342 1460 4377 re-

165 4398 256 4460 liquae
291 4410 355 4458 quae
1060 4421 1068 4434 ·

237 4586 304 4634 dut
321 4583 424 4633 illaecce
444 4577 611 4634 Peaeum
646 4586 679 4637 lo
702 4583 790 4651 longo]
818 4587 897 4651 Verg.
920 4586 998 4637 bucol.
1021 4588 1050 4647 1,
1066 4586 1101 4637 30
1170 4586 1476 4651 25¹1ntaeuna,quea

164 4656 262 4706 codicia
277 4655 408 4718 scriptura
425 4654 539 4704 iudicare
557 4655 662 4716 uidetur,
681 4656 775 4705 Donati
791 4655 868 4705 verba
886 4666 929 4706 aut
947 4656 1106 4721 participium
1125 4665 1151 4705 nt
1166 4654 1321 4721 praecedens
1339 4663 1383 4703 aut
1400 4670 1460 4705 con-

164 4726 325 4775 iunctionem
343 4723 492 4773 cecideruut
560 4724 596 4775 30
613 4740 679 4787 quae
697 4739 754 4773 cunr
772 4735 904 4790 separatae
923 4724 1018 4775 luerint
1035 4726 1136 4775 casibus
1154 4725 1304 4791 copulantur
1317 4725 1458 4778 Petacbtae.

164 4794 330 4845 aerioma
349 4794 446 4843 ridetur
465 4809 531 4858 qnae
554 4796 690 4859 separatim
709 4793 804 4845 luerint
823 4796 923 4845 casibus
941 4794 1081 4862 copulatae,
1102 4797 1151 4845 atri
1164 4796 1247 4858 potius
1264 4795 1364 4845 casibus
1380 4811 1458 4861 copu-

165 4866 253 4914 lantur
269 4869 362 4926 postea
374 4862 407 4913 ab
424 4866 474 4915 alio
490 4864 643 4928 adscriptam
660 4870 699 4914 est
