3525 5600
319 423 383 490 394
863 427 1069 492 consuunt

344 550 366 591 p.
379 538 455 610 pe-at
468 535 493 577 B.
682 557 686 562 -
1477 553 1496 581 e.
1511 542 1541 582 11.
1552 543 1579 582 ιι

319 637 371 679 sua
394 617 543 680 similibus
558 618 639 678 vitiis
654 619 808 679 materiam
830 626 992 698 praestant.
1023 637 1094 698 ergo
1115 619 1187 679 fient
1209 617 1388 681 barbarismi
1411 621 1501 682 buius
1523 623 1597 693 modi,

319 739 386 781 cum
409 729 458 783 aut
479 722 620 834 Qus
643 719 828 801 aliquidaut
851 721 974 818 Q
983 721 1115 793 sonabit,
1139 741 1229 802 quam
1251 726 1328 784 ratio
1351 723 1477 785 Romani
1500 743 1597 786 sermo·

318 825 365 883 nis
389 826 536 904 exposcit,
560 841 619 884 non
641 825 673 883 in
696 824 768 885 solis
790 825 856 885 istis
883 823 982 884 tribus
1003 825 1129 895 litteris,
1158 825 1210 886 sed
1239 833 1269 887 ct
1291 828 1321 887 in
1345 827 1412 888 aliis
1435 826 1599 907 quibusdan

322 923 407 1006 [cst].
452 944 544 1006 quare
568 925 638 986 binc
660 945 777 1008 quoque
799 945 895 1006 pauca
917 927 1061 988 dicemus.

402 1027 607 1112 Mptacismum
636 1029 752 1099 dicunt,
782 1048 849 1090 cum
876 1031 910 1089 in
937 1030 1068 1091 dictione
1097 1030 1209 1110 aliquid
1238 1034 1282 1092 sic
1309 1035 1462 1093 incuriose
1492 1036 1618 1112 poniturs

317 1129 410 1191 vocali
426 1139 569 1210 sequente
591 1151 620 1192 m
636 1131 781 1202 litteram,
805 1139 851 1202 ut,
876 1151 914 1194 an
930 1133 966 1192 ad
981 1135 1114 1211 priorem
1135 1135 1285 1213 pertineat
1307 1154 1344 1196 an
1367 1135 1403 1195 ad
1427 1143 1598 1214 sequentem,

318 1234 466 1294 incertum
488 1235 542 1304 sit,
566 1235 644 1295 sicut
667 1234 841 1314 plerumque
858 1238 970 1314 passim
991 1237 1153 1316 loquuntur
1175 1237 1327 1297 ‘dixeram
1348 1237 1438 1308 illis'‚
1461 1238 1598 1317 ‘speciem

317 1338 419 1408 aceti',
443 1335 571 1397 ‘faciem
586 1337 712 1397 biacis'.
743 1337 831 1398 huius
854 1339 921 1398 vitii
945 1338 1110 1399 remedium
1132 1347 1177 1400 est
1199 1342 1338 1419 primurn,
1364 1347 1405 1411 ut,
1428 1343 1545 1420 quoties
1564 1344 1599 1402 sic

315 1446 412 1509 sonat,
442 1457 513 1518 pars
542 1441 686 1500 orationis
715 1439 813 1520 aliqua
842 1441 1051 1519 interponatur
1079 1459 1139 1502 non
1167 1462 1184 1503 a
1210 1443 1305 1503 vocali
1335 1445 1503 1523 incipiens,
1530 1451 1560 1503 ut
1578 1446 1601 1504 si

315 1540 387 1600 baec
410 1543 475 1619 ipsa
503 1541 662 1602 emendare
685 1541 823 1612 velimus,
853 1543 1004 1604 ‘dixeram
1027 1550 1097 1604 tunc
1119 1543 1208 1616 illis'‚
1238 1546 1388 1624 ‘speciem
1409 1543 1482 1606 boni
1507 1549 1630 1616 aceti',1⁰
1711 1538 1713 1589 l

315 1643 443 1704 ‘faciem
471 1645 600 1705 furentis
623 1643 749 1705 Aiacis'.
794 1647 982 1707 iotacismnm
1011 1645 1114 1707 dicunt
1141 1649 1245 1708 vitium
1267 1648 1346 1727 quod
1367 1667 1423 1728 per
1445 1650 1456 1708 i
1478 1648 1600 1710 litteram

314 1743 361 1806 vel
388 1749 529 1833 pinguius
560 1747 606 1808 vel
634 1747 741 1855 0le
769 1748 916 1828 prolatam
937 1749 980 1809 nt.
1025 1749 1103 1810 Galli
1130 1751 1271 1830 plnguius
1298 1750 1375 1810 hanc
1403 1758 1542 1822 utuntur,
1574 1761 1601 1812 ut

315 1867 381 1909 cum
410 1850 514 1910 dicunt
540 1853 596 1921 ite,
626 1869 686 1912 non
715 1869 856 1931 expresse
886 1831 983 1932 ipssam
1009 1822 1292 1931 proferentes-scd
1315 1847 1395 1913 inter
1417 1872 1433 1914 c
1455 1861 1488 1914 et
1510 1857 1522 1915 i
1541 1857 1600 1934 pin·

314 1953 451 2028 guiorem
480 1939 584 2014 sonum
613 1956 714 2014 nescio
743 1973 832 2034 quem
859 1963 1014 2033 ponentes.
1060 1935 1165 2016 Graeci
1197 1953 1305 2016 exilius
1337 1955 1414 2016 banc
1442 1957 1599 2036 proferunt,

315 2054 387 2115 adeo
410 2049 417 2139 l
441 2057 720 2142 expressioniheius
747 2059 831 2118 tonui
859 2058 1027 2128 studentes
1056 2065 1103 2127 nt,
1134 2058 1160 2116 si
1183 2057 1283 2118 dicant
1305 2060 1367 2128 ius,
1392 2057 1631 2137 aliquantulumc
1711 2078 1712 2081 ¹

315 2157 351 2216 de
374 2159 469 2237 priori
492 2158 592 2240 littera
615 2161 659 2219 sic
680 2159 850 2239 proferant,
875 2167 907 2219 ut
929 2159 1030 2221 videas
1053 2158 1233 2238 disyllabum
1255 2179 1321 2220 esse
1343 2160 1464 2220 lactum.
1503 2160 1600 2220 Roma·

313 2276 369 2320 nae
397 2260 515 2338 linguae
546 2263 579 2339 'm
605 2261 661 2321 boc
690 2255 747 2321 erit
774 2262 953 2332 moderatio,
985 2270 1016 2322 ut
1045 2261 1133 2360 QS
1161 2265 1226 2322 eius
1248 2282 1340 2323 sonus
1361 2265 1415 2332 sit,
1439 2261 1494 2324 ubi
1516 2262 1551 2324 ab
1571 2282 1602 2322 ea

313 2361 437 2423 verbum
458 2364 581 2454 insipit,
606 2371 638 2424 ut
655 2365 718 2450 ige,
743 2371 793 2424 aut
812 2365 969 2454 Quian,
992 2363 1045 2425 ubi
1067 2365 1099 2423 in
1121 2383 1157 2424 ea
1173 2364 1286 2459 desi-rut
1299 2357 1437 2437 verbum,
1461 2374 1496 2426 ut
1516 2366 1599 2426 habui

311 2468 410 2536 tenui;
434 2465 565 2560 mediano
581 2463 727 2545 quendam
744 2486 849 2527 sonum
865 2469 945 2527 inter
967 2486 982 2527 e
1005 2472 1035 2526 ct
1057 2469 1069 2527 i
1090 2466 1194 2537 babet,
1219 2466 1271 2528 ubi
1293 2469 1324 2528 in
1346 2469 1446 2530 medio
1469 2487 1599 2529 sermone

313 2577 372 2640 esi,
396 2575 428 2629 ut
450 2568 612 2648 hominem.
657 2568 732 2629 mibi
754 2575 852 2630 tamen
874 2571 1002 2639 videtur,
1025 2570 1145 2650 quando
1166 2571 1312 2650 producta
1333 2580 1393 2641 est,
1417 2571 1537 2652 ple-nior
1558 2570 1630 2630 velo

312 2671 428 2764 amatior
450 2690 530 2743 esse;
560 2671 677 2751 quando
705 2681 805 2732 autem
832 2670 933 2733 brevis
962 2677 1022 2743 est,
1053 2672 1184 2732 medinm
1212 2693 1317 2734 sonum
1339 2673 1484 2735 exhibere
1508 2673 1599 2742 debet,

312 2779 388 2838 sicui
411 2771 515 2837 eadem
538 2773 689 2854 exempla,
713 2794 789 2855 quac
811 2778 909 2856 posita
930 2782 1014 2845 sunt,
1037 2783 1162 2854 possunt
1184 2775 1346 2839 declarare.
1391 2777 1599 2839 labdacismum

314 2880 418 2940 vitium
440 2880 472 2939 in
495 2896 530 2938 eo
553 2896 618 2938 esse
642 2878 759 2948 dicunt,
783 2878 861 2959 quod
877 2878 981 2939 eadem
996 2878 1097 2939 littera
1112 2879 1158 2938 vel
1174 2877 1316 2940 subtilius
1331 2898 1351 2939 u
1366 2880 1544 2960 quibusdam
1559 2878 1599 2938 rel

312 2983 455 3062 pinguius
477 2980 619 3042 ecfertur.
658 2989 688 3041 et
709 2999 742 3042 rc
767 3000 835 3042 vera
859 2968 1034 3043 alterutrum
1059 2983 1163 3042 vitium
1185 2981 1364 3061 quibusdam
1386 2982 1527 3061 gentibus
1549 2990 1599 3041 cst.

310 3102 379 3145 nam
408 3102 477 3145 ecce
500 3076 608 3145 Gracci
636 3082 788 3145 subtiliter
816 3084 895 3146 bunc
918 3104 1023 3145 sonum
1046 3085 1183 3145 etlerunt.
1227 3084 1280 3145 ubi
1303 3088 1385 3145 enim
1408 3086 1512 3147 dicunt
1534 3084 1630 3145 ‘illem
1711 3103 1712 3124 ι

310 3187 385 3247 mibi
407 3185 482 3248 dixit
491 3191 513 3257 ’ς
531 3187 578 3261 sio
601 3194 707 3247 sonant
730 3184 805 3246 dnae
828 3186 849 3246 ll
871 3189 986 3265 primae
1009 3186 1154 3266 syllabae,
1177 3190 1262 3267 quasi
1284 3206 1338 3269 per
1359 3207 1454 3249 unum
1475 3186 1485 3249 l
1505 3205 1600 3249 sermo

311 3292 375 3369 ipse
399 3292 550 3350 consistat.
596 3300 700 3350 contra
724 3288 775 3349 alii
799 3290 841 3349 sic
864 3290 1057 3367 pronuntiant
1081 3288 1148 3349 ‘ille
1170 3308 1269 3351 meum
1289 3292 1449 3352 comitatus
1469 3298 1513 3350 est
1529 3292 1600 3350 iter'

311 3398 340 3452 et
364 3392 467 3453 ‘illum
490 3410 544 3471 ego
567 3411 621 3473 per
644 3372 776 3453 flammas
798 3392 924 3470 eripui',
948 3400 979 3451 ut
1002 3390 1114 3472 aliquid
1136 3392 1198 3452 illic
1221 3394 1287 3453 soni
1307 3396 1400 3455 etiam
1415 3394 1599 3454 consonantis

312 3498 487 3555 ammiscere
510 3495 681 3564 rideantur,
705 3494 784 3576 quod
806 3495 1021 3573 pinguissimae
1044 3495 1220 3573 prolationis
1248 3504 1303 3557 cst.
1349 3494 1481 3557 Romana
1501 3495 1598 3572 lingua
1711 3564 1713 3569 ,

310 3582 548 3658 emandationem
576 3596 666 3657 habet
692 3598 724 3657 in
753 3597 808 3657 boc
831 3615 948 3678 quoquc
977 3596 1180 3659 distinctione.
1224 3618 1294 3660 nam
1316 3597 1431 3660 alicubi
1451 3598 1632 3678 pinguiustt
1711 3581 1712 3610 ³

312 3698 422 3760 alicubi
446 3699 534 3760 debet
557 3700 665 3760 exilius
688 3698 833 3779 proserri;
857 3700 1013 3780 pinguius,
1036 3717 1105 3760 cum
1127 3701 1172 3761 vel
1194 3700 1213 3761 b
1237 3704 1388 3782 sequitur,
1417 3708 1450 3761 ut
1471 3703 1503 3761 ιἰι
1525 3698 1597 3767 albo,
1711 3699 1712 3706 ’

310 3802 356 3862 vel
379 3821 409 3872 c,
433 3810 466 3863 ut
487 3805 518 3862 in
541 3802 682 3883 pulchro,
707 3802 753 3862 vel
775 3802 801 3873 s,
825 3804 911 3863 utin
934 3801 1050 3872 adellis,
1074 3803 1121 3864 vel
1142 3822 1175 3881 g,
1203 3812 1236 3864 nt
1263 3807 1294 3864 in
1324 3803 1404 3881 alga,
1433 3802 1480 3863 vel
1501 3820 1547 3872 m,
1569 3808 1599 3860 nt

310 3904 370 3985 lin
392 3904 548 3985 pulmone,
576 3903 622 3966 vel
644 3924 678 3985 p,
710 3915 742 3965 ut
770 3907 801 3963 in
829 3904 961 3984 scalpro;
990 3904 1100 3966 exilius
1129 3915 1227 3967 autem
1248 3905 1428 3986 proterenda
1451 3911 1510 3975 est,
1533 3902 1597 3963 ubi-

309 4025 435 4087 cumque
459 4006 496 4069 ab
519 4026 553 4068 ca
576 4006 700 4068 verbum
722 4010 844 4087 incipit,
868 4014 902 4067 ut
924 4008 955 4067 in
976 4007 1079 4087 lepore
1102 4007 1168 4069 lana
1190 4008 1275 4089 lupo,
1298 4007 1344 4070 vel
1366 4008 1419 4069 nbi
1441 4010 1473 4068 in
1494 4005 1598 4067 eodem

308 4108 400 4171 verbo
428 4120 457 4172 et
484 4114 567 4191 prior
594 4109 706 4191 syllaba
733 4113 764 4171 in
792 4108 847 4173 bac
874 4111 994 4181 finitur,
1024 4118 1054 4171 et
1082 4130 1210 4191 sequens
1232 4111 1269 4173 ab
1291 4131 1328 4173 ea
1349 4112 1471 4191 incipit,
1492 4116 1526 4170 ut
1547 4107 1630 4168 illem

308 4220 337 4274 ct
360 4212 446 4274 bllia.

396 4385 410 4435 l
430 4399 491 4450 ergo
509 4386 571 4433 liunt
590 4410 622 4421 -
642 4386 726 4435 sonuit
744 4384 866 4437 Clemens:
885 4401 946 4452 ergo
965 4384 1026 4437 flent
1044 4386 1195 4437 barbarismi
1213 4384 1359 4436 huiusmodi
1376 4401 1427 4436 non
1442 4388 1466 4434 in
1483 4384 1548 4435 solis
1565 4408 1596 4418 —

309 4454 471 4517 quibusdam,
485 4470 542 4503 cuin
559 4463 604 4503 aut
619 4483 650 4489 —
669 4457 791 4521 exposcit.
807 4471 886 4519 qnare
903 4458 1066 4507 Heiaricbiuc
1082 4458 1153 4518 opud
1170 4456 1343 4509 Battmnnmon
1393 4452 1499 4520 Boeoti]
1521 4455 1595 4504 acieti

309 4524 354 4573 Ml
410 4522 680 4589 lenocinamento
751 4526 781 4575 ll
797 4526 963 4578 surientisM
1032 4528 1064 4577 12
1075 4527 1201 4591 prolatum
1221 4528 1254 4576 sit
1272 4526 1305 4575 M
1373 4523 1596 4577 lentennaco!

379 4594 411 4645 16
427 4594 557 4659 proterunt
575 4604 601 4645 ut
617 4595 689 4645 uides
706 4597 738 4645 M
795 4597 827 4647 18
842 4606 885 4645 aut
900 4595 1052 4663 plagiorM
1104 4597 1377 4647 ‘lilontecismuuiM
1425 4596 1485 4647 aaa
1503 4594 1597 4646 aaut

377 4664 410 4714 25
427 4660 480 4730 ubi]
501 4674 529 4713 ut
548 4665 581 4715 M
637 4667 670 4715 27
689 4668 895 4731 pronuntiantur
913 4668 954 4716 ille
970 4667 1005 4716 M
1060 4668 1094 4717 28
1111 4667 1206 4730 aliquid
1225 4668 1233 4714 i
1251 4667 1350 4718 litterae
1368 4667 1424 4716 soni
1441 4666 1515 4715 ctiam
1535 4679 1596 4713 coa·

308 4734 408 4782 sonanti
426 4734 598 4786 Buttmannus.
619 4741 671 4787 eius
690 4745 772 4787 tantan
791 4739 1003 4800 pronuntiationis
1020 4753 1069 4788 non
1091 4739 1233 4788 mentionem
1253 4739 1371 4801 secernat
1386 4737 1540 4800 grammatici
1556 4735 1598 4799 qui

308 4804 339 4852 de
352 4804 695 4869 lambdacismoscripacrunt
748 4810 897 4858 consonanti
911 4808 944 4857 M
995 4808 1029 4859 29
1046 4808 1280 4873 romanaelinguac
1293 4809 1487 4859 emendationem
1501 4805 1598 4853 babent

308 4874 333 4921 in
353 4872 400 4922 lrac
417 4874 463 4923 M:
482 4874 587 4923 Romani
605 4876 738 4926 Οναηιιπιιι
808 4878 840 4929 31
862 4888 889 4925 ιιι
909 4879 967 4927 albo
987 4878 1026 4927 ccl
1045 4896 1059 4927 c
1078 4881 1102 4927 in
1123 4877 1227 4942 pnlcbro
1243 4879 1276 4927 M
1346 4878 1380 4929 32
1399 4878 1476 4943 algam
1492 4875 1526 4923 M

307 4942 340 4993 33
360 4945 385 4992 in
404 4945 488 5007 scalpe
506 4944 635 5009 adscripto
653 4948 677 4996 in
690 4962 769 5013 marg.
791 4948 875 5014 scalps
892 4948 924 4997 M
