3525 5600
335 367 399 432 240
908 369 1061 431 POllPEll

361 489 382 531 ρ.
395 477 484 518 tae-aa
497 475 520 518 L

336 556 424 617 mode
447 558 552 618 transit
579 559 610 616 in
639 557 826 618 consonantis
856 563 1048 636 potestatem,
1079 562 1109 617 et
1135 553 1224 616 modo
1246 574 1267 614 u
1288 572 1350 614 non
1377 571 1434 633 pro
1455 552 1547 612 vocali
1567 563 1613 623 ost,

335 658 386 720 sed
409 677 463 739 pro
486 659 678 720 consonantis
700 665 854 738 potestate.

420 762 576 833 Quaeritur
604 761 681 840 apud
711 761 911 841 artigraphos,
946 767 1018 840 quot
1048 759 1143 819 modis
1175 758 1265 820 verba
1297 757 1444 818 deficiant.
1495 757 1615 818 Donatus
1713 788 1715 809 ·

334 865 429 925 ‘tenuit
451 861 651 943 conpendium
681 865 824 944 optimum
848 871 877 923 et
899 863 952 932 ait,
982 868 1026 922 tot
1047 861 1143 922 modis
1167 860 1256 923 rerha
1283 860 1436 928 deficiunt,
1466 868 1539 938 quot
1558 869 1616 948 sunt

335 985 411 1046 quae
433 965 571 1027 accidunt
592 963 698 1026 verbis.
744 971 815 1044 quot
836 970 905 1024 suut
927 980 1001 1040 quae
1024 963 1179 1024 accidunt?
1213 970 1343 1044 septem,
1367 961 1493 1042 qualitas
1524 963 1635 1021 conio-s

334 1070 413 1148 gatio
446 1087 538 1147 genus
572 1087 712 1130 numerus
740 1068 832 1145 figura
858 1074 976 1146 tempus
1002 1069 1137 1144 persona.
1184 1084 1274 1146 quem
1301 1065 1337 1125 ad
1365 1064 1486 1125 modum
1512 1073 1617 1142 septem

335 1179 403 1232 suut
425 1189 499 1251 quae
521 1170 674 1238 accidunt,
703 1187 826 1230 necesse
855 1175 900 1228 est
921 1175 954 1228 ut
974 1176 1018 1229 tot
1044 1169 1141 1230 modis
1168 1167 1258 1229 rerba
1286 1166 1433 1227 deficiant.
1477 1173 1547 1246 puta
1571 1184 1617 1243 ρετ
1713 1204 1714 1217 τ

334 1270 488 1353 qualitates
515 1273 629 1344 invenis
656 1271 781 1334 verbum
808 1270 1001 1339 defectivum,
1035 1279 1068 1331 ut
1094 1272 1134 1331 sit
1160 1270 1426 1350 frequentativum,
1451 1277 1481 1328 et
1508 1268 1617 1328 nonsit
1713 1262 1714 1317 ἕ

334 1374 448 1435 modus.
494 1374 619 1454 qualitas
641 1376 720 1434 enim
743 1380 793 1433 aut
815 1374 845 1434 in
867 1372 964 1434 modis
987 1373 1088 1458 ant-in
1111 1371 1215 1433 formis
1238 1381 1284 1434 est
1305 1373 1473 1432 constituta.
1512 1369 1616 1430 lacesso

333 1477 462 1537 lacesso:
497 1494 557 1538 non
584 1483 682 1556 potest
707 1475 833 1536 inveniri
855 1475 985 1554 primunr
1006 1476 1114 1554 ipsius,
1143 1474 1173 1534 id
1196 1481 1241 1536 est
1262 1472 1435 1554 principale.
1480 1491 1519 1532 ne
1546 1470 1647 1532 dicasu

334 1579 407 1638 mihi
429 1577 467 1640 ab
489 1597 523 1639 eo
547 1578 626 1659 quod
649 1585 694 1639 est
717 1576 791 1638 laeio
815 1577 884 1638 lacit
905 1577 993 1645 lacto,
1016 1577 1087 1638 iacit
1108 1578 1218 1647 factito,
1242 1577 1313 1637 lacit
1336 1576 1464 1644 iacessn;
1490 1593 1551 1636 non
1571 1593 1616 1652 po

333 1687 399 1742 test.
444 1683 580 1742 norimus
613 1687 712 1742 autem
750 1679 889 1757 quoniam
923 1678 1138 1757 frequentativa
1173 1698 1262 1760 saepe
1288 1698 1343 1759 per
1375 1696 1467 1738 unum
1501 1677 1618 1755 gradum

333 1783 511 1854 ascendunt,
540 1802 608 1844 raro
635 1801 689 1862 per
718 1781 806 1853 duos,
836 1799 891 1861 ρετ
917 1787 978 1840 tres
1000 1779 1182 1863 nuquuam.
1227 1800 1298 1860 ergo
1320 1781 1413 1842 hahes
1435 1781 1527 1850 lacio,
1555 1778 1617 1839 inde
1713 1798 1714 1807 ¹

333 1884 420 1954 lacto,
444 1884 512 1945 inde
535 1887 645 1946 laetito.
676 1886 701 1946 si
724 1884 804 1946 dieas
826 1885 950 1953 lacesso,
974 1885 1032 1944 iam
1055 1891 1158 1944 contra
1180 1890 1276 1944 artem
1298 1882 1440 1952 ascendit,
1466 1890 1496 1942 et
1509 1880 1616 1943 nullum

333 1986 455 2048 verbum
476 1989 625 2048 invenitur
646 1991 676 2047 in
699 1995 836 2066 quartum
859 1985 984 2064 gradum
1006 1986 1181 2047 ascendens.
1212 2005 1283 2066 ergo
1299 1986 1415 2047 lacesso
1437 1984 1550 2045 lacesso
1572 1984 1648 2042 ‹te-n
1713 2028 1714 2035 τ

333 2089 437 2149 lectiva
458 2097 528 2151 sunt
548 2107 602 2169 per
624 2090 749 2159 iormas,
778 2089 808 2148 id
832 2096 877 2149 est
899 2095 968 2149 sunt
994 2089 1208 2166 frequentativa
1236 2097 1265 2149 et
1292 2106 1352 2149 non
1379 2087 1491 2148 hahent
1511 2087 1617 2166 princi·
1713 2116 1714 2139 τ

331 2189 414 2271 ρεΙεε
435 2192 555 2253 formas.
585 2191 711 2252 diximus
734 2191 904 2272 qualitatem
925 2193 957 2250 in
979 2190 1075 2251 modis
1095 2199 1125 2251 et
1145 2195 1176 2252 a'n
1196 2191 1304 2264 formis
1325 2191 1526 2251 constitutam.
1555 2206 1618 2249 ecce
1713 2192 1714 2267 j

332 2293 424 2354 hahes
445 2313 501 2374 per
523 2295 648 2364 lormas;
671 2293 784 2354 lacesso
807 2313 868 2354 nen
890 2295 960 2354 lacit
981 2292 1055 2353 laco.
1099 2312 1154 2373 ρετ
1177 2293 1290 2363 modos,
1313 2301 1346 2354 ut
1366 2293 1494 2354 diximus
1515 2294 1548 2352 in
1564 2291 1616 2350 'le-

331 2398 437 2467 rentio,
461 2395 544 2465 cedo,
568 2415 627 2458 non
651 2396 751 2466 caedo,
774 2403 807 2457 nt
828 2396 918 2456 saciat
939 2394 1153 2475 diphthongon,
1176 2395 1229 2456 sed
1251 2395 1334 2464 cedo,
1356 2394 1388 2455 id
1410 2401 1456 2454 est
1477 2394 1538 2456 dic:
1565 2393 1618 2452 hoc

332 2500 410 2560 enim
433 2482 556 2560 verbum
585 2497 758 2562 nonhabet
785 2499 842 2560 nisi
865 2496 961 2558 solum
988 2499 1208 2577 imperativum,
1238 2497 1330 2558 ‘cedo
1357 2497 1428 2578 quid
1457 2495 1649 2563 attulistil‘,n
1713 2514 1714 2545 t

331 2598 422 2660 ‘cedo
445 2601 516 2678 quid
539 2601 659 2672 dicisi’,
684 2600 776 2662 ‘cedo
799 2601 870 2678 quid
892 2601 1018 2662 laciesi’
1042 2606 1072 2661 et
1092 2602 1178 2662 istam
1201 2619 1291 2661 unam
1313 2619 1471 2681 personam
1486 2599 1615 2677 legimus,
1713 2612 1714 2617 ’

332 2719 387 2762 nec
409 2700 495 2763 aliam
518 2713 602 2782 potes
624 2704 772 2774 invenire,
803 2703 876 2770 cedo
904 2710 934 2764 et
960 2709 1052 2773 cette,
1080 2703 1111 2763 id
1135 2711 1179 2764 est
1200 2721 1278 2764 unus
1300 2702 1389 2774 cedo,
1418 2701 1503 2762 multi
1529 2707 1616 2768 cette;
1713 2750 1714 2753 ,

333 2807 448 2865 numeri
468 2812 517 2866 est
538 2804 663 2885 pluralis
685 2805 773 2885 [cedo
797 2806 857 2877 dic,
882 2813 959 2867 cette
981 2805 1094 2886 dicite].
1138 2808 1253 2867 ‘cette
1280 2808 1381 2886 patri
1408 2810 1504 2867 meo'
1530 2804 1617 2865 hahes

333 2908 420 2967 etiam
443 2907 519 2988 apud
543 2907 688 2978 Plautum,
712 2907 742 2968 id
766 2917 809 2969 est
831 2908 898 2969 date
920 2910 997 2988 patri
1017 2927 1095 2969 meo.
1140 2928 1211 2970 ecce
1233 2926 1287 2988 ρετ
1310 2908 1412 2968 modos
1435 2914 1464 2967 et
1484 2925 1540 2986 per
1560 2908 1616 2966 ior·
1713 2955 1714 2978 ,

332 3026 403 3067 mas
436 3016 466 3069 et
486 3028 541 3089 ρετ
563 3012 788 3089 coniugationes
810 3011 898 3071 verba
927 3011 1080 3081 deliciunt,
1112 3022 1145 3071 ut
1166 3019 1213 3071 est
1233 3029 1299 3072 snm
1321 3030 1355 3071 es
1376 3018 1431 3071 est.
1465 3011 1490 3069 si
1511 3010 1649 3070 laceretts

332 3130 396 3171 snm
420 3130 452 3171 es
474 3121 511 3187 et,
534 3131 690 3192 possemus
712 3112 812 3173 dicere
835 3113 983 3174 secundae
1006 3115 1234 3191 coniugationis;
1272 3131 1339 3174 nam
1367 3112 1496 3173 secunda
1519 3113 1616 3171 conio·
1713 3161 1714 3166 ,

332 3216 409 3291 gatio
431 3233 486 3294 ρετ
508 3234 539 3276 es
562 3217 630 3295 exit,
653 3215 704 3277 sed
728 3215 915 3296 productum,
938 3223 971 3276 ut
993 3215 1083 3276 sedeo
1105 3216 1201 3287 sedes,
1218 3216 1310 3277 doceo
1326 3216 1424 3276 doces.
1451 3213 1508 3275 hoe
1523 3222 1617 3274 autem

309 3333 389 3409 ¹non
417 3316 604 3396 producitur,
634 3336 700 3379 sum
722 3318 768 3388 ds,
792 3336 851 3379 non
882 3316 886 3397 1
915 3337 1074 3397 possumus
1097 3317 1284 3379 dioecesum
1311 3326 1353 3379 es.
1394 3315 1472 3378 unde
1500 3322 1617 3396 apparet

332 3419 470 3497 quoniam
494 3421 730 3497 coniugationem
753 3418 863 3481 nullam
885 3420 989 3491 habet;
1012 3440 1068 3481 nee
1089 3419 1217 3481 habeta
1245 3439 1300 3482 nee
1328 3439 1345 3481 e
1365 3419 1542 3499 productum
1564 3435 1617 3478 nee

333 3520 350 3579 i.
396 3538 450 3599 per
473 3538 595 3598 genera:
620 3522 644 3581 si
666 3522 746 3582 dicas
768 3516 873 3593 audeo,
897 3522 996 3583 delicit
1017 3541 1072 3602 ρετ
1093 3541 1198 3601 genus.
1232 3542 1301 3583 nam
1323 3524 1349 3583 si
1370 3521 1466 3583 audeo
1488 3518 1650 3582 nenualen

332 3626 389 3690 est,
414 3626 507 3682 toturn
530 3622 664 3683 neutrale
691 3641 756 3685 esse
779 3624 892 3685 debuit.
934 3624 988 3685 sed
1015 3627 1098 3685 venit
1124 3626 1160 3687 ad
1188 3632 1306 3705 tempus
1332 3626 1526 3705 praeteritum
1549 3642 1614 3703 ρετ-

330 3723 440 3783 lectum
464 3732 493 3785 et
515 3732 622 3793 mutat,
647 3743 734 3785 ausus
756 3743 822 3787 sum
849 3745 939 3787 ausus
961 3744 1052 3796 eram,
1076 3730 1192 3806 gavisus
1214 3746 1280 3789 snm
1302 3729 1418 3805 gavisus
1441 3745 1530 3789 eram.
1563 3743 1615 3804 por

330 3841 485 3885 numeros:
509 3826 576 3886 laxo
599 3826 730 3896 dicimus,
755 3826 880 3888 faximus
904 3847 992 3889 nemo
1014 3828 1093 3890 dicit.
1138 3850 1193 3910 ρετ
1216 3833 1336 3909 figuras:
1366 3829 1508 3910 conpleu,
1531 3847 1614 3888 nemo

329 3925 401 3986 dicit
428 3924 507 4005 plen.
556 3946 611 4008 ρετ
638 3938 785 4008 tempora:
824 3931 888 3991 lero
917 3931 1057 4000 dicimus,
1091 3933 1168 3993 lesui
1197 3952 1285 3994 nemo
1313 3932 1393 3994 dicit.
1443 3947 1613 4012 quamquam

400 4168 413 4218 l
435 4176 459 4217 et
479 4169 553 4217 modo
573 4168 676 4219 uBCa
696 4184 753 4218 ecce
766 4168 841 4219 modo
855 4186 871 4218 u
886 4170 911 4218 Α
980 4170 997 4221 8
1015 4171 1118 4223 inuenio
1133 4171 1187 4222 Ac
1203 4172 1317 4221 inuenies
1335 4173 1382 4223 Ba
1453 4186 1502 4221 non
1519 4186 1563 4222 om.
1578 4168 1612 4231 A,

329 4236 390 4287 add.
410 4253 443 4289 a:
461 4247 485 4287 et
504 4252 553 4289 non
573 4240 606 4289 sit
624 4238 714 4289 modus
734 4240 782 4289 nisi
798 4241 878 4301 ipsius
890 4243 1048 4305 praenuntiet
1064 4244 1238 4308 neplepentiae
1255 4242 1409 4292 tribuendum
1427 4252 1475 4304 eet,
1493 4240 1613 4306 tepentium

330 4314 354 4355 et
377 4320 426 4356 non
449 4310 482 4357 sit
500 4308 646 4375 principalis
666 4308 749 4359 forma
819 4310 848 4360 ll
870 4311 901 4359 nb
921 4314 1037 4376 eoquod
1062 4321 1102 4361 est
1119 4312 1186 4363 laciu
1205 4312 1266 4374 (luci
1285 4314 1309 4361 Α
1332 4312 1396 4361 iaeio
1415 4316 1445 4376 a)
1467 4312 1527 4361 lecit
1549 4310 1611 4359 lemn

330 4378 418 4439 tlaeito
437 4380 468 4442 Ο)
488 4378 548 4428 lacit
566 4379 626 4429 laxo
646 4380 723 4442 (lacto
740 4382 764 4429 Α
784 4396 853 4433 corr.
870 4380 931 4430 faxo
947 4382 974 4448 a)
993 4396 1043 4431 non
1061 4392 1144 4448 potest
1159 4382 1242 4434 Aac
1295 4382 1326 4432 13
1344 4383 1403 4431 inde
1421 4380 1508 4431 lectito
1525 4396 1567 4431 orn
1578 4379 1611 4439 A,

330 4446 390 4497 add.
408 4462 425 4495 u
478 4448 510 4498 14
527 4452 548 4498 si
567 4450 637 4498 dicas
656 4449 717 4500 laxo
733 4452 782 4500 iam
798 4450 882 4500 Ano
932 4454 965 4504 la
984 4453 1170 4507 nomano
1220 4454 1251 4502 lt
1267 4454 1401 4516 qualitates
1417 4452 1442 4501 iu
1459 4452 1540 4502 modis
1555 4464 1611 4501 cou-

330 4516 430 4575 stitutus
446 4518 518 4567 Ano
571 4519 602 4570 18
618 4522 642 4567 iu
661 4520 789 4587 Terentio]
810 4522 844 4583 cs.
859 4538 940 4587 supra
955 4526 982 4585 ρ.
1001 4522 1053 4573 305
1068 4526 1108 4577 ed.
1125 4524 1202 4573 Lind.
1256 4524 1287 4574 21
1306 4522 1470 4573 iacietABC
1519 4525 1552 4571 22
1569 4535 1611 4569 nec

330 4586 404 4637 uliam
420 4586 476 4637 Cet
493 4590 613 4639 inlitora
631 4587 664 4639 n*
680 4605 726 4639 uec
744 4586 848 4641 alteram
869 4592 895 4642 B
946 4603 971 4642 et
988 4602 1053 4642 cette
1073 4594 1105 4644 0:
1125 4608 1193 4643 corr.
1212 4601 1236 4641 et
1253 4595 1333 4643 cedite
1351 4608 1366 4641 e
1424 4608 1489 4642 uuus
1502 4588 1611 4653 Bolila

329 4656 463 4705 uuiusAe
516 4660 587 4709 mirlti
605 4658 768 4712 doliturae*
821 4662 972 4712 cetteBGa
990 4663 1073 4713 redite
1091 4664 1134 4713 Αε
1187 4662 1221 4714 23
1238 4673 1276 4713 est
1293 4679 1339 4716 om,
1352 4664 1387 4722 A,
1406 4664 1500 4715 add.a
1549 4659 1609 4709 cedo

329 4725 370 4773 dic
388 4736 451 4776 cette
467 4726 541 4778 dicite
558 4731 628 4793 (date
640 4728 680 4793 A)
697 4735 722 4781 in
734 4748 812 4797 mor-p.
827 4733 889 4782 cdd.
908 4732 963 4781 AB
1004 4736 1038 4783 24
1056 4735 1125 4799 apud
1138 4732 1264 4800 Plautum]
1280 4735 1316 4798 cs.
1333 4732 1434 4783 Credon.
1452 4748 1481 4797 p.
1499 4730 1562 4784 1916

328 4796 361 4847 25
382 4794 486 4861 laceret]
506 4798 599 4851 diceret
618 4800 700 4853 ABG
769 4804 802 4853 26
823 4816 957 4867 possemus
975 4802 1012 4852 Cb
1035 4818 1171 4871 possumus
1189 4805 1213 4852 Α
1221 4804 1245 4852 B
1314 4801 1346 4855 at
1366 4804 1451 4853 ueniet
1469 4800 1548 4852 Ano

328 4864 536 4929 taquamquam
556 4871 743 4923 Lindemaunua
761 4888 836 4935 quam
856 4870 912 4921 AB
929 4873 996 4935 qund
1016 4875 1038 4924 0
