3525 5600
294 326 357 390 366
835 322 1038 386 CONSENTll

320 448 343 489 p.
356 437 457 478 aeae-52
470 433 493 475 P.

295 519 398 578 tientis
421 519 480 577 vim
502 517 648 576 continet:
672 515 801 592 agentis,
825 521 858 574 ut
879 531 948 574 seco
970 533 1041 585 nr0;
1064 515 1219 594 patientis,
1243 522 1276 575 ut
1297 532 1383 575 secor
1405 533 1486 575 uror.
1515 533 1579 575 cum

296 639 366 680 vero
387 626 526 680 neutrum
552 612 558 698 Ι
582 618 687 678 horum
715 617 925 694 significationi
953 619 1046 687 inest,
1075 616 1195 678 habitus
1217 617 1337 696 quidam
1358 625 1473 678 tantum
1495 617 1579 678 medo

298 724 524 790 demonstratur,
550 726 581 779 ut
603 727 647 780 est
670 726 715 780 sto
738 722 821 798 sapie
843 721 918 780 vivo.
949 738 1053 780 eorum
1075 727 1175 780 autem
1197 738 1272 799 quae
1295 726 1393 780 actum
1415 720 1580 798 significant

297 825 441 905 quaedam
469 822 539 883 talia
566 829 648 890 sunt,
678 829 710 881 ut
739 823 769 881 in
802 821 861 882 alio
889 829 985 892 actus,
1015 823 1047 881 in
1076 821 1134 882 alin
1156 824 1256 901 passio
1284 824 1443 882 constituta
1471 825 1527 891 sit,
1549 831 1580 882 ut

297 946 365 987 cum
387 926 514 986 dic-imus
536 943 606 984 seen
628 942 696 993 ure,
720 941 842 984 necesse
865 932 912 984 est
932 931 964 984 ιιι
980 924 1236 985 administrantem
1258 932 1289 984 et
1310 926 1472 1003 patientem
1496 927 1602 984 unius⁵

298 1027 466 1089 intellectus
494 1029 571 1086 ratio
594 1025 830 1105 conprehendam
860 1026 1007 1107 quaedam
1035 1046 1107 1087 rere
1135 1026 1204 1088 talia
1227 1034 1310 1095 sunt,
1345 1032 1378 1086 ut
1399 1026 1512 1087 nullum
1532 1047 1580 1106 pa-

297 1133 421 1190 tientem
448 1131 633 1190 extrinsecus
661 1147 783 1189 necesse
811 1131 850 1189 sit
878 1128 1027 1206 intellegi,
1055 1139 1089 1190 ut
1116 1148 1184 1190 cum
1212 1129 1339 1189 dicimus
1361 1129 1451 1189 sedeo
1471 1136 1503 1188 et
1524 1147 1580 1188 am·

298 1233 376 1293 bulo.
422 1231 561 1292 similiter
588 1250 705 1310 quoque
733 1250 767 1292 ca
795 1250 871 1312 quae
900 1233 1075 1310 patientiam
1096 1230 1207 1292 habent
1234 1231 1386 1291 interdum
1413 1232 1478 1290 eius
1507 1231 1582 1290 modi

225 1369 229 1374 ·
298 1342 376 1405 sunt,
401 1342 432 1394 ut
455 1341 592 1412 agentem
607 1336 792 1394 extrinsecus
808 1334 1027 1403 demonstrent,
1051 1335 1140 1394 sicuti
1164 1341 1210 1394 est
1232 1351 1316 1394 secor
1337 1332 1441 1412 pulsor
1463 1333 1580 1412 tapnim

298 1436 441 1518 quaedam
475 1445 573 1496 autem
606 1437 671 1496 eius
703 1436 782 1496 nrndi
810 1443 894 1506 sunt,
923 1444 956 1496 ut
983 1438 1125 1516 patientia
1153 1454 1228 1515 quae
1262 1437 1447 1514 significatur
1473 1435 1615 1496 nullamn

299 1542 414 1617 agentis
443 1556 600 1618 personam
628 1538 726 1598 trahat
754 1541 954 1608 extrinsecus,
982 1548 1016 1600 ut
1044 1547 1088 1600 est
1117 1541 1216 1599 esurio
1238 1539 1333 1617 algeo.
1377 1537 1522 1618 quaedam
1543 1541 1582 1597 sic

299 1642 453 1711 dicuntur,
478 1648 591 1701 utnon
614 1642 673 1701 sint
695 1640 800 1718 plena,
824 1642 882 1700 nisi
904 1641 1015 1720 aliquid
1031 1641 1170 1711 addatur,
1194 1649 1228 1701 ιιι
1248 1640 1309 1702 vult
1332 1641 1466 1701 decernit
1489 1639 1582 1700 iubet:

299 1747 357 1804 uisi
387 1746 465 1804 euim
495 1742 598 1812 addae,
628 1742 699 1822 quid
728 1743 814 1812 velit,
846 1743 918 1822 qnid
946 1744 1101 1812 decernat,
1130 1742 1202 1823 quid
1232 1742 1348 1812 iubeat,
1371 1742 1476 1822 plenus
1498 1743 1583 1803 intel·
1707 1820 1708 1833 χ

299 1846 393 1906 lectus
423 1864 481 1906 nnn
514 1852 569 1904 est.
614 1844 758 1924 quaedam
791 1863 861 1905 vero
894 1845 1062 1906 absolutum
1091 1845 1202 1906 liabent
1230 1845 1430 1916 intellectum,
1465 1854 1497 1906 ιιι
1527 1847 1584 1905 sitit
1613 1908 1618 1916 Ι

301 1951 396 2008 esurit
418 1949 555 2018 satiatur,
586 1965 681 2026 neque
709 1957 786 2027 epus
814 1956 859 2008 est
888 1950 953 2008 eius
980 1949 1059 2008 medi
1087 1949 1269 2016 adiectione,
1293 1947 1365 2026 quid
1387 1951 1515 2018 esuriat,
1537 1959 1614 2008 aute
1707 1994 1708 2003 ι

300 2051 371 2130 quid
395 2051 493 2118 sitiat,
524 2057 573 2109 aut
600 2068 658 2128 qun
681 2057 763 2110 satur
790 2053 839 2111 sit.
884 2051 1029 2130 quaedam
1056 2050 1126 2112 talia
1154 2058 1238 2119 sunt,
1261 2057 1295 2109 ut
1316 2053 1462 2128 patientia
1482 2051 1531 2110 vel
1552 2069 1584 2109 ex

300 2153 449 2213 voluntate
472 2151 517 2211 vel
540 2157 643 2211 contra
659 2151 837 2213 voluntatem
856 2155 990 2213 evenisse
1005 2153 1154 2213 videatur:
1178 2172 1215 2212 ex
1236 2151 1403 2219 voluntate,
1427 2158 1460 2210 ut
1480 2152 1585 2212 doceor

301 2256 397 2326 ditnr;
427 2261 528 2314 centra
558 2252 753 2323 voluntatem,
783 2260 816 2312 ut
843 2273 915 2315 uror
943 2274 1038 2315 secer.
1082 2255 1227 2335 quaedam
1255 2272 1325 2315 rere
1352 2253 1423 2314 talia
1451 2261 1532 2322 sunt,
1556 2265 1585 2314 ιιι

301 2364 439 2420 ucutruur
462 2357 582 2424 lmrum,
611 2357 687 2415 sicut
715 2355 831 2416 Probus
859 2358 904 2416 vir
926 2357 1115 2418 doctissimus
1137 2358 1271 2427 adnotat,
1296 2355 1467 2424 admittant,
1490 2362 1524 2414 ut
1544 2365 1585 2413 est

300 2462 384 2538 algeo
417 2465 528 2520 aestuo.
573 2456 687 2537 ‘neque
715 2460 811 2518 enim'
844 2461 942 2539 inquit
969 2459 1079 2520 ‘latine
1107 2459 1231 2529 dicitur,
1267 2459 1369 2519 rolens
1401 2466 1452 2518 aut
1479 2459 1618 2517 inritusa

300 2565 367 2642 quis
400 2568 514 2622 aestuat
545 2567 595 2622 aut
623 2560 714 2637 alget,
744 2578 811 2620 cnm
837 2560 894 2621 hcc
922 2579 959 2620 ex
986 2563 1163 2622 necessitate
1196 2582 1250 2642 pro
1277 2561 1419 2642 qualitate
1447 2561 1587 2640 temperis

301 2667 421 2724 evenire
446 2664 608 2724 videatur’.
644 2663 787 2743 quaedam
811 2665 875 2722 eius
898 2663 977 2723 medi
1000 2672 1083 2733 sunt,
1107 2671 1149 2734 ut,
1172 2665 1228 2725 nisi
1252 2682 1382 2744 persona
1404 2662 1519 2723 adiecta
1539 2663 1585 2730 sit,

302 2767 424 2847 plenum
447 2766 634 2827 intellectum
657 2785 715 2827 nnn
738 2763 881 2834 habeant,
906 2765 997 2827 veluti
1021 2768 1131 2848 pingit,
1155 2767 1239 2846 quisi
1276 2766 1412 2846 Apelles;
1435 2765 1585 2835 declamat,

303 2870 388 2950 quis?
412 2869 526 2929 Cicero.
572 2869 718 2948 quaedam
740 2888 810 2929 vero
834 2888 849 2929 e
872 2871 1022 2929 centrario
1050 2869 1216 2929 eiusmodi
1239 2877 1321 2937 sunt,
1347 2875 1379 2928 ut
1402 2868 1438 2928 ad
1460 2868 1584 2949 plenitu-

302 2970 403 3031 dinem
427 2970 610 3039 intellectae,
635 2990 651 3030 a
673 2990 732 3049 qun
754 2971 870 3032 scilicet
893 2973 1153 3039 administrentur,
1184 2988 1258 3049 opus
1278 2989 1338 3030 nou
1361 2972 1400 3030 sit
1423 2970 1618 3031 adiectiones
1707 3001 1708 3046 ι

302 3090 456 3152 personae,
482 3079 514 3132 ut
542 3071 618 3151 pluit
645 3081 741 3133 tonat:
766 3076 829 3133 sine
853 3072 944 3134 dubie
967 3075 1047 3133 enim
1070 3072 1255 3150 intellegitur
1278 3073 1360 3133 deus.
1405 3074 1479 3133 item
1500 3091 1586 3153 quae·

303 3174 370 3235 dam
393 3174 482 3235 rerba
505 3181 626 3235 suntet
647 3194 736 3254 parm
759 3195 813 3235 usu
843 3194 901 3235 non
924 3178 1016 3253 figura
1039 3182 1162 3235 eatenus
1184 3174 1423 3253 distinguuntur,
1452 3185 1486 3237 ut
1506 3177 1585 3256 quasi

303 3278 423 3356 propria
452 3276 597 3356 quaedam
624 3277 807 3354 singulorum
836 3295 980 3355 generum
1008 3278 1054 3338 vel
1082 3285 1187 3338 natura
1216 3278 1259 3337 vel
1287 3279 1501 3339 consuetudine
1523 3297 1585 3337 esse

303 3380 467 3439 videantur.
514 3379 676 3439 masculina
699 3376 810 3459 elrunt,
839 3398 908 3439 cum
935 3380 1115 3440 masculinae
1144 3398 1193 3439 res
1215 3379 1359 3440 suberunt
1381 3399 1456 3459 quae
1479 3382 1585 3458 signiti-

304 3490 423 3549 cantu1·;
453 3486 573 3549 natura,
604 3481 694 3540 reluti
723 3483 840 3557 genuit,
870 3480 1101 3551 consuetudine,
1131 3481 1222 3541 veluti
1245 3481 1401 3549 tondetur;
1432 3488 1618 3561 utrumquem
1707 3487 1708 3558 ζ

304 3586 383 3644 enim
405 3582 539 3643 maribus
567 3590 647 3642 recte
677 3582 863 3659 adsignatur:
893 3584 1052 3651 lerninina,
1077 3601 1145 3643 cum
1167 3584 1328 3645 femininae
1351 3600 1401 3641 res
1423 3584 1586 3660 significan·

304 3692 368 3754 tur;
397 3689 517 3753 natura,
546 3694 579 3743 ut
606 3685 685 3763 parit
712 3684 812 3753 nubit,
841 3684 1072 3755 consuetudine,
1097 3693 1129 3745 ut
1151 3686 1226 3745 texit
1247 3690 1387 3754 ornatum
1415 3684 1488 3746 haee
1510 3688 1587 3745 enim

304 3856 388 3905 horum
409 3854 522 3903 steriliter
540 3856 677 3919 disputavit
694 3854 825 3904 Diomedes
840 3869 866 3917 p.
886 3853 947 3916 336,
967 3852 1000 3904 18
1013 3869 1068 3920 sqq.
1088 3854 1122 3916 ef.
1144 3851 1243 3905 enare.
1261 3870 1288 3918 ρ.
1312 3852 1375 3916 165,
1392 3853 1426 3907 33
1494 3858 1587 3907 ‹lean-

305 3926 380 3977 stitns
399 3924 431 3973 sit
450 3925 474 3973 L
494 3925 658 3973 constituetur
674 3924 706 3972 M
774 3924 947 3990 8patientem
970 3924 1061 3973 hebent
1079 3924 1134 3973 BL
1205 3922 1379 3973 dmonstreut
1399 3924 1433 3975 M
1499 3925 1586 3989 capulo

304 4010 350 4049 orn,
369 3992 424 4043 BL
486 3992 518 4044 10
533 3994 688 4058 significatur
706 4008 775 4047 com,
797 4004 883 4045 -antur
903 3993 1155 4060 LsignillcanturB
1210 3995 1239 4045 ll
1260 3993 1361 4044 tralrant
1374 3995 1430 4044 BL
1500 3996 1530 4045 15
1547 4010 1586 4043 sa·

305 4060 391 4130 tiatur]
414 4070 483 4113 satur
500 4072 538 4113 est
555 4065 580 4113 B
598 4072 683 4113 sature
699 4062 724 4111 L
796 4064 826 4115 lu
845 4073 889 4113 arrt
909 4078 958 4126 qrro
976 4071 1045 4113 satur
1063 4072 1102 4112 est
1118 4064 1150 4113 M
1166 4074 1209 4114 aut
1226 4079 1241 4113 a
1259 4078 1308 4127 quo
1326 4073 1397 4113 satur
1415 4064 1449 4112 sit
1467 4064 1522 4113 BL

307 4136 338 4185 17
353 4135 469 4184 uideatur
488 4134 518 4182 M
534 4134 670 4184 uideantur
688 4134 772 4184 ma
830 4131 985 4199 inprobus]
1006 4134 1041 4195 cs.
1059 4134 1146 4199 praef.
1163 4150 1266 4199 gratnm.
1286 4138 1334 4185 vol.
1355 4134 1388 4182 lV
1405 4150 1434 4196 p.
1454 4133 1537 4183 xxm

306 4214 343 4255 est
362 4204 458 4257 om.B
527 4204 561 4254 20
580 4204 656 4253 latine
676 4219 787 4269 congrue
806 4204 896 4253 dieitur
913 4203 1053 4255 Sicllardae
1141 4204 1175 4253 23
1195 4203 1296 4268 Apelles
1314 4202 1588 4269 SiclmrdasapolloB

306 4274 407 4341 appollo
423 4272 483 4323 ML
553 4273 587 4324 26
611 4274 735 4337 quaedam
752 4276 828 4324 uerba
847 4284 871 4324 et
893 4289 973 4339 parua
991 4288 1051 4323 ussn
1071 4289 1120 4324 nnn
1139 4273 1222 4339 ligure
1239 4272 1272 4320 M
1287 4274 1411 4336 quaedam
1431 4274 1508 4323 uerba
1532 4280 1588 4321 sunt

1025 4341 1057 4381 ait
1086 4342 1151 4381 rubus

306 4410 385 4460 parua
404 4392 470 4443 husu
491 4408 540 4443 non
561 4394 640 4459 ligura
663 4394 684 4443 L
707 4396 830 4457 quaedam
850 4396 928 4445 uerba
950 4403 1009 4445 sunt
1025 4404 1053 4445 ut
1067 4354 1147 4462 ppsrm
1165 4410 1213 4443 usu
1232 4407 1281 4442 ιιοιι
1299 4394 1397 4458 figurae
1415 4396 1450 4445 B:
1467 4393 1588 4457 quaedam

307 4467 384 4514 uerba
402 4471 469 4523 suut,
488 4472 517 4513 ut
535 4464 569 4513 ait
587 4464 692 4523 Probus,
708 4480 772 4527 quae
791 4474 895 4515 eatenus
914 4466 1104 4529 distinguuntur
1120 4464 1266 4515 sichardus.
1284 4464 1365 4514 Prodi
1380 4480 1465 4515 nomen
1482 4465 1589 4531 qumis

307 4534 339 4583 ab
357 4535 404 4585 ltoc
421 4536 476 4585 loco
492 4549 542 4585 non
559 4536 662 4583 ulterram
679 4536 721 4597 eit,
741 4542 822 4585 tanuen
839 4551 912 4601 quum
931 4537 1101 4586 anctoritatem
1116 4534 1222 4593 debeat,
1239 4548 1289 4583 non
1306 4542 1419 4599 constat,
1442 4536 1589 4597 praesertim

307 4620 359 4651 cum
377 4605 560 4653 alternantia
580 4604 604 4653 Β
626 4607 820 4669 superscriptum
838 4622 893 4656 ease
911 4606 1035 4655 uidentur.
1056 4622 1136 4670 quare
1152 4610 1296 4665 corruptam
1314 4604 1424 4654 codicum
1440 4606 1590 4668 scripturam

307 4674 404 4737 reliqui.
422 4673 536 4735 sortasse
551 4674 674 4736 quaedam
696 4674 773 4724 verba
789 4684 847 4724 sum
865 4691 930 4739 quae
948 4675 1117 4726 naturalium
1136 4689 1185 4723 nou
1205 4673 1301 4739 ligura:
1316 4675 1352 4738 cf.
1375 4676 1497 4727 Ριικιαιι.
1514 4677 1533 4727 l.
1554 4673 1589 4723 Xl

306 4756 333 4803 p.
353 4742 412 4801 aad,
433 4742 473 4795 10.
493 4744 524 4792 de
540 4743 616 4791 dread.
636 4758 702 4797 vers.
723 4744 787 4799 Aen.
801 4760 829 4809 p.
843 4745 904 4801 473,
923 4746 963 4799 12.
979 4746 1040 4809 aad,
1053 4745 1087 4797 32
1155 4742 1191 4794 30
1207 4746 1287 4793 uetuit
1304 4747 1395 4813 genuit
1410 4746 1433 4795 B
1499 4743 1589 4794 ueluiti

309 4811 426 4863 tondetur
446 4814 469 4861 h
487 4820 513 4861 ut
530 4814 645 4862 tondetur
665 4812 694 4861 M
