3525 5600
564 421 766 484 EXOERPTA
786 421 962 482 inlustria
988 420 1054 482 xlx
1393 415 1455 480 623

1251 541 1272 580 p.
1287 530 1344 569 ereo.
1358 529 1382 567 or
1397 527 1420 566 r.

164 610 243 670 unde
270 628 345 689 quae
374 611 407 668 in
434 628 477 688 ην
499 609 652 678 desinunt,
682 617 715 669 ut
736 608 796 687 ζῆν
817 608 939 688 πεινῆν
961 605 1075 686 διψῆν,
1105 627 1162 668 aron
1186 615 1254 668 surrt
1276 610 1454 676 eommunia,

162 713 216 772 sed
242 712 357 781 dorica,
387 720 420 771 ut
445 704 539 790 ὁρῆν.
584 711 719 772 eiusdem
746 718 816 771 sunt
842 710 961 771 dialecti
989 718 1018 769 et
1045 729 1119 789 qnae
1150 711 1180 768 in
1208 716 1389 779 enesaunt,
1424 716 1456 768 ut

162 807 231 874 άπδ
251 813 313 874 τοῦ
344 820 438 874 νοεῖν
464 810 543 874 νυέυ
565 822 595 874 et
616 800 682 873 άπό
703 813 765 872 τοῦ
787 809 1020 894 δασμῆφορεῖν
1042 806 1274 894 δασμηφορεύ;
1303 810 1373 870 lieet
1396 813 1455 870 sint

164 926 195 976 et
216 917 385 977 eommunia
407 918 439 976 in
462 934 509 985 εν,
532 915 584 974 sed
607 917 789 992 integritatis
811 917 999 976 extremitate
1015 915 1158 994 praecisa,
1182 920 1216 972 ut
1237 921 1282 972 est
1304 903 1370 972 άπδ
1392 911 1454 972 τοῦ

136 1017 277 1098 δέμεναι
298 1015 390 1098 ἔμεν,
412 1009 478 1076 άπδ
498 1015 560 1076 τοῦ
584 1012 723 1097 δόμεναι
738 1012 850 1096 δόμεν.
889 1018 1014 1095 persooti
1037 1017 1180 1095 temporis
1195 1015 1348 1074 indicativi
1364 1013 1453 1073 Grao·

161 1138 264 1180 eorum
286 1121 374 1178 tertia
399 1137 525 1197 persona
546 1119 597 1179 lini
621 1137 674 1178 suo
692 1118 808 1178 adiecta
830 1136 887 1179 ναι
902 1117 1012 1197 syllaba
1028 1119 1134 1178 transit
1156 1120 1187 1177 in
1203 1109 1453 1195 άπαρέμφατσν,

161 1219 323 1300 πεποίηκε
343 1215 592 1299 πεποιηκέναι,
608 1215 720 1298 λέλεχε
742 1215 922 1299 λελεγέναι.
964 1219 1063 1280 Latiari
1086 1221 1198 1298 primae
1221 1235 1363 1296 personae
1385 1236 1454 1296 per·
1468 1227 1516 1276 toa
1528 1225 1559 1275 V.

160 1323 233 1382 lecti
255 1322 367 1382 addunt
388 1323 570 1399 geminatum
592 1341 622 1381 ss
643 1329 674 1380 et
695 1342 720 1390 e,
744 1321 805 1381 dixi
820 1321 956 1400 dixisse.
1001 1321 1104 1382 Graeci
1129 1319 1133 1402 Ι
1157 1313 1379 1400 άπαρέμφατα
1401 1338 1453 1380 sua

160 1426 256 1485 activa
278 1427 310 1484 in
331 1443 366 1483 αι
389 1423 554 1484 desinentia
576 1442 632 1502 per
653 1441 757 1484 omnes
783 1423 975 1483 semivocales
1003 1423 1118 1482 litteras
1150 1423 1307 1502 proferunt
1329 1429 1453 1500 excepto
1529 1471 1532 1486 .

122 1525 193 1604 ιιζ,
217 1525 345 1586 στεῖλαι
371 1531 482 1604 νεῖμαι
504 1526 625 1604 χρῆναι
652 1531 787 1606 σπεῖραι
812 1523 934 1602 νοῆσαι
957 1519 1047 1596 λέξαι
1068 1518 1209 1602 γράψειε
1239 1531 1362 1602 excepta
1384 1530 1453 1584 sunt

160 1617 253 1689 εἶπαι
280 1621 336 1688 καὶ
364 1621 516 1706 ἐνέγκαι,
544 1634 620 1707 qtae
642 1627 704 1686 sola
726 1646 786 1688 non
807 1625 1000 1686 semivocales
1028 1628 1132 1686 sortita
1160 1635 1241 1700 sunt,
1273 1625 1323 1686 sed
1347 1633 1451 1686 ninus.

158 1731 275 1808 passiva
298 1748 368 1789 vero
387 1748 442 1808 per
458 1747 547 1790 unam
562 1736 677 1790 tantum
692 1729 821 1789 litteram
836 1731 862 1787 θ
877 1729 1069 1808 proferuntur
1084 1727 1248 1806 praemissa
1264 1734 1315 1787 aut
1329 1727 1450 1806 liquida,

158 1826 325 1911 κεκάρθαι
346 1829 496 1891 τετίλθαι
519 1827 698 1910 ἐρράνθαι,
721 1838 771 1891 aut
793 1842 823 1899 σ,
847 1825 1007 1908 λέγεσθαι
1029 1829 1212 1908 φιλεῖσθαι,
1236 1837 1286 1889 ant
1301 1828 1393 1889 altera
1415 1848 1451 1888 ex

156 1935 249 1994 nands
270 1951 346 2012 quae
369 1941 511 1993 vocantur
534 1929 673 2003 δασεῖαι,
696 1931 727 1992 id
750 1940 795 1991 est
816 1935 878 1992 sive
902 1951 930 2011 γ,
954 1939 986 1992 ut
1007 1927 1180 2009 υενύχθαι,
1205 1933 1266 1990 sive
1289 1950 1323 2009 φ,
1347 1939 1380 1991 ut
1394 1949 1451 2008 γε-

118 2029 321 2113 ιεγράφθαι.
367 2052 435 2094 eum
461 2035 562 2096 Latini
589 2035 702 2096 nullum
730 2035 879 2095 inlinitum
907 2033 1139 2112 monosyllabum
1167 2032 1309 2102 habeant,
1344 2033 1450 2093 Graeci

157 2138 336 2215 paucissima
359 2135 479 2205 babent,
503 2155 578 2216 quae
601 2139 775 2196 referuntur
796 2137 833 2198 ad
855 2136 946 2196 solani
969 2135 1127 2196 secundam
1149 2134 1311 2213 συζυγίαν
1333 2149 1450 2213 περισ-

155 2234 339 2318 πωμένων,
364 2246 397 2297 ut
417 2233 507 2319 σπᾷυ
528 2237 629 2320 θλᾷν.
673 2241 784 2300 etenim
811 2243 910 2298 πνεῖν
937 2243 1010 2316 γεῖν
1037 2215 1110 2315 δεῖν
1139 2256 1197 2298 non
1226 2245 1294 2296 snrrt
1322 2239 1447 2313 integra,

155 2339 209 2399 sed
238 2359 274 2400 ex
303 2339 455 2399 collisione
483 2347 649 2400 eontracta:
678 2343 736 2402 luit
756 2343 836 2400 enim
858 2341 1014 2416 integritas
1036 2334 1153 2399 πνέειν
1174 2336 1263 2418 χέειν
1285 2333 1390 2419 ῥέειν,
1419 2347 1449 2398 et

155 2440 255 2501 medio
278 2460 294 2501 ε
315 2440 467 2502 subtracto
489 2443 520 2502 in
543 2461 632 2502 onam
645 2441 787 2521 syllabam
808 2449 878 2502 surrt
899 2441 1019 2500 redacta
1041 2447 1071 2500 et
1092 2459 1128 2500 ex
1143 2439 1272 2502 themate
1288 2441 1448 2502 verborum

112 2561 141 2601 eo
155 2545 280 2603 veniunt
305 2539 397 2603 πνέω
431 2539 495 2622 χέω
524 2539 599 2622 ῥέω.
644 2544 757 2604 nullum
785 2546 866 2604 enim
894 2561 1033 2620 graecum
1062 2543 1184 2603 verbum
1207 2535 1447 2624 άπαρέμφατον

154 2663 192 2704 ex
214 2643 308 2704 verbo
330 2646 361 2704 in
385 2664 411 2704 ω
433 2645 589 2706 desinente
610 2647 721 2706 laetum
744 2666 804 2706 non
826 2645 953 2706 eundem
975 2663 1131 2705 nnororum
1154 2645 1332 2724 syllabarum
1355 2653 1446 2715 tenet,

152 2749 261 2827 quiin
282 2747 380 2825 prima
402 2749 549 2827 positione
576 2747 661 2808 verbi
683 2749 749 2819 luit,
773 2747 841 2808 νοῶ
863 2755 967 2819 νοεῖν,
990 2746 1073 2827 τιμῶ
1096 2745 1204 2829 τιμᾷν,
1228 2746 1341 2827 χρυσῶ
1364 2766 1445 2827 γρυ-

153 2847 256 2918 σοῦν,
286 2843 392 2927 τρέχω
420 2842 566 2929 τρέχειν,
595 2845 708 2911 τύπτω
736 2846 891 2911 τύπτεινι
922 2853 965 2911 sio
987 2845 1078 2911 πνέω
1101 2845 1227 2919 πνέειν,
1260 2847 1323 2929 χέω
1345 2844 1445 2929 χέειν,

152 2947 221 3029 ῥέω
243 2946 344 3031 ῥέειν,
367 2970 404 3011 ex
425 2950 539 3031 quibus
556 2958 656 3012 πνεῖν
677 2959 749 3031 χεῖν
772 2948 845 3032 ῥεῖν
860 2961 930 3013 sunt
951 2954 1037 3013 laeta.
1071 2944 1293 3031 άπαρέμφατα
1316 2972 1392 3031 (puae
1414 2956 1446 3015 in

110 3072 175 3112 sav
201 3052 362 3122 desinunt,
389 3053 475 3113 side
504 3053 594 3113 verbo
615 3061 684 3114 sunt
705 3056 929 3133 perisporneno,
959 3057 1067 3115 anrisso
1090 3073 1111 3112 ν
1139 3062 1168 3113 et
1190 3061 1311 3132 arrepta
1334 3054 1444 3133 syllaba

151 3155 236 3214 σθαι
258 3155 430 3215 faciuntea
453 3173 484 3215 se
506 3157 631 3234 passiva,
655 3162 765 3216 ποιεῖν
787 3159 972 3226 ποιεῖσθαι,
996 3154 1095 3237 τιμᾷν
1116 3150 1285 3235 τιμᾶσθαι,
1316 3152 1444 3234 δηλοῦν

150 3250 353 3335 δηλοῦσθαι.
384 3256 491 3335 quodsi
513 3259 573 3317 sint
594 3257 631 3317 de
653 3257 806 3336 barytonn
831 3260 920 3317 etiam
943 3259 1122 3327 remittunt,
1147 3251 1259 3335 λέγειν
1273 3251 1441 3335 λέγεσθαι,

148 3352 299 3436 γράφειν
320 3353 523 3436 γράφεσθαι.
568 3360 693 3419 frontet
715 3360 752 3418 de
774 3360 936 3421 indicativo
957 3362 1086 3438 passivo:
1110 3366 1204 3419 mutat
1226 3361 1306 3420 enim
1327 3379 1345 3420 τ
1367 3362 1398 3421 in
1421 3373 1442 3420 σ

149 3455 209 3517 καλ
229 3460 256 3519 θ
277 3466 308 3518 et
329 3460 401 3520 laoit
422 3452 675 3541 άπαρέμφατον.
720 3480 775 3521 neo
797 3461 891 3521 solum
914 3461 969 3521 boo
992 3464 1022 3521 in
1044 3442 1195 3540 praesenti
1217 3469 1360 3541 tempore,
1389 3463 1441 3523 sed

104 3560 232 3621 noetio
253 3563 416 3638 praeterito
438 3571 470 3622 et
490 3563 605 3632 sutoro,
635 3562 781 3641 φιλεῖται
803 3562 992 3642 φιλεῖσθαι,
1020 3562 1200 3643 πεφίληται
1222 3564 1439 3642 πεφιλῆσθαι,

146 3656 376 3740 φιληθῆσεται
411 3659 675 3743 φιληθῆσεσθαι.
726 3674 772 3725 est
804 3674 835 3724 et
868 3665 924 3726 alia
958 3665 1131 3742 diligentior
1158 3664 1326 3725 observatio
1360 3668 1439 3727 oiroa

146 3760 409 3843 παρακείμενον.
454 3784 522 3826 nam
544 3769 681 3845 quotiens
703 3770 734 3827 in
756 3767 937 3847 paenultima
966 3767 1055 3828 babet
1077 3786 1106 3837 ιι,
1138 3775 1206 3827 tune
1229 3770 1335 3828 antisse
1358 3776 1438 3829 utra·

146 3882 207 3943 (pue
229 3864 340 3943 syllaba
367 3873 398 3925 et
419 3876 541 3946 aooopta
569 3870 652 3929 σθαι
678 3871 710 3928 in
731 3872 881 3948 passivum
904 3872 1020 3939 transit,
1043 3862 1268 3948 πεπατηκέναι
1291 3870 1438 3949 πεπατῆ-

145 3966 240 4036 σθαι,
262 3962 480 4045 γεγελακέναι
506 3964 724 4047 γεγελάσθαι,
747 3966 956 4032 πεπλακέναι
977 3966 1185 4032 πεπλάσθαιε
1217 3978 1267 4031 aut
1288 3972 1438 4033 interdum

102 4096 132 4133 ³5
145 4068 210 4127 θαι
232 4066 324 4127 solam
346 4071 456 4148 accipit
477 4072 542 4131 sine
565 4084 600 4140 σ,
624 4071 676 4131 sed
699 4079 769 4132 tuno
790 4075 930 4152 quotiens
952 4083 1019 4135 ante
1042 4094 1062 4133 κ
1084 4073 1196 4153 liquida
1222 4076 1381 4151 reperitur,
1406 4081 1438 4133 ut

145 4164 334 4230 τετιλκέναι
348 4170 508 4243 τετίλθαι,
525 4167 726 4250 κεκαρκέναι
740 4170 915 4254 κεκάρθαι,
938 4172 1138 4254 ἐρραγκέναι
1155 4169 1334 4253 έρράνθαι;
1359 4178 1436 4237 unde

143 4271 332 4349 intellegitur
354 4275 386 4335 in
401 4274 492 4334 verbo
513 4294 544 4353 γ,
567 4274 646 4354 quod
667 4277 726 4336 luit
747 4284 814 4337 ante
836 4296 867 4346 ιι,
891 4272 1033 4357 δυνάμει
1054 4297 1075 4337 υ
1097 4280 1199 4339 luisse.
1244 4280 1348 4357 quodsi
1371 4295 1435 4339 πα-

146 4372 346 4454 ρακείμενος
373 4378 486 4436 activus
513 4376 618 4437 babuit
646 4379 676 4437 iu
698 4379 880 4456 paenultima
903 4388 954 4439 aut
975 4398 1000 4457 φ
1023 4386 1074 4439 aut
1096 4398 1124 4457 χ,
1149 4386 1219 4439 tuno
1243 4374 1247 4457 Ι
1271 4399 1388 4460 quoque
1410 4383 1436 4442 θ

144 4477 264 4555 accipit,
287 4471 494 4556 γεγραφέναι
515 4474 717 4559 γεγράφθαι,
739 4475 919 4559 υενυχέναι
940 4476 1115 4559 νενύχθαι.
1152 4480 1366 4543 Latiniiutnri
1388 4486 1433 4544 in-

212 4696 338 4763 ῖλελεγε
357 4713 404 4748 om.
417 4698 448 4758 Ρ,
465 4699 555 4763 αδελρ
625 4702 657 4749 10
673 4696 787 4765 χρῆναι]
806 4701 919 4764 portent
935 4700 959 4749 P
1027 4702 1057 4749 11
1076 4702 1164 4750 sortita
1180 4700 1226 4751 sod
1239 4702 1330 4751 multas
1343 4704 1368 4752 P

143 4766 178 4815 13
194 4764 357 4828 antenodori
373 4766 398 4815 P
452 4765 602 4831 ,φιλεσθαι
620 4768 645 4817 Ρ
712 4770 744 4817 16
760 4767 901 4817 referantur
919 4770 943 4818 Ρ
1009 4771 1041 4819 29
1058 4769 1104 4818 aed
1122 4770 1147 4817 in
1160 4770 1295 4833 praeterito
1308 4773 1334 4821 P
1399 4776 1433 4823 3⁰

140 4832 284 4897 πεφιλητε
300 4834 482 4899 πεφιλῆσθαι
501 4834 734 4901 πεφιληθησεται
750 4835 1007 4900 πεφιληθησεσθαι
1024 4838 1049 4885 Ρ
1115 4838 1148 4887 36
1165 4853 1353 4903 καικιιρκεναι
1369 4858 1432 4893 και-

141 4900 255 4965 ιιαρθαι
270 4902 293 4953 Ρ
359 4904 392 4953 ’σῖ
404 4913 463 4951 ante
474 4918 491 4952 ιι
503 4920 521 4968 ρ
534 4916 593 4953 ante
605 4920 621 4968 χ
634 4905 659 4952 Ρ
725 4907 757 4955 39
769 4897 919 4969 υενυχέυαι
932 4922 949 4971 p
962 4920 1076 4970 νεχεναι
1091 4906 1113 4955 Ρ
