3525 5600
757 449 827 512 aas
1371 447 1434 513 529

145 647 208 700 tem
237 637 318 700 haec
344 638 466 723 scripta
492 636 545 701 vel
573 635 606 699 in
634 634 718 699 hanc
745 635 883 700 formam
919 635 1051 702 redacta
1077 637 1158 719 sint,
1191 659 1251 701 nec
1277 659 1433 723 quaerere

145 737 283 803 multum
305 739 441 804 interest
463 762 522 804 nec
545 737 609 802 dici
632 747 721 803 certo
745 746 862 826 potest.
898 737 957 802 sed
979 735 1185 804 Palaemonis
1209 749 1296 804 certe
1317 762 1433 805 nomen

145 863 209 905 non
231 853 310 927 puto
333 840 433 906 multo
457 841 640 926 antiquiore
662 849 817 926 tempore,
841 862 938 925 quam
961 863 1025 927 quo
1048 842 1176 907 codices
1199 842 1256 928 qui
1275 840 1357 906 illud
1379 865 1433 906 ex·

145 944 260 1008 hibent
281 943 396 1028 scripti
423 951 516 1024 sunt,
545 941 629 1007 libro
657 943 833 1028 inpositum
861 964 944 1008 esse.
987 965 1063 1007 nam
1085 946 1113 1007 si
1135 942 1219 1008 falso
1241 945 1434 1030 inscriptum

146 1068 216 1110 csse
240 1067 358 1110 nomen
379 1053 465 1110 recte
488 1044 678 1127 statuimus,
702 1045 849 1130 sequitur
870 1054 908 1109 ut
927 1064 1124 1131 praenomen
1139 1047 1269 1128 Quinti,
1293 1047 1379 1132 quod
1401 1047 1434 1110 in

145 1147 258 1212 codiee
280 1147 439 1213 Vaticano
471 1147 549 1211 1491
579 1155 612 1211 et
639 1147 673 1209 in
701 1146 848 1234 principe
870 1146 1012 1213 odiuom
1035 1149 1169 1232 legitur,
1192 1147 1270 1214 addi
1292 1171 1357 1214 non
1379 1171 1434 1234 po·

145 1249 247 1314 tuerit
274 1257 348 1314 ante
375 1251 545 1316 inventum
574 1249 721 1314 Suetonii
748 1248 868 1314 librum
896 1249 937 1314 de
963 1249 1200 1334 grammaticis,
1234 1272 1328 1335 quem
1361 1261 1435 1335 post

145 1374 269 1416 annum
293 1351 371 1416 1457
394 1353 429 1414 in
452 1349 579 1416 Italiam
602 1359 783 1416 travectum
805 1374 876 1416 esse
900 1360 1041 1417 constat:
1065 1351 1108 1416 ef.
1131 1351 1321 1416 Reiffersch.
1345 1353 1434 1420 suet.

145 1455 201 1518 rel.
227 1477 260 1539 p.
284 1453 357 1518 409.
402 1477 477 1518 nam
501 1476 564 1518 uno
587 1453 741 1519 Suetonio
764 1463 848 1518 teste
876 1453 938 1519 hoc
965 1453 1067 1518 fuisse
1089 1453 1277 1519 Palaemoni
1299 1476 1434 1540 praeno-

145 1578 219 1620 men
249 1556 403 1621 traditum
438 1565 496 1620 est.
541 1557 606 1620 iam
633 1579 711 1621 vero
743 1579 817 1621 cum
844 1554 999 1622 Iovianus
1030 1555 1197 1620 Pantanus
1231 1565 1263 1620 et
1289 1555 1436 1622 Suetonii

145 1657 268 1722 librum
281 1656 464 1742 'diligenter
485 1659 677 1723 tractaverit
699 1681 820 1745 suaque
842 1681 942 1722 manu
956 1659 1165 1744 descripserit
1186 1666 1218 1722 et
1231 1656 1435 1724 Palaemonis

145 1769 251 1824 artem
274 1783 294 1824 a
316 1782 350 1824 se
373 1761 407 1823 in
429 1759 533 1824 lucem
548 1769 746 1847 protractam
762 1783 833 1826 esse
848 1760 1022 1845 glorietur,
1044 1758 1133 1824 haud
1156 1761 1224 1825 scio
1246 1783 1289 1824 an
1310 1760 1352 1825 ab
1373 1759 1437 1826 hoc

145 1861 227 1926 illud
251 1885 368 1926 nomen
390 1861 511 1945 regulis
540 1885 582 1926 ex
608 1864 773 1929 veteribus
801 1863 1024 1948 grammaticis
1051 1861 1194 1929 collectis
1215 1863 1436 1948 praepositum

145 1965 205 2046 sit,
230 1965 302 2029 sive
324 1965 394 2051 ipse
418 1966 556 2050 primum
580 1963 720 2050 collegit,
744 1967 813 2031 sive
835 1966 878 2031 ab
902 1964 966 2030 alio
990 1963 1142 2031 collectas
1164 1965 1318 2031 habebat.

230 2065 285 2130 De
306 2065 406 2151 Aspri
432 2077 503 2131 arto
530 2068 718 2153 priusquam
747 2066 868 2148 dicam,
901 2066 1068 2132 sciendum
1096 2075 1146 2131 eat
1173 2065 1288 2132 eodem
1309 2067 1437 2132 nomine

144 2169 179 2230 in
203 2167 370 2234 veteribus
398 2168 565 2234 codicibus
592 2169 783 2256 inscriptam
810 2191 882 2233 esse
909 2180 1012 2234 artem
1040 2170 1289 2254 grammaticam
1311 2169 1354 2234 ab
1375 2167 1438 2232 hac

145 2269 185 2332 de
210 2292 277 2356 qua
299 2291 384 2334 nunc
406 2271 514 2354 agitur
541 2269 638 2354 longe
664 2272 839 2338 diversam.
885 2293 968 2358 quae
995 2271 1148 2358 quoniam
1176 2271 1322 2337 nondum
1349 2271 1438 2335 edita

145 2382 197 2437 est
220 2395 328 2459 neque
355 2394 375 2436 a
402 2374 496 2437 nobis
520 2373 649 2455 edetur,
674 2373 775 2440 libros
799 2375 1074 2460 manuscriptos,
1097 2396 1178 2460 quos
1201 2374 1333 2460 quidem
1356 2374 1437 2454 vidi,
1508 2456 1511 2464 .

144 2475 208 2538 hoc
238 2472 310 2540 loco
337 2472 500 2540 indicabo.
546 2496 656 2540 eorum
690 2475 791 2562 igitur
823 2476 1069 2564 antiquissimus
1097 2485 1147 2541 est
1172 2476 1348 2540 Bemensis
1375 2476 1436 2540 611

144 2577 289 2662 septimo
313 2579 458 2658 saeculo,
481 2585 518 2641 ut
539 2578 684 2659 videtur,
708 2579 865 2666 scriptus,
888 2578 913 2642 f.
928 2565 1067 2641 42*'-f.
1085 2579 1144 2659 70*
1163 2583 1272 2642 Partes
1293 2584 1439 2644 arationis

143 2689 219 2757 picot
240 2685 330 2743 sunt?
353 2689 428 2745 aeta.
466 2685 564 2758 quae?
586 2701 692 2748 nomen
713 2701 877 2761 nonomen
900 2686 1024 2746 uerbum
1047 2685 1223 2746 adverbium
1240 2687 1439 2761 participium

143 2789 322 2847 coniunctio
344 2788 533 2863 praepositio
560 2789 736 2848 interiectio.
781 2787 826 2847 Ile
853 2789 982 2849 nomine.
1026 2787 1139 2849 Nomen
1166 2786 1330 2863 quidest?
1360 2804 1439 2863 pars

144 2891 307 2949 orationis.
352 2893 470 2950 numeni
491 2897 562 2965 quot
583 2891 751 2950 accedunt?
773 2908 837 2951 sen.
868 2892 969 2967 puae?
990 2892 1122 2965 qualitas
1142 2890 1324 2966 conparatio
1343 2906 1439 2967 penus

142 3008 292 3051 nrrmerus
311 2994 414 3065 lipara
436 3008 534 3051 casus.
579 2994 711 3067 qualitas
733 2995 883 3055 nominum
906 2995 938 3053 in
960 3008 1017 3067 qua
1037 2994 1100 3053 est?
1122 2993 1263 3068 bipertita
1284 3000 1344 3069 est,
1368 2993 1439 3067 quia

142 3102 199 3151 aut
224 3094 444 3168 appellativum
466 3111 573 3154 nornen
595 3104 640 3155 est
661 3103 714 3155 aut
731 3097 901 3171 proprium,
921 3096 1082 3171 proprisam
1104 3103 1137 3157 ut
1157 3094 1346 3155 Hierusalem
1367 3094 1440 3155 Sian

144 3195 311 3268 Iardanis,
341 3196 558 3271 appellatiuum
584 3203 682 3256 autem
712 3202 755 3256 est
780 3199 890 3259 ciuitas
911 3214 993 3257 mons
1016 3198 1138 3271 fluuius.
1174 3200 1335 3273 preprium
1355 3198 1438 3257 sime

143 3300 219 3357 liter·
242 3304 276 3356 ul
297 3297 432 3357 Mieliael
454 3298 562 3357 Petrus
583 3298 754 3374 Stephanus
777 3298 888 3368 Esaias
909 3299 1024 3375 Aaron,
1048 3301 1265 3375 appellaliuum
1289 3305 1386 3361 autem
1407 3306 1441 3359 ut

142 3401 279 3474 arrpelus
305 3402 459 3474 apostulus
486 3405 604 3478 martyr
629 3402 778 3477 propheta
805 3418 863 3461 rea
891 3432 935 3445 -
960 3397 1013 3460 De
1034 3396 1257 3461 interiectione
1278 3407 1385 3461 metum
1407 3408 1440 3461 ut

143 3508 227 3561 citrei
248 3508 279 3561 et
299 3503 402 3576 siquae
423 3509 493 3561 sunt
512 3503 632 3562 similia.
677 3497 779 3585 Aspri
803 3519 921 3563 nomen
947 3508 1023 3585 post
1044 3520 1115 3563 eam
1137 3499 1263 3584 partem
1286 3508 1441 3585 quaeest

142 3601 184 3663 de
221 3600 415 3684 pronomine
447 3609 480 3663 et
512 3609 587 3667 ante
615 3622 686 3663 cam
713 3622 796 3687 quae
824 3600 972 3686 sequitur
998 3601 1039 3666 de
1065 3601 1167 3666 verbo
1195 3602 1353 3688 scriptum
1380 3611 1440 3683 est,

142 3706 244 3781 expli.
269 3719 306 3767 ai
334 3709 445 3783 asperi.
470 3708 509 3766 de
530 3706 634 3779 rabo,
665 3711 697 3767 et
718 3702 753 3766 in
775 3702 883 3769 indice
905 3704 967 3769 sab
988 3702 1086 3767 finem
1107 3701 1231 3769 codicis
1254 3703 1278 3765 f.
1301 3702 1367 3766 92*
1389 3725 1440 3767 ea-

143 3804 226 3869 dem
249 3825 347 3867 manu
374 3805 514 3891 scripto,
542 3824 595 3868 ars
617 3811 725 3870 donati
743 3812 882 3885 exposita
905 3810 943 3870 ab
965 3826 1085 3886 aspero.
1130 3804 1243 3890 Codex
1264 3805 1439 3869 Beruensis

142 3906 209 3969 207
236 3926 321 3969 saec.
344 3904 379 3967 X
400 3905 424 3970 f.
450 3905 600 3971 130-l'.
627 3907 686 3970 140
712 3914 818 3987 incipit
846 3929 899 3972 ars
925 3915 1029 3988 asperi
1052 3918 1197 3987 primati.
1241 3912 1349 3972 Partes
1371 3928 1440 3971 ora-

142 4015 241 4072 tionis
261 4018 330 4071 runt
351 4018 417 4072 octo
442 4045 476 4054 —
502 4020 579 4073 attat
600 4020 628 4073 el
648 4016 735 4089 siqua
756 4020 827 4076 sunt
847 4015 968 4075 similia.
1014 4008 1130 4075 Codex
1152 4009 1440 4094 sangermanensis

145 4110 237 4173 1180
257 4130 341 4173 saec.
365 4107 416 4172 IX
439 4109 463 4173 f.
489 4112 527 4175 16
542 4111 615 4175 -f.
638 4112 679 4175 23
708 4118 815 4193 incipit
841 4132 894 4175 ars
922 4120 1009 4192 aspri
1031 4117 1228 4191 arammatici
1254 4117 1292 4176 de
1313 4119 1439 4176 nomine.

143 4218 260 4276 Partes
282 4218 430 4276 arationis
451 4224 521 4277 sunt
543 4226 607 4279 aeto
622 4248 665 4260 -
679 4224 756 4279 altat
777 4225 807 4279 et
827 4220 916 4293 siqua
936 4225 1006 4279 sunl
1026 4220 1147 4278 similia.
1177 4220 1260 4294 erpi.
1276 4234 1330 4278 ars
1343 4221 1439 4294 aspri.

143 4314 265 4379 Codex
287 4313 507 4397 Frisingensis
530 4316 569 4379 81
593 4338 678 4381 saec.
702 4316 736 4379 X
758 4316 781 4379 f.
807 4316 916 4378 114-
931 4316 957 4379 f.
982 4314 1066 4380 126*
1088 4321 1180 4397 incip.
1205 4337 1258 4380 ars
1279 4321 1384 4396 asperi
1404 4321 1442 4381 de

140 4420 290 4496 partibus
312 4422 441 4481 oration.
472 4422 579 4483 Partes
601 4424 751 4483 orationis
771 4428 841 4482 sunt
853 4428 920 4482 octo
933 4456 976 4467 -
990 4428 1069 4482 altat
1082 4430 1111 4482 et
1124 4425 1212 4499 siqua
1232 4433 1301 4483 sunt
1320 4424 1439 4483 similia.

142 4540 189 4581 ex
228 4518 287 4583 hoc
322 4517 504 4605 descriptus
533 4530 583 4585 est
609 4519 713 4585 codex
743 4518 997 4605 Tegemseensis
1028 4520 1085 4585 181
1115 4542 1200 4585 saec.
1229 4519 1292 4584 XI.
1336 4519 1442 4585 codex

143 4618 376 4704 Sangallensis
404 4622 466 4686 876
495 4644 579 4686 saec.
608 4621 660 4686 IX
687 4645 719 4708 p.
743 4622 822 4687 3-
839 4646 871 4708 p.
894 4621 937 4687 29
963 4620 1072 4687 deleta
1098 4622 1309 4707 inscriptione
1335 4627 1442 4687 Partes

142 4729 321 4789 orationum
357 4736 430 4802 quot
461 4736 530 4790 sunt
556 4760 599 4771 —
631 4734 708 4789 attat
742 4736 771 4789 et
802 4732 889 4805 siqua
920 4737 989 4790 sunt
1019 4730 1139 4789 similia.
1190 4725 1234 4788 ad
1265 4723 1441 4789 Aemilium

141 4826 294 4909 Asprum
329 4834 454 4907 autem,
489 4826 635 4891 Terentii
657 4824 796 4911 Vergilii
819 4825 966 4892 Sallustii
997 4826 1225 4913 interpretem,
1259 4827 1389 4913 saepius
1421 4850 1442 4891 a

140 4928 372 5013 grammaticis
395 4928 531 4992 citatum
554 4928 634 4994 nihil
656 4928 780 5010 exhoc
802 4927 886 4995 libro
908 4930 1064 5016 pertinet,
1091 4929 1148 5017 qui
1170 4951 1210 4995 ea
1230 4938 1354 5013 aetate,
1377 4952 1442 5016 qua
