<?xml version="1.0" encoding="UTF-8"?>
<!DOCTYPE html PUBLIC "-//W3C//DTD XHTML 1.0 Transitional//EN"
    "http://www.w3.org/TR/xhtml1/DTD/xhtml1-transitional.dtd">
<html xmlns="http://www.w3.org/1999/xhtml" xml:lang="en" lang="en">
 <head>
  <title>
</title>
<meta http-equiv="Content-Type" content="text/html;charset=utf-8" />
  <meta name='ocr-system' content='tesseract 3.04.00' />
  <meta name='ocr-capabilities' content='ocr_page ocr_carea ocr_par ocr_line ocrx_word'/>
</head>
<body>
  <div class='ocr_page' id='page_1' title='image "./grammaticilatin03hagagoog_0095.png"; bbox 0 0 3525 5600; ppageno 0'>
   <div class='ocr_carea' id='block_1_1' title="bbox 680 359 1450 428">
    <p class='ocr_par' dir='ltr' id='par_1_1' title="bbox 680 359 1450 428">
     <span class='ocr_line' id='line_1_1' title="bbox 680 359 1450 428; baseline -0.001 -2"><span class='ocrx_word' id='word_1_1' title='bbox 680 365 915 428; x_wconf 83' lang='lat' dir='ltr'>COllllENTVll</span> <span class='ocrx_word' id='word_1_2' title='bbox 1409 359 1450 425; x_wconf 80' lang='lat'>85</span> 
     </span>
    </p>
   </div>
   <div class='ocr_carea' id='block_1_2' title="bbox 150 547 1449 1964">
    <p class='ocr_par' dir='ltr' id='par_1_2' title="bbox 150 547 1449 1964">
     <span class='ocr_line' id='line_1_2' title="bbox 154 547 1449 639; baseline -0.003 -24"><span class='ocrx_word' id='word_1_3' title='bbox 154 551 212 615; x_wconf 91' lang='lat' dir='ltr'>sed</span> <span class='ocrx_word' id='word_1_4' title='bbox 241 573 283 616; x_wconf 92' lang='lat' dir='ltr'>ne</span> <span class='ocrx_word' id='word_1_5' title='bbox 311 552 539 638; x_wconf 88' lang='lat' dir='ltr'>antiquissima</span> <span class='ocrx_word' id='word_1_6' title='bbox 566 551 698 639; x_wconf 89' lang='lat' dir='ltr'>quidem</span> <span class='ocrx_word' id='word_1_7' title='bbox 726 551 846 633; x_wconf 84' lang='lat' dir='ltr'>forma,</span> <span class='ocrx_word' id='word_1_8' title='bbox 869 573 954 638; x_wconf 87' lang='lat' dir='ltr'>quae</span> <span class='ocrx_word' id='word_1_9' title='bbox 976 549 1108 638; x_wconf 91' lang='lat' dir='ltr'>quidem</span> <span class='ocrx_word' id='word_1_10' title='bbox 1130 547 1173 612; x_wconf 89' lang='lat' dir='ltr'>ad</span> <span class='ocrx_word' id='word_1_11' title='bbox 1195 556 1339 612; x_wconf 89' lang='lat' dir='ltr'>nostram</span> <span class='ocrx_word' id='word_1_12' title='bbox 1362 558 1449 613; x_wconf 88' lang='lat' dir='ltr'>aeta-</span> 
     </span>
     <span class='ocr_line' id='line_1_3' title="bbox 153 649 1449 740; baseline -0.005 -22"><span class='ocrx_word' id='word_1_13' title='bbox 153 665 219 718; x_wconf 91' lang='lat' dir='ltr'>tem</span> <span class='ocrx_word' id='word_1_14' title='bbox 247 663 432 740; x_wconf 86' lang='lat' dir='ltr'>propagata</span> <span class='ocrx_word' id='word_1_15' title='bbox 458 655 517 735; x_wconf 90' lang='lat' dir='ltr'>sit,</span> <span class='ocrx_word' id='word_1_16' title='bbox 543 651 580 718; x_wconf 93' lang='lat' dir='ltr'>id</span> <span class='ocrx_word' id='word_1_17' title='bbox 608 653 695 740; x_wconf 92' lang='lat' dir='ltr'>quod</span> <span class='ocrx_word' id='word_1_18' title='bbox 722 653 828 721; x_wconf 88' lang='lat' dir='ltr'>solum</span> <span class='ocrx_word' id='word_1_19' title='bbox 855 652 925 718; x_wconf 86' lang='lat' dir='ltr'>fere</span> <span class='ocrx_word' id='word_1_20' title='bbox 952 653 986 716; x_wconf 87' lang='lat' dir='ltr'>in</span> <span class='ocrx_word' id='word_1_21' title='bbox 1012 652 1109 716; x_wconf 90' lang='lat' dir='ltr'>huius</span> <span class='ocrx_word' id='word_1_22' title='bbox 1136 649 1226 716; x_wconf 93' lang='lat' dir='ltr'>modi</span> <span class='ocrx_word' id='word_1_23' title='bbox 1248 649 1342 715; x_wconf 90' lang='lat' dir='ltr'>libris</span> <span class='ocrx_word' id='word_1_24' title='bbox 1365 672 1449 714; x_wconf 89' lang='lat' dir='ltr'>com-</span> 
     </span>
     <span class='ocr_line' id='line_1_4' title="bbox 152 750 1449 843; baseline -0.002 -25"><span class='ocrx_word' id='word_1_25' title='bbox 152 755 243 819; x_wconf 89' lang='lat' dir='ltr'>muni</span> <span class='ocrx_word' id='word_1_26' title='bbox 266 777 331 820; x_wconf 87' lang='lat' dir='ltr'>usu</span> <span class='ocrx_word' id='word_1_27' title='bbox 353 757 440 820; x_wconf 89' lang='lat' dir='ltr'>tritis</span> <span class='ocrx_word' id='word_1_28' title='bbox 463 755 647 842; x_wconf 86' lang='lat' dir='ltr'>quaeritur,</span> <span class='ocrx_word' id='word_1_29' title='bbox 670 758 800 822; x_wconf 89' lang='lat' dir='ltr'>restitui</span> <span class='ocrx_word' id='word_1_30' title='bbox 822 757 937 843; x_wconf 83' lang='lat' dir='ltr'>possit.</span> <span class='ocrx_word' id='word_1_31' title='bbox 969 775 1107 840; x_wconf 91' lang='lat' dir='ltr'>cumque</span> <span class='ocrx_word' id='word_1_32' title='bbox 1133 762 1268 839; x_wconf 85' lang='lat' dir='ltr'>propter</span> <span class='ocrx_word' id='word_1_33' title='bbox 1288 750 1449 817; x_wconf 87' lang='lat' dir='ltr'>vilitatem</span> 
     </span>
     <span class='ocr_line' id='line_1_5' title="bbox 151 854 1449 946; baseline -0.003 -25"><span class='ocrx_word' id='word_1_34' title='bbox 151 879 281 940; x_wconf 86' lang='lat' dir='ltr'>rerum,</span> <span class='ocrx_word' id='word_1_35' title='bbox 310 859 344 921; x_wconf 93' lang='lat' dir='ltr'>in</span> <span class='ocrx_word' id='word_1_36' title='bbox 372 857 492 944; x_wconf 90' lang='lat' dir='ltr'>quibus</span> <span class='ocrx_word' id='word_1_37' title='bbox 516 857 661 922; x_wconf 89' lang='lat' dir='ltr'>maxima</span> <span class='ocrx_word' id='word_1_38' title='bbox 688 880 764 946; x_wconf 90' lang='lat' dir='ltr'>pars</span> <span class='ocrx_word' id='word_1_39' title='bbox 791 857 869 924; x_wconf 86' lang='lat' dir='ltr'>libri</span> <span class='ocrx_word' id='word_1_40' title='bbox 891 867 1058 938; x_wconf 87' lang='lat' dir='ltr'>versatur,</span> <span class='ocrx_word' id='word_1_41' title='bbox 1082 877 1198 942; x_wconf 82' lang='lat' dir='ltr'>operae</span> <span class='ocrx_word' id='word_1_42' title='bbox 1220 854 1362 940; x_wconf 89' lang='lat' dir='ltr'>pretium</span> <span class='ocrx_word' id='word_1_43' title='bbox 1384 875 1449 918; x_wconf 90' lang='lat' dir='ltr'>non</span> 
     </span>
     <span class='ocr_line' id='line_1_6' title="bbox 151 954 1449 1047; baseline -0.005 -23"><span class='ocrx_word' id='word_1_44' title='bbox 151 968 240 1024; x_wconf 84' lang='lat' dir='ltr'>esset</span> <span class='ocrx_word' id='word_1_45' title='bbox 264 981 391 1024; x_wconf 91' lang='lat' dir='ltr'>omnem</span> <span class='ocrx_word' id='word_1_46' title='bbox 413 959 566 1024; x_wconf 89' lang='lat' dir='ltr'>codicum</span> <span class='ocrx_word' id='word_1_47' title='bbox 588 958 841 1047; x_wconf 80' lang='lat' dir='ltr'><strong>discrepantiam</strong></span> <span class='ocrx_word' id='word_1_48' title='bbox 856 969 933 1024; x_wconf 91' lang='lat' dir='ltr'>ante</span> <span class='ocrx_word' id='word_1_49' title='bbox 954 955 1065 1024; x_wconf 89' lang='lat' dir='ltr'>oculos</span> <span class='ocrx_word' id='word_1_50' title='bbox 1087 979 1225 1044; x_wconf 88' lang='lat' dir='ltr'>ponere,</span> <span class='ocrx_word' id='word_1_51' title='bbox 1247 954 1449 1020; x_wconf 85' lang='lat' dir='ltr'>tutissimum</span> 
     </span>
     <span class='ocr_line' id='line_1_7' title="bbox 152 1056 1448 1150; baseline -0.002 -25"><span class='ocrx_word' id='word_1_52' title='bbox 152 1084 223 1126; x_wconf 89' lang='lat' dir='ltr'>esse</span> <span class='ocrx_word' id='word_1_53' title='bbox 252 1062 362 1126; x_wconf 85' lang='lat' dir='ltr'>visum</span> <span class='ocrx_word' id='word_1_54' title='bbox 394 1071 446 1126; x_wconf 87' lang='lat' dir='ltr'>est</span> <span class='ocrx_word' id='word_1_55' title='bbox 472 1084 551 1148; x_wconf 89' lang='lat' dir='ltr'>prae</span> <span class='ocrx_word' id='word_1_56' title='bbox 578 1061 712 1150; x_wconf 86' lang='lat' dir='ltr'>reliquis</span> <span class='ocrx_word' id='word_1_57' title='bbox 740 1058 1037 1128; x_wconf 84' lang='lat' dir='ltr'>Wolienbuttelani</span> <span class='ocrx_word' id='word_1_58' title='bbox 1064 1058 1187 1124; x_wconf 87' lang='lat' dir='ltr'>codicis</span> <span class='ocrx_word' id='word_1_59' title='bbox 1221 1056 1448 1122; x_wconf 89' lang='lat' dir='ltr'>auctoritatem</span> 
     </span>
     <span class='ocr_line' id='line_1_8' title="bbox 151 1158 1445 1251; baseline -0.002 -24"><span class='ocrx_word' id='word_1_60' title='bbox 151 1165 257 1250; x_wconf 88' lang='lat' dir='ltr'>sequi.</span> <span class='ocrx_word' id='word_1_61' title='bbox 303 1185 499 1250; x_wconf 86' lang='lat' dir='ltr'>quamquam</span> <span class='ocrx_word' id='word_1_62' title='bbox 522 1165 608 1229; x_wconf 87' lang='lat' dir='ltr'>enirn</span> <span class='ocrx_word' id='word_1_63' title='bbox 630 1163 793 1251; x_wconf 87' lang='lat' dir='ltr'>permulta</span> <span class='ocrx_word' id='word_1_64' title='bbox 813 1166 849 1228; x_wconf 92' lang='lat' dir='ltr'>in</span> <span class='ocrx_word' id='word_1_65' title='bbox 870 1184 908 1228; x_wconf 92' lang='lat' dir='ltr'>eo</span> <span class='ocrx_word' id='word_1_66' title='bbox 931 1161 1045 1227; x_wconf 89' lang='lat' dir='ltr'>codice</span> <span class='ocrx_word' id='word_1_67' title='bbox 1072 1161 1192 1226; x_wconf 88' lang='lat' dir='ltr'>vitiose</span> <span class='ocrx_word' id='word_1_68' title='bbox 1214 1158 1336 1246; x_wconf 85' lang='lat' dir='ltr'>scripta</span> <span class='ocrx_word' id='word_1_69' title='bbox 1358 1171 1445 1238; x_wconf 88' lang='lat' dir='ltr'>sunt,</span> 
     </span>
     <span class='ocr_line' id='line_1_9' title="bbox 151 1259 1447 1348; baseline -0.005 -18"><span class='ocrx_word' id='word_1_70' title='bbox 151 1275 263 1330; x_wconf 86' lang='lat' dir='ltr'>tamen</span> <span class='ocrx_word' id='word_1_71' title='bbox 291 1277 326 1332; x_wconf 91' lang='lat' dir='ltr'>et</span> <span class='ocrx_word' id='word_1_72' title='bbox 351 1267 490 1331; x_wconf 88' lang='lat' dir='ltr'>formam</span> <span class='ocrx_word' id='word_1_73' title='bbox 516 1265 708 1331; x_wconf 87' lang='lat' dir='ltr'>elocutionis</span> <span class='ocrx_word' id='word_1_74' title='bbox 740 1265 905 1330; x_wconf 90' lang='lat' dir='ltr'>interdum</span> <span class='ocrx_word' id='word_1_75' title='bbox 932 1265 1039 1328; x_wconf 91' lang='lat' dir='ltr'>minus</span> <span class='ocrx_word' id='word_1_76' title='bbox 1070 1271 1256 1348; x_wconf 80' lang='lat' dir='ltr'>corruptam</span> <span class='ocrx_word' id='word_1_77' title='bbox 1288 1259 1447 1338; x_wconf 83' lang='lat' dir='ltr'>exhibuit,</span> 
     </span>
     <span class='ocr_line' id='line_1_10' title="bbox 150 1353 1448 1455; baseline -0.003 -24"><span class='ocrx_word' id='word_1_78' title='bbox 150 1390 250 1453; x_wconf 89' lang='lat' dir='ltr'>quam</span> <span class='ocrx_word' id='word_1_79' title='bbox 275 1353 572 1452; x_wconf 77' lang='lat' dir='ltr'>sangermanenses</span> <span class='ocrx_word' id='word_1_80' title='bbox 594 1367 686 1450; x_wconf 89' lang='lat' dir='ltr'>libri,</span> <span class='ocrx_word' id='word_1_81' title='bbox 710 1377 743 1432; x_wconf 92' lang='lat' dir='ltr'>et</span> <span class='ocrx_word' id='word_1_82' title='bbox 763 1366 817 1432; x_wconf 82' lang='lat' dir='ltr'>vel</span> <span class='ocrx_word' id='word_1_83' title='bbox 844 1375 1018 1455; x_wconf 89' lang='lat' dir='ltr'>propterea</span> <span class='ocrx_word' id='word_1_84' title='bbox 1045 1364 1224 1452; x_wconf 90' lang='lat' dir='ltr'>principem</span> <span class='ocrx_word' id='word_1_85' title='bbox 1245 1362 1353 1428; x_wconf 90' lang='lat' dir='ltr'>locum</span> <span class='ocrx_word' id='word_1_86' title='bbox 1384 1362 1448 1429; x_wconf 91' lang='lat' dir='ltr'>sibi</span> 
     </span>
     <span class='ocr_line' id='line_1_11' title="bbox 150 1464 1448 1557; baseline -0.005 -23"><span class='ocrx_word' id='word_1_87' title='bbox 150 1468 363 1552; x_wconf 81' lang='lat' dir='ltr'>vindicabat,</span> <span class='ocrx_word' id='word_1_88' title='bbox 390 1468 480 1555; x_wconf 88' lang='lat' dir='ltr'>quod</span> <span class='ocrx_word' id='word_1_89' title='bbox 507 1470 568 1535; x_wconf 90' lang='lat' dir='ltr'>hoc</span> <span class='ocrx_word' id='word_1_90' title='bbox 590 1470 660 1535; x_wconf 91' lang='lat' dir='ltr'>solo</span> <span class='ocrx_word' id='word_1_91' title='bbox 682 1469 847 1557; x_wconf 78' lang='lat' dir='ltr'>praesenti</span> <span class='ocrx_word' id='word_1_92' title='bbox 869 1469 919 1533; x_wconf 84' lang='lat' dir='ltr'>uti</span> <span class='ocrx_word' id='word_1_93' title='bbox 942 1466 1080 1549; x_wconf 82' lang='lat' dir='ltr'>licebat,</span> <span class='ocrx_word' id='word_1_94' title='bbox 1102 1467 1295 1554; x_wconf 87' lang='lat' dir='ltr'>praesertim</span> <span class='ocrx_word' id='word_1_95' title='bbox 1317 1486 1392 1530; x_wconf 91' lang='lat' dir='ltr'>cum</span> <span class='ocrx_word' id='word_1_96' title='bbox 1413 1464 1448 1528; x_wconf 92' lang='lat' dir='ltr'>in</span> 
     </span>
     <span class='ocr_line' id='line_1_12' title="bbox 150 1566 1446 1652; baseline -0.002 -19"><span class='ocrx_word' id='word_1_97' title='bbox 150 1569 214 1634; x_wconf 91' lang='lat' dir='ltr'>illis</span> <span class='ocrx_word' id='word_1_98' title='bbox 254 1571 463 1636; x_wconf 82' lang='lat' dir='ltr'>excutiendis</span> <span class='ocrx_word' id='word_1_99' title='bbox 499 1571 583 1636; x_wconf 90' lang='lat' dir='ltr'>hanc</span> <span class='ocrx_word' id='word_1_100' title='bbox 615 1594 727 1636; x_wconf 91' lang='lat' dir='ltr'>curam</span> <span class='ocrx_word' id='word_1_101' title='bbox 760 1571 918 1638; x_wconf 91' lang='lat' dir='ltr'>adbibere</span> <span class='ocrx_word' id='word_1_102' title='bbox 950 1566 1143 1652; x_wconf 80' lang='lat' dir='ltr'>noluissem,</span> <span class='ocrx_word' id='word_1_103' title='bbox 1176 1577 1214 1632; x_wconf 90' lang='lat' dir='ltr'>ut</span> <span class='ocrx_word' id='word_1_104' title='bbox 1246 1567 1446 1634; x_wconf 81' lang='lat' dir='ltr'>levissimam</span> 
     </span>
     <span class='ocr_line' id='line_1_13' title="bbox 150 1670 1447 1762; baseline -0.002 -25"><span class='ocrx_word' id='word_1_105' title='bbox 150 1673 335 1760; x_wconf 87' lang='lat' dir='ltr'>scripturae</span> <span class='ocrx_word' id='word_1_106' title='bbox 369 1673 624 1762; x_wconf 88' lang='lat' dir='ltr'>discrepantiam</span> <span class='ocrx_word' id='word_1_107' title='bbox 659 1673 864 1740; x_wconf 84' lang='lat' dir='ltr'>adnotarem.</span> <span class='ocrx_word' id='word_1_108' title='bbox 923 1673 965 1738; x_wconf 87' lang='lat' dir='ltr'>ad</span> <span class='ocrx_word' id='word_1_109' title='bbox 1002 1670 1085 1736; x_wconf 89' lang='lat' dir='ltr'>vitia</span> <span class='ocrx_word' id='word_1_110' title='bbox 1120 1679 1229 1736; x_wconf 89' lang='lat' dir='ltr'>autem</span> <span class='ocrx_word' id='word_1_111' title='bbox 1267 1672 1447 1758; x_wconf 83' lang='lat' dir='ltr'>scripturae</span> 
     </span>
     <span class='ocr_line' id='line_1_14' title="bbox 151 1774 1447 1863; baseline -0.002 -25"><span class='ocrx_word' id='word_1_112' title='bbox 151 1775 357 1840; x_wconf 88' lang='lat' dir='ltr'>emendanda</span> <span class='ocrx_word' id='word_1_113' title='bbox 377 1775 507 1840; x_wconf 88' lang='lat' dir='ltr'>firmum</span> <span class='ocrx_word' id='word_1_114' title='bbox 529 1775 731 1863; x_wconf 88' lang='lat' dir='ltr'>praesidium</span> <span class='ocrx_word' id='word_1_115' title='bbox 752 1775 974 1862; x_wconf 89' lang='lat' dir='ltr'>praebuerunt</span> <span class='ocrx_word' id='word_1_116' title='bbox 996 1774 1301 1859; x_wconf 69' lang='lat' dir='ltr'>sangermanenses.</span> <span class='ocrx_word' id='word_1_117' title='bbox 1345 1793 1447 1858; x_wconf 90' lang='lat' dir='ltr'>quare</span> 
     </span>
     <span class='ocr_line' id='line_1_15' title="bbox 151 1871 1445 1964; baseline -0.001 -25"><span class='ocrx_word' id='word_1_118' title='bbox 151 1876 200 1940; x_wconf 90' lang='lat' dir='ltr'>his</span> <span class='ocrx_word' id='word_1_119' title='bbox 226 1875 324 1942; x_wconf 86' lang='lat' dir='ltr'>libris</span> <span class='ocrx_word' id='word_1_120' title='bbox 352 1898 434 1964; x_wconf 91' lang='lat' dir='ltr'>quos</span> <span class='ocrx_word' id='word_1_121' title='bbox 457 1877 526 1942; x_wconf 83' lang='lat' dir='ltr'>dixi</span> <span class='ocrx_word' id='word_1_122' title='bbox 546 1878 595 1942; x_wconf 86' lang='lat' dir='ltr'>ita</span> <span class='ocrx_word' id='word_1_123' title='bbox 616 1899 696 1942; x_wconf 88' lang='lat' dir='ltr'>usus</span> <span class='ocrx_word' id='word_1_124' title='bbox 719 1900 807 1959; x_wconf 90' lang='lat' dir='ltr'>sum,</span> <span class='ocrx_word' id='word_1_125' title='bbox 831 1887 867 1944; x_wconf 93' lang='lat' dir='ltr'>ut</span> <span class='ocrx_word' id='word_1_126' title='bbox 888 1878 1028 1964; x_wconf 89' lang='lat' dir='ltr'>primam</span> <span class='ocrx_word' id='word_1_127' title='bbox 1049 1896 1182 1940; x_wconf 87' lang='lat' dir='ltr'>manum</span> <span class='ocrx_word' id='word_1_128' title='bbox 1203 1871 1445 1939; x_wconf 89' lang='lat' dir='ltr'>Wolfenbutte-</span> 
     </span>
    </p>
   </div>
   <div class='ocr_carea' id='block_1_3' title="bbox 151 1974 1554 2072">
    <p class='ocr_par' dir='ltr' id='par_1_3' title="bbox 151 1974 1554 2072">
     <span class='ocr_line' id='line_1_16' title="bbox 151 1974 1554 2072; baseline -0.001 -30"><span class='ocrx_word' id='word_1_129' title='bbox 151 1977 217 2044; x_wconf 89' lang='lat' dir='ltr'>lani</span> <span class='ocrx_word' id='word_1_130' title='bbox 239 1978 381 2060; x_wconf 88' lang='lat' dir='ltr'>codicis,</span> <span class='ocrx_word' id='word_1_131' title='bbox 404 1979 512 2066; x_wconf 93' lang='lat' dir='ltr'>quoad</span> <span class='ocrx_word' id='word_1_132' title='bbox 535 1980 604 2044; x_wconf 87' lang='lat' dir='ltr'>eius</span> <span class='ocrx_word' id='word_1_133' title='bbox 626 1978 698 2044; x_wconf 89' lang='lat' dir='ltr'>lieri</span> <span class='ocrx_word' id='word_1_134' title='bbox 720 1989 851 2066; x_wconf 88' lang='lat' dir='ltr'>posset,</span> <span class='ocrx_word' id='word_1_135' title='bbox 874 1979 1107 2066; x_wconf 85' lang='lat' dir='ltr'>exprimerem,</span> <span class='ocrx_word' id='word_1_136' title='bbox 1130 1986 1163 2041; x_wconf 88' lang='lat' dir='ltr'>et</span> <span class='ocrx_word' id='word_1_137' title='bbox 1184 1975 1381 2062; x_wconf 88' lang='lat' dir='ltr'>ubicumque</span> <span class='ocrx_word' id='word_1_138' title='bbox 1403 1974 1445 2041; x_wconf 88' lang='lat' dir='ltr'>ab</span> <span class='ocrx_word' id='word_1_139' title='bbox 1491 2045 1493 2050; x_wconf 67' lang='lat'>,</span> <span class='ocrx_word' id='word_1_140' title='bbox 1550 2052 1554 2072; x_wconf 22' lang='grc' dir='ltr'><strong>η</strong></span> 
     </span>
    </p>
   </div>
   <div class='ocr_carea' id='block_1_4' title="bbox 149 2075 1445 2984">
    <p class='ocr_par' dir='ltr' id='par_1_4' title="bbox 149 2075 1445 2984">
     <span class='ocr_line' id='line_1_17' title="bbox 151 2075 1445 2169; baseline -0.004 -25"><span class='ocrx_word' id='word_1_141' title='bbox 151 2102 188 2144; x_wconf 90' lang='lat' dir='ltr'>ea</span> <span class='ocrx_word' id='word_1_142' title='bbox 208 2079 431 2146; x_wconf 89' lang='lat' dir='ltr'>recedendum</span> <span class='ocrx_word' id='word_1_143' title='bbox 451 2091 564 2168; x_wconf 76' lang='lat' dir='ltr'>esset,</span> <span class='ocrx_word' id='word_1_144' title='bbox 580 2081 838 2169; x_wconf 18' lang='lat' dir='ltr'>,discrepantiam</span> <span class='ocrx_word' id='word_1_145' title='bbox 865 2092 996 2169; x_wconf 88' lang='lat' dir='ltr'>praeter</span> <span class='ocrx_word' id='word_1_146' title='bbox 1017 2079 1105 2144; x_wconf 87' lang='lat' dir='ltr'>levia</span> <span class='ocrx_word' id='word_1_147' title='bbox 1126 2077 1258 2166; x_wconf 87' lang='lat' dir='ltr'>quidem</span> <span class='ocrx_word' id='word_1_148' title='bbox 1280 2075 1445 2142; x_wconf 89' lang='lat' dir='ltr'>scribendi</span> 
     </span>
     <span class='ocr_line' id='line_1_18' title="bbox 150 2178 1444 2270; baseline -0.004 -23"><span class='ocrx_word' id='word_1_149' title='bbox 150 2182 233 2247; x_wconf 78' lang='lat' dir='ltr'>vitia</span> <span class='ocrx_word' id='word_1_150' title='bbox 254 2183 417 2268; x_wconf 86' lang='lat' dir='ltr'>integram</span> <span class='ocrx_word' id='word_1_151' title='bbox 444 2182 641 2263; x_wconf 89' lang='lat' dir='ltr'>indicarem,</span> <span class='ocrx_word' id='word_1_152' title='bbox 669 2183 1003 2270; x_wconf 84' lang='lat' dir='ltr'>Sangermanensium</span> <span class='ocrx_word' id='word_1_153' title='bbox 1031 2191 1140 2246; x_wconf 88' lang='lat' dir='ltr'>autem</span> <span class='ocrx_word' id='word_1_154' title='bbox 1162 2179 1323 2246; x_wconf 90' lang='lat' dir='ltr'>librorum</span> <span class='ocrx_word' id='word_1_155' title='bbox 1345 2178 1444 2266; x_wconf 91' lang='lat' dir='ltr'>scrip-</span> 
     </span>
     <span class='ocr_line' id='line_1_19' title="bbox 150 2281 1444 2373; baseline -0.001 -27"><span class='ocrx_word' id='word_1_156' title='bbox 150 2293 257 2347; x_wconf 84' lang='lat' dir='ltr'>turam</span> <span class='ocrx_word' id='word_1_157' title='bbox 283 2284 391 2371; x_wconf 88' lang='lat' dir='ltr'>ipsam</span> <span class='ocrx_word' id='word_1_158' title='bbox 418 2307 564 2372; x_wconf 88' lang='lat' dir='ltr'>quoque,</span> <span class='ocrx_word' id='word_1_159' title='bbox 591 2285 649 2351; x_wconf 87' lang='lat' dir='ltr'>ubi</span> <span class='ocrx_word' id='word_1_160' title='bbox 677 2308 697 2349; x_wconf 89' lang='lat' dir='ltr'>a</span> <span class='ocrx_word' id='word_1_161' title='bbox 724 2296 856 2373; x_wconf 87' lang='lat' dir='ltr'>recepta</span> <span class='ocrx_word' id='word_1_162' title='bbox 882 2285 1044 2372; x_wconf 86' lang='lat' dir='ltr'>scriptura</span> <span class='ocrx_word' id='word_1_163' title='bbox 1070 2283 1288 2368; x_wconf 88' lang='lat' dir='ltr'>discreparet,</span> <span class='ocrx_word' id='word_1_164' title='bbox 1318 2281 1444 2347; x_wconf 86' lang='lat' dir='ltr'>subice-</span> 
     </span>
     <span class='ocr_line' id='line_1_20' title="bbox 150 2383 1443 2475; baseline -0.003 -25"><span class='ocrx_word' id='word_1_165' title='bbox 150 2408 235 2469; x_wconf 88' lang='lat' dir='ltr'>rem,</span> <span class='ocrx_word' id='word_1_166' title='bbox 260 2385 320 2451; x_wconf 88' lang='lat' dir='ltr'>sed</span> <span class='ocrx_word' id='word_1_167' title='bbox 340 2385 445 2451; x_wconf 88' lang='lat' dir='ltr'>multa</span> <span class='ocrx_word' id='word_1_168' title='bbox 466 2396 587 2470; x_wconf 86' lang='lat' dir='ltr'>tamen,</span> <span class='ocrx_word' id='word_1_169' title='bbox 609 2410 693 2475; x_wconf 89' lang='lat' dir='ltr'>quae</span> <span class='ocrx_word' id='word_1_170' title='bbox 714 2386 836 2452; x_wconf 89' lang='lat' dir='ltr'>nullius</span> <span class='ocrx_word' id='word_1_171' title='bbox 858 2386 1014 2451; x_wconf 87' lang='lat' dir='ltr'>momenti</span> <span class='ocrx_word' id='word_1_172' title='bbox 1036 2407 1108 2450; x_wconf 87' lang='lat' dir='ltr'>esse</span> <span class='ocrx_word' id='word_1_173' title='bbox 1130 2383 1331 2450; x_wconf 89' lang='lat' dir='ltr'>videbantur</span> <span class='ocrx_word' id='word_1_174' title='bbox 1351 2405 1443 2470; x_wconf 89' lang='lat' dir='ltr'>prae-</span> 
     </span>
     <span class='ocr_line' id='line_1_21' title="bbox 150 2486 1443 2576; baseline -0.002 -24"><span class='ocrx_word' id='word_1_175' title='bbox 150 2489 331 2572; x_wconf 70' lang='lat' dir='ltr'>terirem‘).</span> <span class='ocrx_word' id='word_1_176' title='bbox 376 2486 516 2576; x_wconf 91' lang='lat' dir='ltr'>denique</span> <span class='ocrx_word' id='word_1_177' title='bbox 543 2487 622 2576; x_wconf 90' lang='lat' dir='ltr'>quid</span> <span class='ocrx_word' id='word_1_178' title='bbox 649 2490 685 2554; x_wconf 91' lang='lat' dir='ltr'>in</span> <span class='ocrx_word' id='word_1_179' title='bbox 706 2499 817 2554; x_wconf 87' lang='lat' dir='ltr'>vetere</span> <span class='ocrx_word' id='word_1_180' title='bbox 844 2489 943 2553; x_wconf 90' lang='lat' dir='ltr'>trium</span> <span class='ocrx_word' id='word_1_181' title='bbox 970 2486 1127 2553; x_wconf 89' lang='lat' dir='ltr'>librorum</span> <span class='ocrx_word' id='word_1_182' title='bbox 1149 2488 1313 2574; x_wconf 88' lang='lat' dir='ltr'>scriptura</span> <span class='ocrx_word' id='word_1_183' title='bbox 1333 2508 1443 2551; x_wconf 89' lang='lat' dir='ltr'>reeen-</span> 
     </span>
     <span class='ocr_line' id='line_1_22' title="bbox 150 2586 1443 2678; baseline -0.002 -24"><span class='ocrx_word' id='word_1_184' title='bbox 150 2590 230 2654; x_wconf 84' lang='lat' dir='ltr'>tiore</span> <span class='ocrx_word' id='word_1_185' title='bbox 262 2600 409 2678; x_wconf 90' lang='lat' dir='ltr'>tempore</span> <span class='ocrx_word' id='word_1_186' title='bbox 442 2600 603 2656; x_wconf 87' lang='lat' dir='ltr'>mutatum</span> <span class='ocrx_word' id='word_1_187' title='bbox 635 2602 723 2657; x_wconf 89' lang='lat' dir='ltr'>esset</span> <span class='ocrx_word' id='word_1_188' title='bbox 749 2599 902 2657; x_wconf 88' lang='lat' dir='ltr'>accurate</span> <span class='ocrx_word' id='word_1_189' title='bbox 929 2589 1076 2654; x_wconf 88' lang='lat' dir='ltr'>indicare</span> <span class='ocrx_word' id='word_1_190' title='bbox 1108 2588 1243 2674; x_wconf 87' lang='lat' dir='ltr'>longum</span> <span class='ocrx_word' id='word_1_191' title='bbox 1270 2597 1303 2652; x_wconf 90' lang='lat' dir='ltr'>et</span> <span class='ocrx_word' id='word_1_192' title='bbox 1329 2586 1443 2652; x_wconf 87' lang='lat' dir='ltr'>inutile</span> 
     </span>
     <span class='ocr_line' id='line_1_23' title="bbox 150 2692 1443 2780; baseline -0.002 -24"><span class='ocrx_word' id='word_1_193' title='bbox 150 2703 234 2775; x_wconf 81' lang='lat' dir='ltr'>erat3</span> <span class='ocrx_word' id='word_1_194' title='bbox 263 2693 319 2758; x_wconf 88' lang='lat' dir='ltr'>ubi</span> <span class='ocrx_word' id='word_1_195' title='bbox 345 2692 442 2757; x_wconf 89' lang='lat' dir='ltr'>huius</span> <span class='ocrx_word' id='word_1_196' title='bbox 470 2714 599 2780; x_wconf 89' lang='lat' dir='ltr'>quoque</span> <span class='ocrx_word' id='word_1_197' title='bbox 626 2694 675 2759; x_wconf 91' lang='lat' dir='ltr'>rei</span> <span class='ocrx_word' id='word_1_198' title='bbox 695 2694 780 2760; x_wconf 90' lang='lat' dir='ltr'>ratio</span> <span class='ocrx_word' id='word_1_199' title='bbox 801 2693 953 2759; x_wconf 90' lang='lat' dir='ltr'>habenda</span> <span class='ocrx_word' id='word_1_200' title='bbox 975 2703 1061 2775; x_wconf 86' lang='lat' dir='ltr'>erat,</span> <span class='ocrx_word' id='word_1_201' title='bbox 1085 2702 1305 2757; x_wconf 83' lang='lat' dir='ltr'>correctorum</span> <span class='ocrx_word' id='word_1_202' title='bbox 1326 2712 1443 2754; x_wconf 87' lang='lat' dir='ltr'>manus</span> 
     </span>
     <span class='ocr_line' id='line_1_24' title="bbox 149 2791 1443 2862; baseline -0.002 -4"><span class='ocrx_word' id='word_1_203' title='bbox 149 2793 268 2859; x_wconf 89' lang='lat' dir='ltr'>litteris</span> <span class='ocrx_word' id='word_1_204' title='bbox 294 2795 358 2861; x_wconf 87' lang='lat' dir='ltr'>abc</span> <span class='ocrx_word' id='word_1_205' title='bbox 382 2794 537 2862; x_wconf 89' lang='lat' dir='ltr'>indicavi.</span> <span class='ocrx_word' id='word_1_206' title='bbox 582 2795 640 2861; x_wconf 88' lang='lat' dir='ltr'>sed</span> <span class='ocrx_word' id='word_1_207' title='bbox 668 2795 703 2860; x_wconf 87' lang='lat' dir='ltr'>in</span> <span class='ocrx_word' id='word_1_208' title='bbox 724 2794 1030 2862; x_wconf 82' lang='lat' dir='ltr'>Wolienbuttelano</span> <span class='ocrx_word' id='word_1_209' title='bbox 1058 2793 1172 2861; x_wconf 90' lang='lat' dir='ltr'>codiee</span> <span class='ocrx_word' id='word_1_210' title='bbox 1200 2791 1270 2859; x_wconf 85' lang='lat' dir='ltr'>sola</span> <span class='ocrx_word' id='word_1_211' title='bbox 1292 2815 1311 2856; x_wconf 90' lang='lat' dir='ltr'>a</span> <span class='ocrx_word' id='word_1_212' title='bbox 1332 2792 1443 2859; x_wconf 91' lang='lat' dir='ltr'>littera</span> 
     </span>
     <span class='ocr_line' id='line_1_25' title="bbox 151 2894 1442 2984; baseline 0.002 -25"><span class='ocrx_word' id='word_1_213' title='bbox 151 2896 366 2984; x_wconf 81' lang='lat' dir='ltr'>antiquissimi</span> <span class='ocrx_word' id='word_1_214' title='bbox 393 2898 589 2965; x_wconf 87' lang='lat' dir='ltr'>correctoris</span> <span class='ocrx_word' id='word_1_215' title='bbox 616 2899 828 2982; x_wconf 87' lang='lat' dir='ltr'>mutationes,</span> <span class='ocrx_word' id='word_1_216' title='bbox 858 2898 972 2963; x_wconf 88' lang='lat' dir='ltr'>addito</span> <span class='ocrx_word' id='word_1_217' title='bbox 1005 2898 1161 2963; x_wconf 87' lang='lat' dir='ltr'>asterisco</span> <span class='ocrx_word' id='word_1_218' title='bbox 1191 2894 1265 2983; x_wconf 80' lang='lat' dir='ltr'>(a*)</span> <span class='ocrx_word' id='word_1_219' title='bbox 1293 2918 1333 2959; x_wconf 89' lang='lat' dir='ltr'>ea</span> <span class='ocrx_word' id='word_1_220' title='bbox 1359 2918 1442 2982; x_wconf 90' lang='lat' dir='ltr'>quae</span> 
     </span>
    </p>
   </div>
   <div class='ocr_carea' id='block_1_5' title="bbox 151 3062 1441 3222">
    <p class='ocr_par' dir='ltr' id='par_1_5' title="bbox 151 3062 1441 3222">
     <span class='ocr_line' id='line_1_26' title="bbox 214 3062 1441 3137; baseline 0.001 -17"><span class='ocrx_word' id='word_1_221' title='bbox 214 3069 240 3133; x_wconf 82' lang='lat'>⁸)</span> <span class='ocrx_word' id='word_1_222' title='bbox 259 3070 403 3122; x_wconf 75' lang='lat' dir='ltr'>Notabilis</span> <span class='ocrx_word' id='word_1_223' title='bbox 415 3071 548 3123; x_wconf 87' lang='lat' dir='ltr'>librorum</span> <span class='ocrx_word' id='word_1_224' title='bbox 565 3072 831 3137; x_wconf 87' lang='lat' dir='ltr'>manuscriptorum</span> <span class='ocrx_word' id='word_1_225' title='bbox 848 3070 1039 3135; x_wconf 86' lang='lat' dir='ltr'>discrepantia</span> <span class='ocrx_word' id='word_1_226' title='bbox 1057 3075 1100 3120; x_wconf 87' lang='lat' dir='ltr'>est</span> <span class='ocrx_word' id='word_1_227' title='bbox 1117 3062 1146 3119; x_wconf 85' lang='lat' dir='ltr'>in</span> <span class='ocrx_word' id='word_1_228' title='bbox 1164 3070 1252 3121; x_wconf 87' lang='lat' dir='ltr'>tribus</span> <span class='ocrx_word' id='word_1_229' title='bbox 1270 3070 1441 3121; x_wconf 84' lang='lat' dir='ltr'>tractatibus</span> 
     </span>
     <span class='ocr_line' id='line_1_27' title="bbox 151 3154 1440 3222; baseline 0 -17"><span class='ocrx_word' id='word_1_230' title='bbox 151 3155 182 3205; x_wconf 87' lang='lat' dir='ltr'>de</span> <span class='ocrx_word' id='word_1_231' title='bbox 193 3157 325 3216; x_wconf 86' lang='lat' dir='ltr'>numeris,</span> <span class='ocrx_word' id='word_1_232' title='bbox 339 3156 373 3207; x_wconf 87' lang='lat' dir='ltr'>de</span> <span class='ocrx_word' id='word_1_233' title='bbox 387 3154 490 3222; x_wconf 82' lang='lat' dir='ltr'>liguris,</span> <span class='ocrx_word' id='word_1_234' title='bbox 504 3156 538 3207; x_wconf 90' lang='lat' dir='ltr'>de</span> <span class='ocrx_word' id='word_1_235' title='bbox 551 3157 664 3207; x_wconf 83' lang='lat' dir='ltr'>casibus</span> <span class='ocrx_word' id='word_1_236' title='bbox 675 3157 822 3210; x_wconf 83' lang='lat' dir='ltr'>nominum.</span> <span class='ocrx_word' id='word_1_237' title='bbox 849 3156 883 3206; x_wconf 93' lang='lat' dir='ltr'>de</span> <span class='ocrx_word' id='word_1_238' title='bbox 897 3155 996 3219; x_wconf 90' lang='lat' dir='ltr'>quibus</span> <span class='ocrx_word' id='word_1_239' title='bbox 1009 3155 1091 3205; x_wconf 91' lang='lat' dir='ltr'>rebus</span> <span class='ocrx_word' id='word_1_240' title='bbox 1104 3154 1221 3205; x_wconf 88' lang='lat' dir='ltr'>cumbis</span> <span class='ocrx_word' id='word_1_241' title='bbox 1234 3158 1382 3205; x_wconf 85' lang='lat' dir='ltr'>tractatum</span> <span class='ocrx_word' id='word_1_242' title='bbox 1395 3158 1440 3217; x_wconf 91' lang='lat' dir='ltr'>sit,</span> 
     </span>
    </p>
   </div>
   <div class='ocr_carea' id='block_1_6' title="bbox 150 3238 1550 3307">
    <p class='ocr_par' dir='ltr' id='par_1_6' title="bbox 150 3238 1550 3307">
     <span class='ocr_line' id='line_1_28' title="bbox 150 3238 1550 3307; baseline 0 -17"><span class='ocrx_word' id='word_1_243' title='bbox 150 3241 264 3304; x_wconf 88' lang='lat' dir='ltr'>primum</span> <span class='ocrx_word' id='word_1_244' title='bbox 281 3241 394 3291; x_wconf 81' lang='lat' dir='ltr'>brevius</span> <span class='ocrx_word' id='word_1_245' title='bbox 410 3258 437 3307; x_wconf 89' lang='lat' dir='ltr'>p.</span> <span class='ocrx_word' id='word_1_246' title='bbox 456 3244 504 3292; x_wconf 74' lang='lat'>15⁷</span> <span class='ocrx_word' id='word_1_247' title='bbox 522 3255 596 3307; x_wconf 80' lang='lat' dir='ltr'>sqq,</span> <span class='ocrx_word' id='word_1_248' title='bbox 614 3240 712 3292; x_wconf 86' lang='lat' dir='ltr'>deinde</span> <span class='ocrx_word' id='word_1_249' title='bbox 728 3241 841 3291; x_wconf 88' lang='lat' dir='ltr'>uberius</span> <span class='ocrx_word' id='word_1_250' title='bbox 858 3257 884 3306; x_wconf 91' lang='lat' dir='ltr'>p.</span> <span class='ocrx_word' id='word_1_251' title='bbox 905 3242 952 3290; x_wconf 82' lang='grc'>177</span> <span class='ocrx_word' id='word_1_252' title='bbox 971 3254 1042 3305; x_wconf 64' lang='lat' dir='ltr'>sqq„</span> <span class='ocrx_word' id='word_1_253' title='bbox 1061 3238 1335 3291; x_wconf 84' lang='lat' dir='ltr'>Wolienbuttelauus</span> <span class='ocrx_word' id='word_1_254' title='bbox 1353 3238 1440 3291; x_wconf 83' lang='lat' dir='ltr'>codex</span> <span class='ocrx_word' id='word_1_255' title='bbox 1542 3268 1550 3283; x_wconf 91' lang='lat'><strong>·</strong></span> 
     </span>
    </p>
   </div>
   <div class='ocr_carea' id='block_1_7' title="bbox 151 3324 1497 4922">
    <p class='ocr_par' dir='ltr' id='par_1_7' title="bbox 151 3324 1497 4922">
     <span class='ocr_line' id='line_1_29' title="bbox 151 3324 1440 3393; baseline 0 -19"><span class='ocrx_word' id='word_1_256' title='bbox 151 3330 203 3375; x_wconf 89' lang='lat' dir='ltr'>tres</span> <span class='ocrx_word' id='word_1_257' title='bbox 227 3329 363 3376; x_wconf 86' lang='lat' dir='ltr'>tractatus</span> <span class='ocrx_word' id='word_1_258' title='bbox 386 3326 532 3377; x_wconf 86' lang='lat' dir='ltr'>uberiores</span> <span class='ocrx_word' id='word_1_259' title='bbox 553 3330 617 3393; x_wconf 88' lang='lat' dir='ltr'>pest</span> <span class='ocrx_word' id='word_1_260' title='bbox 638 3325 781 3377; x_wconf 86' lang='lat' dir='ltr'>breviores</span> <span class='ocrx_word' id='word_1_261' title='bbox 805 3326 917 3377; x_wconf 87' lang='lat' dir='ltr'>exhibet</span> <span class='ocrx_word' id='word_1_262' title='bbox 941 3326 1070 3375; x_wconf 87' lang='lat' dir='ltr'>continuo</span> <span class='ocrx_word' id='word_1_263' title='bbox 1093 3326 1226 3391; x_wconf 90' lang='lat' dir='ltr'>scriptos,</span> <span class='ocrx_word' id='word_1_264' title='bbox 1250 3324 1291 3375; x_wconf 88' lang='lat' dir='ltr'>sic</span> <span class='ocrx_word' id='word_1_265' title='bbox 1313 3325 1354 3375; x_wconf 87' lang='lat' dir='ltr'>uti</span> <span class='ocrx_word' id='word_1_266' title='bbox 1373 3324 1440 3376; x_wconf 89' lang='lat' dir='ltr'>editi</span> 
     </span>
     <span class='ocr_line' id='line_1_30' title="bbox 151 3409 1436 3491; baseline 0 -30"><span class='ocrx_word' id='word_1_267' title='bbox 151 3414 220 3473; x_wconf 85' lang='lat' dir='ltr'>sunt,</span> <span class='ocrx_word' id='word_1_268' title='bbox 238 3410 268 3459; x_wconf 88' lang='lat' dir='ltr'>in</span> <span class='ocrx_word' id='word_1_269' title='bbox 285 3409 571 3491; x_wconf 75' lang='lat' dir='ltr'>Spngermanenaibns</span> <span class='ocrx_word' id='word_1_270' title='bbox 589 3412 649 3462; x_wconf 87' lang='lat' dir='ltr'>bini</span> <span class='ocrx_word' id='word_1_271' title='bbox 666 3410 819 3462; x_wconf 84' lang='lat' dir='ltr'>deiisdem</span> <span class='ocrx_word' id='word_1_272' title='bbox 838 3411 920 3461; x_wconf 85' lang='lat' dir='ltr'>rebus</span> <span class='ocrx_word' id='word_1_273' title='bbox 938 3415 1075 3461; x_wconf 88' lang='lat' dir='ltr'>tractatus</span> <span class='ocrx_word' id='word_1_274' title='bbox 1094 3410 1236 3461; x_wconf 88' lang='lat' dir='ltr'>coniuncti</span> <span class='ocrx_word' id='word_1_275' title='bbox 1255 3414 1326 3461; x_wconf 87' lang='lat' dir='ltr'>sunt.</span> <span class='ocrx_word' id='word_1_276' title='bbox 1361 3410 1436 3461; x_wconf 88' lang='lat' dir='ltr'>Wol-</span> 
     </span>
     <span class='ocr_line' id='line_1_31' title="bbox 153 3493 1438 3561; baseline 0.001 -17"><span class='ocrx_word' id='word_1_277' title='bbox 153 3495 336 3547; x_wconf 81' lang='lat' dir='ltr'>ienbutteiaui</span> <span class='ocrx_word' id='word_1_278' title='bbox 359 3499 453 3545; x_wconf 87' lang='lat' dir='ltr'>sutem</span> <span class='ocrx_word' id='word_1_279' title='bbox 475 3494 580 3547; x_wconf 91' lang='lat' dir='ltr'>codicis</span> <span class='ocrx_word' id='word_1_280' title='bbox 603 3495 669 3547; x_wconf 89' lang='lat' dir='ltr'>ordo</span> <span class='ocrx_word' id='word_1_281' title='bbox 692 3495 899 3547; x_wconf 88' lang='lat' dir='ltr'>commendatur</span> <span class='ocrx_word' id='word_1_282' title='bbox 922 3497 957 3545; x_wconf 89' lang='lat' dir='ltr'>iis</span> <span class='ocrx_word' id='word_1_283' title='bbox 981 3510 1052 3561; x_wconf 88' lang='lat' dir='ltr'>quae</span> <span class='ocrx_word' id='word_1_284' title='bbox 1077 3510 1110 3545; x_wconf 84' lang='lat' dir='ltr'>ex</span> <span class='ocrx_word' id='word_1_285' title='bbox 1132 3495 1222 3561; x_wconf 89' lang='lat' dir='ltr'>priore</span> <span class='ocrx_word' id='word_1_286' title='bbox 1240 3498 1320 3561; x_wconf 87' lang='lat' dir='ltr'>parte</span> <span class='ocrx_word' id='word_1_287' title='bbox 1338 3493 1372 3545; x_wconf 87' lang='lat' dir='ltr'>de</span> <span class='ocrx_word' id='word_1_288' title='bbox 1389 3510 1438 3545; x_wconf 89' lang='lat' dir='ltr'>nu-</span> 
     </span>
     <span class='ocr_line' id='line_1_32' title="bbox 151 3578 1438 3647; baseline 0.001 -18"><span class='ocrx_word' id='word_1_289' title='bbox 151 3580 231 3631; x_wconf 85' lang='lat' dir='ltr'>meris</span> <span class='ocrx_word' id='word_1_290' title='bbox 249 3580 335 3631; x_wconf 89' lang='lat' dir='ltr'>citata</span> <span class='ocrx_word' id='word_1_291' title='bbox 353 3586 417 3631; x_wconf 83' lang='lat' dir='ltr'>snat</span> <span class='ocrx_word' id='word_1_292' title='bbox 434 3580 464 3631; x_wconf 91' lang='lat' dir='ltr'>in</span> <span class='ocrx_word' id='word_1_293' title='bbox 482 3582 636 3645; x_wconf 86' lang='lat' dir='ltr'>posteriore</span> <span class='ocrx_word' id='word_1_294' title='bbox 653 3598 680 3647; x_wconf 88' lang='lat' dir='ltr'>p.</span> <span class='ocrx_word' id='word_1_295' title='bbox 694 3582 743 3633; x_wconf 77' lang='lat' dir='ltr'>its</span> <span class='ocrx_word' id='word_1_296' title='bbox 760 3581 1141 3646; x_wconf 59' lang='lat' dir='ltr'>miscenturque,</span> <span class='ocrx_word' id='word_1_297' title='bbox 1155 3578 1288 3645; x_wconf 88' lang='lat' dir='ltr'>siquidem</span> <span class='ocrx_word' id='word_1_298' title='bbox 1300 3580 1371 3631; x_wconf 89' lang='lat' dir='ltr'>baec</span> <span class='ocrx_word' id='word_1_299' title='bbox 1383 3595 1438 3630; x_wconf 89' lang='lat' dir='ltr'>non</span> 
     </span>
     <span class='ocr_line' id='line_1_33' title="bbox 152 3650 1437 3732; baseline 0.001 -18"><span class='ocrx_word' id='word_1_300' title='bbox 152 3665 259 3714; x_wconf 87' lang='lat' dir='ltr'>adrem</span> <span class='ocrx_word' id='word_1_301' title='bbox 275 3665 353 3717; x_wconf 90' lang='lat' dir='ltr'>modo</span> <span class='ocrx_word' id='word_1_302' title='bbox 363 3650 532 3727; x_wconf 35' lang='lat' dir='ltr'>‘mactatam</span> <span class='ocrx_word' id='word_1_303' title='bbox 546 3666 594 3716; x_wconf 88' lang='lat' dir='ltr'>sed</span> <span class='ocrx_word' id='word_1_304' title='bbox 613 3665 648 3716; x_wconf 88' lang='lat' dir='ltr'>ad</span> <span class='ocrx_word' id='word_1_305' title='bbox 667 3666 758 3720; x_wconf 88' lang='lat' dir='ltr'>locum</span> <span class='ocrx_word' id='word_1_306' title='bbox 774 3665 885 3731; x_wconf 90' lang='lat' dir='ltr'>longius</span> <span class='ocrx_word' id='word_1_307' title='bbox 903 3670 1035 3716; x_wconf 89' lang='lat' dir='ltr'>remotum</span> <span class='ocrx_word' id='word_1_308' title='bbox 1052 3671 1181 3732; x_wconf 85' lang='lat' dir='ltr'>spectare</span> <span class='ocrx_word' id='word_1_309' title='bbox 1198 3664 1335 3717; x_wconf 78' lang='lat' dir='ltr'>uidentur.</span> <span class='ocrx_word' id='word_1_310' title='bbox 1365 3665 1437 3715; x_wconf 88' lang='lat' dir='ltr'>eius·</span> 
     </span>
     <span class='ocr_line' id='line_1_34' title="bbox 151 3748 1436 3817; baseline 0.005 -20"><span class='ocrx_word' id='word_1_311' title='bbox 151 3748 208 3798; x_wconf 88' lang='lat' dir='ltr'>dem</span> <span class='ocrx_word' id='word_1_312' title='bbox 227 3748 330 3800; x_wconf 87' lang='lat' dir='ltr'>codicis</span> <span class='ocrx_word' id='word_1_313' title='bbox 347 3750 484 3800; x_wconf 84' lang='lat' dir='ltr'>rationem</span> <span class='ocrx_word' id='word_1_314' title='bbox 501 3750 587 3801; x_wconf 85' lang='lat' dir='ltr'>etiam</span> <span class='ocrx_word' id='word_1_315' title='bbox 604 3751 633 3801; x_wconf 91' lang='lat' dir='ltr'>in</span> <span class='ocrx_word' id='word_1_316' title='bbox 650 3750 847 3817; x_wconf 75' lang='lat' dir='ltr'>orthographia</span> <span class='ocrx_word' id='word_1_317' title='bbox 863 3750 1062 3803; x_wconf 81' lang='lat' dir='ltr'>vocabulorum</span> <span class='ocrx_word' id='word_1_318' title='bbox 1073 3750 1233 3817; x_wconf 89' lang='lat' dir='ltr'>plerumque</span> <span class='ocrx_word' id='word_1_319' title='bbox 1246 3754 1356 3799; x_wconf 88' lang='lat' dir='ltr'>secutus</span> <span class='ocrx_word' id='word_1_320' title='bbox 1368 3764 1436 3803; x_wconf 90' lang='lat' dir='ltr'>sum.</span> 
     </span>
     <span class='ocr_line' id='line_1_35' title="bbox 151 3835 1435 3902; baseline 0.001 -19"><span class='ocrx_word' id='word_1_321' title='bbox 151 3848 311 3898; x_wconf 86' lang='lat' dir='ltr'>quamquam</span> <span class='ocrx_word' id='word_1_322' title='bbox 332 3836 363 3885; x_wconf 90' lang='lat' dir='ltr'>in</span> <span class='ocrx_word' id='word_1_323' title='bbox 379 3835 433 3884; x_wconf 92' lang='lat' dir='ltr'>hoc</span> <span class='ocrx_word' id='word_1_324' title='bbox 452 3850 552 3899; x_wconf 82' lang='lat' dir='ltr'>genere</span> <span class='ocrx_word' id='word_1_325' title='bbox 571 3835 671 3897; x_wconf 88' lang='lat' dir='ltr'>multa,</span> <span class='ocrx_word' id='word_1_326' title='bbox 690 3838 720 3886; x_wconf 89' lang='lat' dir='ltr'>in</span> <span class='ocrx_word' id='word_1_327' title='bbox 738 3836 836 3900; x_wconf 90' lang='lat' dir='ltr'>quibus</span> <span class='ocrx_word' id='word_1_328' title='bbox 854 3836 961 3886; x_wconf 85' lang='lat' dir='ltr'>librarii</span> <span class='ocrx_word' id='word_1_329' title='bbox 980 3852 1047 3887; x_wconf 88' lang='lat' dir='ltr'>snae</span> <span class='ocrx_word' id='word_1_330' title='bbox 1066 3836 1167 3886; x_wconf 87' lang='lat' dir='ltr'>aetatis</span> <span class='ocrx_word' id='word_1_331' title='bbox 1185 3835 1435 3902; x_wconf 83' lang='lat' dir='ltr'>pronuntiationem</span> 
     </span>
     <span class='ocr_line' id='line_1_36' title="bbox 152 3918 1435 3985; baseline 0 -17"><span class='ocrx_word' id='word_1_332' title='bbox 152 3924 346 3983; x_wconf 81' lang='lat' dir='ltr'>expresserunt,</span> <span class='ocrx_word' id='word_1_333' title='bbox 363 3936 420 3969; x_wconf 91' lang='lat' dir='ltr'>non</span> <span class='ocrx_word' id='word_1_334' title='bbox 437 3918 563 3970; x_wconf 85' lang='lat' dir='ltr'>indicata</span> <span class='ocrx_word' id='word_1_335' title='bbox 581 3919 769 3985; x_wconf 87' lang='lat' dir='ltr'>discrepantia</span> <span class='ocrx_word' id='word_1_336' title='bbox 786 3920 918 3971; x_wconf 87' lang='lat' dir='ltr'>librorum</span> <span class='ocrx_word' id='word_1_337' title='bbox 942 3923 1062 3984; x_wconf 89' lang='lat' dir='ltr'>correxi,</span> <span class='ocrx_word' id='word_1_338' title='bbox 1080 3919 1158 3971; x_wconf 88' lang='lat' dir='ltr'>velut</span> <span class='ocrx_word' id='word_1_339' title='bbox 1180 3936 1193 3971; x_wconf 86' lang='lat' dir='ltr'>c</span> <span class='ocrx_word' id='word_1_340' title='bbox 1216 3934 1265 3985; x_wconf 91' lang='lat' dir='ltr'>pro</span> <span class='ocrx_word' id='word_1_341' title='bbox 1287 3923 1298 3969; x_wconf 78' lang='grc' dir='ltr'>ι’</span> <span class='ocrx_word' id='word_1_342' title='bbox 1317 3920 1435 3984; x_wconf 85' lang='lat' dir='ltr'>positum</span> 
     </span>
     <span class='ocr_line' id='line_1_37' title="bbox 151 4003 1436 4071; baseline 0.003 -20"><span class='ocrx_word' id='word_1_343' title='bbox 151 4003 369 4068; x_wconf 84' lang='lat' dir='ltr'>frequentissime</span> <span class='ocrx_word' id='word_1_344' title='bbox 385 4005 416 4054; x_wconf 92' lang='lat' dir='ltr'>in</span> <span class='ocrx_word' id='word_1_345' title='bbox 434 4004 552 4069; x_wconf 85' lang='lat' dir='ltr'>talibus,</span> <span class='ocrx_word' id='word_1_346' title='bbox 569 4008 708 4071; x_wconf 67' lang='lat' dir='ltr'>accepere,</span> <span class='ocrx_word' id='word_1_347' title='bbox 726 4012 876 4065; x_wconf 75' lang='lat' dir='ltr'>contram,</span> <span class='ocrx_word' id='word_1_348' title='bbox 895 4008 1039 4065; x_wconf 83' lang='lat' dir='ltr'>dimedium,</span> <span class='ocrx_word' id='word_1_349' title='bbox 1056 4012 1127 4070; x_wconf 82' lang='lat' dir='ltr'>tres,</span> <span class='ocrx_word' id='word_1_350' title='bbox 1147 4006 1267 4068; x_wconf 69' lang='lat' dir='ltr'>deferam</span> <span class='ocrx_word' id='word_1_351' title='bbox 1288 4020 1337 4069; x_wconf 93' lang='lat' dir='ltr'>pro</span> <span class='ocrx_word' id='word_1_352' title='bbox 1360 4006 1436 4069; x_wconf 75' lang='lat' dir='ltr'>diffe-</span> 
     </span>
     <span class='ocr_line' id='line_1_38' title="bbox 151 4088 1434 4157; baseline 0.001 -19"><span class='ocrx_word' id='word_1_353' title='bbox 151 4096 219 4147; x_wconf 75' lang='lat' dir='ltr'>runt,</span> <span class='ocrx_word' id='word_1_354' title='bbox 238 4091 359 4139; x_wconf 69' lang='lat' dir='ltr'>medem</span> <span class='ocrx_word' id='word_1_355' title='bbox 376 4105 427 4155; x_wconf 90' lang='lat' dir='ltr'>pro</span> <span class='ocrx_word' id='word_1_356' title='bbox 444 4091 575 4151; x_wconf 65' lang='lat' dir='ltr'>accim,</span> <span class='ocrx_word' id='word_1_357' title='bbox 593 4089 640 4140; x_wconf 80' lang='lat' dir='ltr'>vel</span> <span class='ocrx_word' id='word_1_358' title='bbox 656 4092 667 4141; x_wconf 81' lang='grc' dir='ltr'><strong><em>ἰ</em></strong></span> <span class='ocrx_word' id='word_1_359' title='bbox 682 4105 732 4155; x_wconf 95' lang='lat' dir='ltr'>pro</span> <span class='ocrx_word' id='word_1_360' title='bbox 750 4107 778 4152; x_wconf 88' lang='lat' dir='ltr'>e,</span> <span class='ocrx_word' id='word_1_361' title='bbox 796 4097 827 4141; x_wconf 87' lang='lat' dir='ltr'>ut</span> <span class='ocrx_word' id='word_1_362' title='bbox 844 4092 936 4152; x_wconf 70' lang='lat' dir='ltr'>dedas,</span> <span class='ocrx_word' id='word_1_363' title='bbox 956 4093 1101 4157; x_wconf 68' lang='lat' dir='ltr'>liquescunt,</span> <span class='ocrx_word' id='word_1_364' title='bbox 1118 4092 1211 4153; x_wconf 72' lang='lat' dir='ltr'>sarire.</span> <span class='ocrx_word' id='word_1_365' title='bbox 1247 4090 1370 4155; x_wconf 80' lang='lat' dir='ltr'>graviori</span> <span class='ocrx_word' id='word_1_366' title='bbox 1387 4088 1434 4139; x_wconf 94' lang='lat' dir='ltr'>du-</span> 
     </span>
     <span class='ocr_line' id='line_1_39' title="bbox 151 4172 1434 4239; baseline 0.003 -18"><span class='ocrx_word' id='word_1_367' title='bbox 151 4173 278 4224; x_wconf 83' lang='lat' dir='ltr'>bitationi</span> <span class='ocrx_word' id='word_1_368' title='bbox 293 4173 382 4224; x_wconf 84' lang='lat' dir='ltr'>locum</span> <span class='ocrx_word' id='word_1_369' title='bbox 400 4174 574 4239; x_wconf 84' lang='lat' dir='ltr'>praebebant</span> <span class='ocrx_word' id='word_1_370' title='bbox 584 4176 656 4225; x_wconf 83' lang='lat' dir='ltr'>vitia</span> <span class='ocrx_word' id='word_1_371' title='bbox 667 4175 801 4225; x_wconf 88' lang='lat' dir='ltr'>sermonis</span> <span class='ocrx_word' id='word_1_372' title='bbox 813 4174 859 4225; x_wconf 87' lang='lat' dir='ltr'>vel</span> <span class='ocrx_word' id='word_1_373' title='bbox 876 4176 982 4225; x_wconf 80' lang='lat' dir='ltr'>formae</span> <span class='ocrx_word' id='word_1_374' title='bbox 995 4176 1139 4226; x_wconf 87' lang='lat' dir='ltr'>verborum</span> <span class='ocrx_word' id='word_1_375' title='bbox 1152 4190 1186 4225; x_wconf 83' lang='lat' dir='ltr'>er</span> <span class='ocrx_word' id='word_1_376' title='bbox 1202 4172 1313 4225; x_wconf 85' lang='lat' dir='ltr'>infimae</span> <span class='ocrx_word' id='word_1_377' title='bbox 1331 4176 1434 4225; x_wconf 87' lang='lat' dir='ltr'>aetatis</span> 
     </span>
     <span class='ocr_line' id='line_1_40' title="bbox 152 4258 1435 4325; baseline 0.002 -18"><span class='ocrx_word' id='word_1_378' title='bbox 152 4258 342 4309; x_wconf 83' lang='lat' dir='ltr'>consuetudine</span> <span class='ocrx_word' id='word_1_379' title='bbox 360 4258 514 4325; x_wconf 81' lang='lat' dir='ltr'>proiectae.</span> <span class='ocrx_word' id='word_1_380' title='bbox 549 4275 613 4309; x_wconf 87' lang='lat' dir='ltr'>narn</span> <span class='ocrx_word' id='word_1_381' title='bbox 633 4275 693 4309; x_wconf 88' lang='lat' dir='ltr'>cum</span> <span class='ocrx_word' id='word_1_382' title='bbox 710 4266 739 4310; x_wconf 85' lang='lat' dir='ltr'>et</span> <span class='ocrx_word' id='word_1_383' title='bbox 756 4261 898 4325; x_wconf 88' lang='lat' dir='ltr'>scriptoris</span> <span class='ocrx_word' id='word_1_384' title='bbox 916 4259 1036 4310; x_wconf 87' lang='lat' dir='ltr'>elocutio</span> <span class='ocrx_word' id='word_1_385' title='bbox 1054 4259 1129 4309; x_wconf 88' lang='lat' dir='ltr'>rudis</span> <span class='ocrx_word' id='word_1_386' title='bbox 1146 4276 1180 4310; x_wconf 89' lang='lat' dir='ltr'>ac</span> <span class='ocrx_word' id='word_1_387' title='bbox 1198 4259 1330 4311; x_wconf 88' lang='lat' dir='ltr'>mendosa</span> <span class='ocrx_word' id='word_1_388' title='bbox 1348 4260 1392 4321; x_wconf 88' lang='lat' dir='ltr'>sit,</span> <span class='ocrx_word' id='word_1_389' title='bbox 1407 4264 1435 4310; x_wconf 90' lang='lat' dir='ltr'>et</span> 
     </span>
     <span class='ocr_line' id='line_1_41' title="bbox 152 4342 1434 4411; baseline 0.003 -21"><span class='ocrx_word' id='word_1_390' title='bbox 152 4342 255 4392; x_wconf 86' lang='lat' dir='ltr'>librarii</span> <span class='ocrx_word' id='word_1_391' title='bbox 271 4342 357 4393; x_wconf 83' lang='lat' dir='ltr'>multa</span> <span class='ocrx_word' id='word_1_392' title='bbox 374 4358 442 4394; x_wconf 86' lang='lat' dir='ltr'>suae</span> <span class='ocrx_word' id='word_1_393' title='bbox 461 4345 564 4395; x_wconf 83' lang='lat' dir='ltr'>aetatis</span> <span class='ocrx_word' id='word_1_394' title='bbox 582 4360 657 4394; x_wconf 90' lang='lat' dir='ltr'>more</span> <span class='ocrx_word' id='word_1_395' title='bbox 676 4346 856 4411; x_wconf 87' lang='lat' dir='ltr'>corruperint,</span> <span class='ocrx_word' id='word_1_396' title='bbox 874 4360 960 4410; x_wconf 87' lang='lat' dir='ltr'>saepo</span> <span class='ocrx_word' id='word_1_397' title='bbox 979 4347 1114 4395; x_wconf 89' lang='lat' dir='ltr'>incertum</span> <span class='ocrx_word' id='word_1_398' title='bbox 1134 4351 1202 4409; x_wconf 85' lang='lat' dir='ltr'>erat,</span> <span class='ocrx_word' id='word_1_399' title='bbox 1222 4346 1318 4410; x_wconf 86' lang='lat' dir='ltr'>siquae</span> <span class='ocrx_word' id='word_1_400' title='bbox 1337 4360 1354 4394; x_wconf 88' lang='lat' dir='ltr'>a</span> <span class='ocrx_word' id='word_1_401' title='bbox 1366 4360 1434 4410; x_wconf 90' lang='lat' dir='ltr'>puro</span> 
     </span>
     <span class='ocr_line' id='line_1_42' title="bbox 153 4428 1433 4495; baseline 0.003 -20"><span class='ocrx_word' id='word_1_402' title='bbox 153 4441 271 4479; x_wconf 81' lang='lat' dir='ltr'>sermone</span> <span class='ocrx_word' id='word_1_403' title='bbox 293 4429 387 4480; x_wconf 84' lang='lat' dir='ltr'>alicua</span> <span class='ocrx_word' id='word_1_404' title='bbox 411 4434 504 4491; x_wconf 87' lang='lat' dir='ltr'>erant,</span> <span class='ocrx_word' id='word_1_405' title='bbox 528 4435 616 4480; x_wconf 74' lang='lat' dir='ltr'>nuum</span> <span class='ocrx_word' id='word_1_406' title='bbox 638 4429 710 4479; x_wconf 88' lang='lat' dir='ltr'>haec</span> <span class='ocrx_word' id='word_1_407' title='bbox 733 4430 907 4494; x_wconf 84' lang='lat' dir='ltr'>grammatici</span> <span class='ocrx_word' id='word_1_408' title='bbox 926 4430 1073 4495; x_wconf 80' lang='lat' dir='ltr'>inperitiae</span> <span class='ocrx_word' id='word_1_409' title='bbox 1092 4444 1129 4479; x_wconf 87' lang='lat' dir='ltr'>an</span> <span class='ocrx_word' id='word_1_410' title='bbox 1146 4429 1320 4480; x_wconf 90' lang='lat' dir='ltr'>librariorum</span> <span class='ocrx_word' id='word_1_411' title='bbox 1339 4428 1433 4495; x_wconf 91' lang='lat' dir='ltr'>negle-</span> 
     </span>
     <span class='ocr_line' id='line_1_43' title="bbox 154 4512 1434 4579; baseline 0.004 -19"><span class='ocrx_word' id='word_1_412' title='bbox 154 4514 259 4575; x_wconf 84' lang='lat' dir='ltr'>gentiae</span> <span class='ocrx_word' id='word_1_413' title='bbox 281 4514 428 4564; x_wconf 87' lang='lat' dir='ltr'>tribuenda</span> <span class='ocrx_word' id='word_1_414' title='bbox 451 4520 552 4565; x_wconf 87' lang='lat' dir='ltr'>essent.</span> <span class='ocrx_word' id='word_1_415' title='bbox 588 4529 673 4579; x_wconf 85' lang='lat' dir='ltr'>quare</span> <span class='ocrx_word' id='word_1_416' title='bbox 697 4530 731 4565; x_wconf 92' lang='lat' dir='ltr'>ea</span> <span class='ocrx_word' id='word_1_417' title='bbox 753 4514 861 4579; x_wconf 86' lang='lat' dir='ltr'>quidem</span> <span class='ocrx_word' id='word_1_418' title='bbox 880 4529 949 4579; x_wconf 90' lang='lat' dir='ltr'>quae</span> <span class='ocrx_word' id='word_1_419' title='bbox 972 4512 1103 4565; x_wconf 86' lang='lat' dir='ltr'>librorum</span> <span class='ocrx_word' id='word_1_420' title='bbox 1122 4528 1258 4565; x_wconf 88' lang='lat' dir='ltr'>consensu</span> <span class='ocrx_word' id='word_1_421' title='bbox 1275 4518 1336 4565; x_wconf 86' lang='lat' dir='ltr'>tuto</span> <span class='ocrx_word' id='word_1_422' title='bbox 1354 4521 1434 4565; x_wconf 87' lang='lat' dir='ltr'>erant</span> 
     </span>
     <span class='ocr_line' id='line_1_44' title="bbox 153 4598 1497 4665; baseline 0.004 -20"><span class='ocrx_word' id='word_1_423' title='bbox 153 4611 238 4659; x_wconf 86' lang='lat' dir='ltr'>neque</span> <span class='ocrx_word' id='word_1_424' title='bbox 258 4614 306 4663; x_wconf 90' lang='lat' dir='ltr'>per</span> <span class='ocrx_word' id='word_1_425' title='bbox 326 4614 356 4649; x_wconf 89' lang='lat' dir='ltr'>se</span> <span class='ocrx_word' id='word_1_426' title='bbox 377 4600 568 4665; x_wconf 85' lang='lat' dir='ltr'>inprobabilis</span> <span class='ocrx_word' id='word_1_427' title='bbox 586 4614 646 4651; x_wconf 87' lang='lat' dir='ltr'>esse</span> <span class='ocrx_word' id='word_1_428' title='bbox 664 4599 830 4650; x_wconf 86' lang='lat' dir='ltr'>videbantur</span> <span class='ocrx_word' id='word_1_429' title='bbox 847 4602 953 4664; x_wconf 80' lang='lat' dir='ltr'>recepi3</span> <span class='ocrx_word' id='word_1_430' title='bbox 977 4599 1203 4650; x_wconf 88' lang='lat' dir='ltr'>dissentientibus</span> <span class='ocrx_word' id='word_1_431' title='bbox 1221 4606 1314 4650; x_wconf 86' lang='lat' dir='ltr'>autem</span> <span class='ocrx_word' id='word_1_432' title='bbox 1333 4600 1433 4651; x_wconf 87' lang='lat' dir='ltr'>codici·</span> <span class='ocrx_word' id='word_1_433' title='bbox 1492 4598 1497 4602; x_wconf 80' lang='grc'><strong>’</strong></span> 
     </span>
     <span class='ocr_line' id='line_1_45' title="bbox 154 4680 1432 4750; baseline 0.005 -21"><span class='ocrx_word' id='word_1_434' title='bbox 154 4680 200 4731; x_wconf 85' lang='lat' dir='ltr'>bns</span> <span class='ocrx_word' id='word_1_435' title='bbox 217 4682 336 4734; x_wconf 89' lang='lat' dir='ltr'>librariis</span> <span class='ocrx_word' id='word_1_436' title='bbox 353 4684 443 4749; x_wconf 89' lang='lat' dir='ltr'>potius</span> <span class='ocrx_word' id='word_1_437' title='bbox 460 4699 512 4735; x_wconf 85' lang='lat' dir='ltr'>aua</span> <span class='ocrx_word' id='word_1_438' title='bbox 530 4686 601 4735; x_wconf 83' lang='lat' dir='ltr'>vitia</span> <span class='ocrx_word' id='word_1_439' title='bbox 618 4684 800 4750; x_wconf 88' lang='lat' dir='ltr'>relinquenda</span> <span class='ocrx_word' id='word_1_440' title='bbox 817 4699 899 4749; x_wconf 86' lang='lat' dir='ltr'>quam</span> <span class='ocrx_word' id='word_1_441' title='bbox 921 4684 1064 4748; x_wconf 88' lang='lat' dir='ltr'>scriptoris</span> <span class='ocrx_word' id='word_1_442' title='bbox 1083 4700 1233 4735; x_wconf 88' lang='lat' dir='ltr'>sermonem</span> <span class='ocrx_word' id='word_1_443' title='bbox 1251 4689 1355 4737; x_wconf 89' lang='lat' dir='ltr'>temere</span> <span class='ocrx_word' id='word_1_444' title='bbox 1373 4704 1432 4739; x_wconf 92' lang='lat' dir='ltr'>cor-</span> 
     </span>
     <span class='ocr_line' id='line_1_46' title="bbox 155 4767 1432 4837; baseline 0.006 -22"><span class='ocrx_word' id='word_1_445' title='bbox 155 4767 323 4833; x_wconf 88' lang='lat' dir='ltr'>rumpendum</span> <span class='ocrx_word' id='word_1_446' title='bbox 341 4784 401 4819; x_wconf 90' lang='lat' dir='ltr'>ease</span> <span class='ocrx_word' id='word_1_447' title='bbox 420 4770 586 4825; x_wconf 85' lang='lat' dir='ltr'>existimari.</span> <span class='ocrx_word' id='word_1_448' title='bbox 623 4772 701 4821; x_wconf 88' lang='lat' dir='ltr'>reiut</span> <span class='ocrx_word' id='word_1_449' title='bbox 721 4772 799 4836; x_wconf 73' lang='lat' dir='ltr'>ipsud</span> <span class='ocrx_word' id='word_1_450' title='bbox 816 4786 865 4837; x_wconf 93' lang='lat' dir='ltr'>pro</span> <span class='ocrx_word' id='word_1_451' title='bbox 883 4773 963 4835; x_wconf 73' lang='lat' dir='ltr'>r&#39;pmm</span> <span class='ocrx_word' id='word_1_452' title='bbox 981 4784 1065 4834; x_wconf 86' lang='lat' dir='ltr'>saepe</span> <span class='ocrx_word' id='word_1_453' title='bbox 1083 4784 1172 4834; x_wconf 87' lang='lat' dir='ltr'>neque</span> <span class='ocrx_word' id='word_1_454' title='bbox 1191 4776 1284 4821; x_wconf 87' lang='lat' dir='ltr'>tomen</span> <span class='ocrx_word' id='word_1_455' title='bbox 1303 4778 1432 4823; x_wconf 88' lang='lat' dir='ltr'>constan·</span> 
     </span>
     <span class='ocr_line' id='line_1_47' title="bbox 156 4852 1431 4922; baseline 0.011 -23"><span class='ocrx_word' id='word_1_456' title='bbox 156 4854 193 4899; x_wconf 83' lang='lat' dir='ltr'>ter</span> <span class='ocrx_word' id='word_1_457' title='bbox 215 4852 241 4900; x_wconf 90' lang='lat' dir='ltr'>iu</span> <span class='ocrx_word' id='word_1_458' title='bbox 258 4852 513 4917; x_wconf 80' lang='lat' dir='ltr'>Woifeubnttelano</span> <span class='ocrx_word' id='word_1_459' title='bbox 535 4855 631 4906; x_wconf 89' lang='lat' dir='ltr'>codiee</span> <span class='ocrx_word' id='word_1_460' title='bbox 653 4857 799 4921; x_wconf 87' lang='lat' dir='ltr'>scriptum,</span> <span class='ocrx_word' id='word_1_461' title='bbox 822 4854 893 4919; x_wconf 91' lang='lat' dir='ltr'>quod</span> <span class='ocrx_word' id='word_1_462' title='bbox 916 4854 968 4904; x_wconf 91' lang='lat' dir='ltr'>bac</span> <span class='ocrx_word' id='word_1_463' title='bbox 988 4854 1153 4905; x_wconf 85' lang='lat' dir='ltr'>auctoritate</span> <span class='ocrx_word' id='word_1_464' title='bbox 1171 4861 1312 4922; x_wconf 80' lang='lat' dir='ltr'>receperat</span> <span class='ocrx_word' id='word_1_465' title='bbox 1330 4858 1431 4913; x_wconf 78' lang='lat' dir='ltr'>Linde·</span> 
     </span>
    </p>
   </div>
   <div class='ocr_carea' id='block_1_8' title="bbox 0 0 1768 5600">
    <p class='ocr_par' dir='ltr' id='par_1_8' title="bbox 0 0 1768 5600">
     <span class='ocr_line' id='line_1_48' title="bbox 0 0 1768 5600; baseline 0 0"><span class='ocrx_word' id='word_1_466' title='bbox 0 0 1768 5600; x_wconf 95' lang='lat' dir='ltr'> </span> 
     </span>
    </p>
   </div>
  </div>
 </body>
</html>
