3525 5600
320 407 385 471 242
890 410 1044 474 rourum

261 517 263 523 ·
345 530 367 571 p.
381 517 470 558 saa-m
485 517 507 558 a.

320 605 390 658 sunt
413 615 487 678 quac
509 617 525 659 a
548 615 580 658 se
603 605 780 666 nascuntur,
804 605 837 660 ut
858 617 926 659 cras
947 597 1054 689 burno.
1098 580 1195 659 horno
1218 607 1265 660 est
1285 599 1343 662 hoc
1364 619 1452 662 anno.
1498 606 1606 682 putasi

294 700 298 708 '
321 699 391 760 velis
414 699 514 760 dicere
536 698 611 761 ‘hoc
634 699 681 760 die
704 701 780 769 tiat',
804 701 923 779 quaudo
945 700 1019 762 dicis
1042 699 1148 762 ‘bodie
1170 702 1248 772 liet',
1272 702 1308 764 ad
1325 703 1403 764 diem
1425 714 1605 784 praesentem

319 802 441 882 relers..
466 801 534 882 quid
563 803 589 862 si
618 802 687 863 velis
716 803 816 862 dicere
843 803 918 866 ‘boc
950 805 1066 864 anno’l
1100 804 1309 867 adverbialiter
1337 825 1397 866 non
1425 805 1528 876 hodie,
1556 807 1605 867 sed

319 904 414 966 borno
442 904 532 965 debas
559 905 673 976 dicere,
701 913 771 984 puta
800 905 914 966 ‘borno
941 906 1051 967 lactum
1074 911 1152 974 est',
1182 906 1213 967 id
1237 904 1240 987 l
1267 917 1311 968 est
1333 907 1390 968 boc
1413 925 1499 969 auno.
1545 909 1608 969 iude

319 1007 408 1067 etiam
436 1007 554 1085 ‘lruges
580 1007 775 1068 hornotinae’
804 1008 956 1070 dicuutur:
991 1006 1103 1086 legistis
1130 1009 1161 1068 in
1182 1009 1376 1071 frumentaria
1399 1011 1629 1089 ‘quantum-s

318 1127 471 1188 cumque
515 1108 694 1170 frumenti
730 1108 928 1170 hornotini
970 1118 1249 1171 exaraverunt’.
1294 1130 1471 1192 quamquam
1509 1111 1607 1173 Cicero

317 1209 484 1272 ‘hornotini
512 1210 674 1272 frumeuti’
703 1211 788 1280 dicit,
818 1212 957 1273 Horatius
984 1231 1045 1274 non
1074 1211 1145 1272 dicit
1171 1212 1323 1274 hornotini
1350 1213 1402 1274 sed
1430 1213 1519 1274 borni
1551 1215 1608 1274 iru-

317 1314 424 1380 menti,
455 1315 507 1372 ‘et
533 1312 649 1374 borna
679 1315 784 1392 lruge
814 1312 942 1383 lares’,
978 1332 1033 1393 pro
1063 1333 1098 1375 eo
1127 1315 1205 1393 quod
1229 1322 1275 1376 est
1297 1315 1474 1376 ‘horootina
1497 1314 1605 1393 lruge’.

318 1431 389 1492 ergo
412 1413 507 1474 borno
531 1423 575 1476 est
597 1433 674 1476 anno
698 1425 864 1494 praesente.
895 1416 951 1479 alia
969 1434 1047 1488 vero,
1071 1435 1147 1496 quae
1169 1417 1290 1479 aliunde
1312 1418 1459 1496 originem
1483 1425 1606 1486 sumunt

317 1516 352 1578 ab
376 1517 438 1577 istis
461 1515 552 1579 rebus
573 1515 746 1586 trahuntur,
770 1524 819 1580 aut
842 1537 858 1579 a
881 1519 1001 1579 nomine
1023 1519 1161 1599 proprio,
1183 1527 1234 1580 aut
1249 1539 1265 1580 a
1281 1523 1401 1581 nomine
1423 1518 1635 1599 appellativum

222 1637 225 1644 ⁴
316 1626 368 1678 aut
389 1635 404 1678 a
428 1617 533 1692 verbo,
558 1629 607 1679 aut
629 1639 645 1679 a
668 1619 788 1679 nomine
812 1627 841 1680 ot
864 1619 969 1690 verbo,
995 1627 1045 1681 aut
1067 1639 1082 1680 a
1106 1623 1284 1701 pronomine
1308 1620 1352 1701 [et
1374 1618 1540 1700 adverbio],
1562 1630 1606 1681 aut

316 1739 331 1780 a
360 1722 525 1800 participio.
569 1722 669 1782 omnia
701 1720 853 1791 adverbia,
888 1740 963 1799 quae
996 1721 1115 1783 aliunde
1148 1724 1294 1801 originem
1321 1730 1455 1793 sumunt,
1484 1720 1522 1782 ab
1549 1725 1607 1783 istis

316 1820 407 1883 rebus
429 1825 565 1883 veniunt:
601 1822 645 1883 vel
668 1841 683 1883 a
707 1823 827 1884 nomine
850 1825 991 1906 proprio,
1015 1823 1060 1884 vel
1083 1825 1119 1886 ab
1142 1823 1334 1906 appellativo,
1358 1843 1375 1884 a
1396 1826 1520 1904 proprio
1541 1824 1605 1884 Tul-

316 1921 372 1984 lius
394 1923 553 1992 Tulliaue,
567 1923 712 2002 Vergilius
727 1922 910 2003 Vergiliano,
933 1925 1072 1987 Horatius
1091 1927 1260 1988 Horatiane.
1292 1945 1308 1987 a
1331 1929 1452 1987 nomine
1473 1929 1604 2006 proprio:

315 2026 346 2086 in
368 2027 434 2086 istis
456 2024 602 2086 adverbiis
625 2025 911 2104 magua‘diflicultas
933 2034 992 2098 est,
1015 2046 1074 2107 quo
1096 2029 1185 2090 modo
1208 2038 1384 2098 nascuntur,
1408 2037 1512 2090 utrum
1534 2028 1637 2093 ‘lion

314 2129 390 2188 ratic
414 2127 503 2188 dirit'
533 2127 681 2197 dicamus,
706 2145 742 2189 an
766 2128 944 2190 ‘Horatiano
966 2127 1067 2199 dirit',
1098 2139 1197 2192 utrum
1219 2129 1334 2193 ‘Tullia
1357 2131 1458 2203 dirit',
1482 2151 1521 2192 an
1542 2131 1606 2191 Tul·

315 2227 403 2290 liane.
446 2231 612 2292 invenimus
634 2231 713 2291 enirn
738 2229 834 2308 aliqua
855 2233 886 2291 in
909 2230 1107 2302 derivatione,
1131 2251 1206 2314 quae
1228 2234 1305 2296 hauc
1328 2241 1463 2294 naturam
1485 2251 1607 2311 sequau-

314 2338 379 2391 tur:
403 2338 476 2410 puta
497 2329 545 2392 lea
567 2330 660 2393 Tullia
686 2330 810 2402 dicitur,
834 2351 895 2393 non
917 2332 1026 2394 dicitur
1048 2331 1094 2394 lex
1110 2335 1260 2406 Tulliaoa;
1284 2335 1331 2396 lex
1351 2336 1471 2396 Horatia
1493 2335 1605 2402 dicitur,

315 2450 375 2492 non
398 2431 505 2493 dicitur
527 2431 575 2494 lex
597 2423 766 2495 Horatiana.
799 2436 824 2495 si
854 2453 926 2513 ergo
954 2435 1098 2496 derivatio
1123 2439 1164 2497 ita
1192 2437 1350 2506 sehabet,
1374 2445 1407 2497 ut
1429 2436 1543 2498 dicatur
1564 2434 1605 2495 ler

315 2533 449 2604 lloratia,
479 2544 508 2595 et
535 2534 678 2597 derivatio
706 2537 843 2616 quotiens
877 2543 935 2607 est,
966 2534 971 2617 l
1000 2541 1065 2599 sine
1087 2537 1179 2599 dubio
1200 2538 1290 2600 simili
1312 2541 1427 2601 ratione
1450 2539 1637 2608 derivatur,so

314 2633 373 2696 tale
402 2655 466 2697 esse
495 2635 610 2708 debuit,
641 2644 671 2697 et
698 2637 856 2700 debuimus
883 2638 984 2700 dicere
1007 2639 1148 2702 ‘Horatio
1174 2640 1301 2702 dixisti'.
1347 2640 1399 2701 sed
1427 2650 1473 2703 est
1494 2640 1604 2720 regola:

317 2755 388 2817 crgo
410 2744 479 2801 teuc
501 2739 588 2801 istam
611 2737 755 2818 regulam.
790 2741 888 2802 omnia
913 2741 1050 2804 adverbia
1073 2759 1150 2824 quae
1170 2761 1226 2823 par
1247 2742 1460 2806 derivationem
1483 2761 1603 2805 nascun-

315 2849 364 2901 tur
386 2858 510 2902 necesse
538 2840 650 2903 habent
677 2860 813 2904 crescere
843 2843 963 2923 [melius
986 2852 1045 2913 cst,
1074 2846 1101 2905 si
1122 2854 1265 2916 crescant,
1290 2864 1378 2925 quam
1399 2846 1425 2905 si
1446 2845 1603 2906 secundum

286 2958 290 2965 ·
315 2960 472 3003 numerum
501 2941 680 3022 syllabarum
708 2944 803 3025 dant]
850 2952 921 3025 puta
943 2944 1059 3007 Tullius
1087 2947 1270 3028 trisyllabum
1293 2955 1352 3015 est,
1377 2949 1485 3009 crescit
1506 2951 1537 3007 in
1559 2946 1603 3007 de-

314 3046 472 3114 rivatiooe,
501 3043 651 3115 Tulliauev
681 3046 826 3124 Vergilius
853 3054 993 3128 quattuor
1020 3056 1091 3110 sunt
1118 3048 1260 3128 syllabae,
1291 3048 1458 3127 Vergiliane
1479 3050 1638 3129 quinques

313 3155 396 3215 suot;
425 3146 564 3207 Horatius
592 3146 762 3210 Horatiano.
808 3148 898 3210 debet
924 3150 1097 3212 adverbium
1126 3151 1205 3231 quod
1234 3152 1365 3212 nascitur
1386 3149 1507 3212 aliunde
1529 3168 1602 3211 cres·

315 3265 394 3308 cere.
425 3247 568 3309 derivatio
591 3256 690 3310 autern
713 3248 892 3330 plerumque
913 3254 1036 3324 crescit,
1061 3252 1237 3334 plerumque
1259 3273 1321 3315 uon
1343 3254 1465 3323 crescit,
1489 3261 1522 3313 ut
1536 3252 1604 3312 dixi-

314 3368 393 3423 mus,
423 3348 561 3411 lioratius
584 3348 751 3433 [lloratia],
774 3352 822 3413 len
845 3353 979 3422 Horatia:
1009 3373 1079 3416 ecce
1102 3354 1241 3435 aequales
1263 3354 1353 3416 babet
1374 3338 1518 3435 syllabas,
1540 3353 1604 3414 licet

313 3454 352 3511 sit
373 3450 422 3512 illa
446 3450 598 3513 derivatio.
645 3471 716 3533 ergo
743 3454 774 3515 in
802 3455 998 3526 derivatione,
1028 3456 1146 3538 quando
1173 3465 1245 3537 puta
1267 3476 1377 3519 nomen
1399 3458 1550 3518 derivatur
1569 3456 1604 3516 de

314 3553 448 3619 nomine,
479 3560 578 3631 potest
604 3561 634 3615 et
660 3554 771 3635 syllaba
799 3574 935 3619 crescere
968 3567 998 3619 et
1030 3578 1091 3621 uon
1122 3577 1269 3622 crescere.
1307 3558 1481 3623 adverbium
1510 3566 1600 3619 antem
1613 3582 1639 3621 so
1718 3608 1719 3635 ,

313 3655 431 3734 quando
459 3654 608 3717 derivatur
636 3656 672 3719 de
700 3660 835 3731 nomine,
865 3659 955 3722 debet
982 3679 1129 3722 crescere.
1175 3680 1246 3741 ergo
1275 3661 1437 3722 Horatiane
1465 3660 1603 3721 debemus

313 3756 414 3818 dicere
437 3766 467 3818 et
488 3758 667 3820 Terentiana
690 3767 719 3821 et
741 3761 919 3841 Vergiliano.
950 3770 1019 3823 sunt
1040 3761 1136 3843 aliqua
1159 3780 1235 3841 quae
1256 3782 1312 3843 per
1334 3762 1514 3843 euphoniam
1537 3779 1602 3823 cou-

314 3860 404 3922 traria
431 3867 515 3931 sunt,
546 3867 579 3921 ut
606 3860 662 3923 lroc
689 3864 787 3941 ipsum
815 3864 1003 3925 Terentiano.
1048 3865 1243 3926 Terentianus
1271 3865 1393 3943 quidem
1421 3865 1529 3926 dicitur
1555 3864 1603 3941 qui

313 3968 407 4023 metra
430 3964 562 4043 scripsit,
587 3971 616 4023 et
637 3964 798 4027 Terentius
819 3965 928 4027 dicitur
950 3967 1000 4044 qui
1023 3966 1192 4028 comoedias
1215 3969 1341 4047 scripsit.
1379 3967 1428 4028 lac
1450 3965 1603 4028 derivatio-

313 4082 382 4124 nem
411 4063 448 4125 ab
476 4072 612 4142 utroque.
657 4073 728 4145 puta
758 4070 783 4129 si
810 4068 890 4130 dicas
918 4070 992 4129 ‘iste
1018 4068 1149 4150 loquitur
1176 4069 1390 4138 Terentiane’,
1417 4069 1449 4130 id
1477 4078 1520 4130 cst
1546 4084 1602 4145 quo
1616 4086 1642 4126 ss

207 4240 209 4245 Ι
313 4164 402 4227 modo
425 4166 600 4237 Terentius,
630 4172 681 4248 qui
704 4168 872 4231 comoedias
899 4171 1034 4251 scripsit,
1059 4173 1064 4253 l
1093 4170 1253 4233 Terentius
1274 4172 1463 4234 Terentiano.
1507 4170 1557 4233 sed
1576 4172 1603 4229 si

313 4268 423 4330 dixeris
451 4272 523 4331 ‘iste
550 4269 682 4350 loquitur
709 4270 915 4343 Terentiane',
945 4292 1014 4334 cum
1047 4275 1183 4353 coeperis
1211 4275 1378 4353 siguificare
1406 4273 1445 4334 de
1476 4271 1526 4334 illo
1553 4272 1602 4349 qni

382 4476 398 4523 2
416 4475 464 4524 hoc
484 4472 535 4542 die]
558 4475 634 4525 bodie
649 4476 733 4525 Aac
784 4477 887 4538 quando
905 4477 970 4526 dicis
988 4476 1065 4527 hodie
1084 4476 1127 4526 liet
1140 4478 1220 4532 omi)
1271 4477 1287 4529 3
1304 4476 1383 4528 relert
1400 4480 1457 4542 quis
1470 4476 1521 4543 (rel
1529 4517 1601 4531 .....

313 4544 337 4593 Α
355 4544 433 4595 relert
454 4547 512 4610 quia
531 4542 561 4609 o)
585 4548 607 4596 si
629 4546 695 4596 uelis
717 4546 800 4597 dicere
817 4546 999 4597 oduerbinliter
1017 4552 1091 4603 (orno
1106 4548 1168 4598 odd.
1188 4547 1215 4613 c)
1236 4562 1285 4598 non
1308 4546 1387 4597 hodie
1411 4550 1456 4599 sed
1474 4548 1520 4598 boc
1536 4560 1603 4596 anuo

313 4614 390 4665 debes
412 4615 495 4665 dicere
512 4616 595 4666 Alto
666 4618 682 4667 5
706 4618 730 4665 iu
750 4614 925 4683 frumentaria]
947 4617 998 4669 Cir,
1015 4618 1041 4667 io
1065 4618 1141 4667 Verr.
1160 4626 1209 4671 oct.
1226 4633 1277 4671 aec.
1297 4618 1388 4678 11118,
1407 4621 1441 4670 45
1508 4618 1525 4668 6
1543 4616 1604 4665 bor·

313 4685 387 4734 nitini
406 4685 432 4734 B
485 4686 724 4737 exoraueruntAC
740 4684 977 4736 exarueruntBo*
1047 4687 1299 4738 ‘llroruotiniAOb
1317 4686 1438 4738 horuitini
1456 4690 1601 4752 Butroqce

312 4756 366 4803 loco
419 4754 582 4823 8ethorna]
605 4754 947 4819 Horat.carm.11123,3
1000 4756 1061 4806 laris
1080 4758 1105 4806 Α
1158 4756 1291 4807 hornotino
1307 4757 1381 4825 fruge
1400 4759 1425 4809 B
1478 4756 1509 4809 13
1527 4758 1603 4806 rebus

312 4838 359 4877 um,
374 4824 422 4874 Ad
473 4825 507 4875 20
525 4834 549 4875 et
561 4828 681 4891 ‘dirimatio
700 4835 738 4876 est
752 4828 806 4875 sine
818 4825 896 4875 dubio
911 4826 1027 4889 quotiens
1039 4826 1117 4877 simili
1128 4827 1202 4878 Arc
1250 4828 1284 4877 23
1300 4826 1387 4894 quom]
1404 4843 1469 4892 quae
1479 4828 1550 4878 Aac

312 4890 347 4945 ³0
365 4901 389 4942 et
401 4909 452 4944 non
465 4910 577 4945 crescere
590 4911 636 4949 om.
652 4896 683 4959 A,
695 4896 783 4947 addo
834 4896 866 4946 34
883 4897 1000 4946 comedia
1013 4896 1085 4946 Aac
1136 4897 1170 4948 36
1188 4898 1337 4947 eomediaA
1388 4894 1605 4965 37aoeperitAB
