3525 5600
918 357 1094 417 lldCllOBll

971 577 1046 688 ιιι

805 729 894 802 DE
947 729 1203 802 VERBO

445 1124 624 1202 Saepissime
647 1120 703 1180 titi
727 1122 908 1201 requirenti,
940 1121 1134 1181 disertissime
1157 1120 1356 1180 studiosorum
1380 1121 1502 1192 Serere,
1523 1123 1623 1184 rerlmm

360 1227 506 1286 sermonis
528 1243 584 1286 esu
606 1241 646 1283 an
669 1225 785 1284 ratione
808 1225 938 1284 alieuius
960 1225 1079 1301 regulae
1103 1223 1259 1300 (litigatur,
1284 1241 1317 1282 ao
1345 1224 1518 1302 postulanti,
1546 1227 1623 1304 siquid

360 1345 507 1406 supereo
530 1325 706 1387 declinando
728 1328 875 1404 scriptum
898 1325 942 1385 vel
972 1327 1113 1386 traditum
1136 1327 1285 1393 noverim,
1315 1333 1346 1390 ut
1369 1325 1521 1395 docerem,
1548 1325 1642 1386 libor-⁵

360 1429 473 1488 tissime
502 1431 598 1508 parui,
621 1447 679 1507 quo
709 1435 739 1486 et
761 1429 909 1488 amicitiae
932 1426 1034 1488 deltito
1056 1427 1154 1486 oliaeio
1170 1427 1310 1504 fungerer
1333 1434 1362 1486 et
1385 1446 1400 1486 a
1423 1445 1527 1504 graeca
1547 1428 1625 1506 lingua

360 1549 511 1591 romanam
547 1529 636 1590 nullis
669 1537 720 1590 aut
752 1534 855 1608 paneis
889 1529 1045 1590 admodum
1080 1529 1270 1590 ostenderem
1300 1528 1529 1608 discrepantem.
1567 1549 1625 1609 qrtae

359 1634 452 1709 igitur
473 1631 518 1691 rel
541 1633 700 1712 antiquitas
722 1631 894 1708 vestigando
916 1631 962 1690 vel
984 1633 1142 1712 posteritas
1165 1632 1276 1710 reperit
1305 1632 1494 1710 exsequendo
1518 1634 1545 1692 in
1565 1633 1626 1692 laune

359 1732 493 1793 libellum
522 1733 633 1793 contuli
662 1737 765 1794 stricto
792 1750 928 1794 sermone
957 1733 1105 1813 decerpta.
1150 1733 1335 1794 doctissimas
1362 1735 1442 1794 etaim
1470 1753 1554 1794 aures
1578 1743 1627 1794 toas

359 1854 417 1895 non
440 1843 499 1895 tam
521 1836 711 1896 instruendas
732 1836 846 1896 credidi
870 1854 958 1914 quam
979 1835 1217 1896 commonendas
1637 1847 1653 1882 ¹⁰

444 1934 476 1996 ln
499 1939 606 2015 prinds
628 1940 720 2014 igitur
742 1938 976 2013 coniugationes,
999 1956 1072 2017 quas
1095 1937 1130 1997 tv
1153 1939 1273 1998 omnino
1301 1954 1355 1996 nee
1379 1937 1507 2016 amplius
1527 1940 1627 2018 recepit.

358 2037 395 2097 ad
417 2037 642 2100 similitudinem
665 2039 924 2099 eirenmdexilinm
948 2039 1024 2118 apud
1041 2039 1168 2099 Graeeos
1186 2038 1342 2098 rerltornm
1365 2057 1401 2098 ex
1429 2041 1556 2100 secunda
1576 2059 1628 2120 per·

358 2158 430 2200 sona
454 2145 566 2220 {trimae
589 2142 748 2219 positionis
771 2143 971 2218 agnoscimus,
1005 2159 1072 2200 erim
1096 2143 1220 2220 primam
1244 2161 1269 2209 a,
1292 2140 1452 2201 serendam
1477 2160 1508 2210 e,
1530 2145 1628 2202 tertiam

358 2246 366 2302 i
396 2243 483 2303 modo
510 2243 667 2322 producta,
697 2243 783 2302 modo
811 2252 962 2321 correpta,
994 2241 1037 2301 vel
1071 2251 1138 2302 ante
1168 2243 1296 2302 litteram
1325 2242 1369 2302 vel
1402 2251 1475 2302 ante
1506 2243 1628 2322 syllabam

357 2363 491 2425 quaetpre
520 2347 614 2425 posita
643 2345 793 2422 designet:
817 2352 885 2404 ante
914 2345 1043 2404 litteram
1066 2345 1185 2423 qrridem
1209 2346 1238 2404 in
1262 2344 1309 2404 his
1337 2354 1414 2422 quae
1437 2363 1465 2414 o,
1500 2353 1564 2404 ante
1584 2344 1654 2423 syl-o

357 2446 452 2506 labam
476 2448 599 2506 veroin
622 2446 766 2525 hisquae
789 2464 823 2504 or
846 2448 1054 2514 terminantur,
1079 2453 1110 2506 ut
1126 2465 1197 2506 amo
1213 2465 1302 2513 antas,
1325 2445 1418 2506 doeeo
1440 2445 1536 2515 doces,
1558 2447 1629 2506 audio

356 2547 450 2617 aridis,
473 2548 539 2626 lege
561 2548 645 2624 legis,
670 2566 752 2609 amor
773 2550 897 2616 amaris,
933 2549 1042 2608 dorem
1064 2547 1193 2616 doceris,
1218 2548 1322 2607 audior
1344 2547 1472 2617 audiris,
1503 2549 1579 2626 legor
1597 2547 1629 2608 le·

356 2651 447 2724 geris.
492 2651 580 2708 tertia
609 2650 687 2709 enirn
717 2659 854 2728 eorrepta
883 2649 939 2710 ltoe
967 2669 981 2708 a
1006 2652 1115 2710 ceteris
1142 2649 1246 2717 distat,
1276 2649 1355 2729 quod
1385 2651 1416 2709 in
1439 2649 1488 2709 his
1516 2669 1584 2729 quae
1603 2669 1627 2708 or

357 2753 556 2812 terminantur
579 2753 587 2810 i
612 2755 642 2811 in
666 2773 682 2811 e
705 2738 862 2812 convertit.
908 2751 975 2811 ideo
1003 2759 1101 2812 autem
1129 2752 1257 2812 diximus
1285 2753 1315 2811 in
1337 2750 1483 2830 hisquae
1506 2771 1523 2811 o
1544 2751 1585 2812 rel
1603 2771 1627 2811 ot·

357 2856 564 2923 terminantur,
588 2856 728 2933 quioniam
752 2856 957 2914 attriversormn
980 2872 1055 2934 quae
1079 2854 1155 2933 apud
1179 2872 1230 2913 teos
1258 2854 1439 2931 regulariter
1461 2854 1654 2914 dee-linanturn

357 2955 412 3014 liae
436 2956 510 3015 dnae
534 2962 647 3015 tanttnn
670 2955 756 3015 rnodo
778 2964 846 3015 sunt
868 2954 999 3033 syllabae
1022 2955 1204 3016 terminales.
1249 2974 1315 3016 nam
1338 2974 1372 3015 ea
1395 2975 1471 3035 quae
1498 2976 1525 3016 m
1548 2954 1585 3035 [et
1604 2954 1625 3033 sl

357 3066 387 3117 et
409 3066 421 3116 t
443 3054 448 3141 l
472 3057 517 3116 rel
539 3058 547 3115 i
572 3058 681 3118 litteris
702 3060 845 3116 liniuntur
867 3056 961 3117 solius
984 3059 1161 3125 anctoritate
1184 3056 1321 3117 lectionis
1336 3074 1391 3117 nee
1414 3056 1505 3117 ullius
1527 3076 1627 3117 normae

358 3158 422 3235 lege
454 3160 624 3226 sumantur,
659 3166 692 3217 ut
719 3178 783 3218 sinn
812 3177 844 3215 es
871 3166 926 3227 est,
949 3176 1083 3237 quaeque
1106 3177 1142 3217 ex
1165 3178 1200 3217 eo
1233 3166 1455 3237 conponuntur,
1484 3168 1516 3219 nt
1543 3158 1626 3218 adsum

356 3278 477 3339 prosum
500 3260 603 3320 desunt
626 3279 746 3339 possum
769 3268 853 3338 potes
875 3267 982 3338 potest,
1007 3259 1105 3321 taedet
1127 3260 1219 3339 pudet
1240 3262 1322 3338 piget
1336 3260 1407 3320 lieet
1434 3262 1552 3320 miseret
1571 3278 1625 3338 pae-

356 3363 440 3430 nitet,
463 3362 512 3421 mli
535 3365 603 3421 novi
626 3364 757 3430 memini,
780 3380 854 3441 quae
877 3364 966 3421 etiam
989 3362 1133 3421 defectiva
1162 3361 1310 3429 dicuntur,
1333 3362 1411 3441 quod
1435 3362 1566 3440 plurimis
1584 3362 1654 3419 dest

356 3464 464 3532 dolant,
483 3472 516 3523 ut
530 3463 790 3540 coniugationibus
804 3462 967 3539 gonoribus
983 3464 1078 3523 modis
1093 3462 1277 3543 temporibus
1292 3466 1469 3543 participiis,
1486 3462 1626 3543 dequibus

356 3574 386 3623 et
407 3567 481 3644 ipsis
503 3565 688 3645 postmodum
711 3566 902 3626 disseremus.

441 3666 541 3726 llodos
563 3670 662 3735 otiam,
686 3686 760 3745 tpttos
782 3667 824 3727 illi
850 3664 1016 3745 ἐγκλίσεις
1038 3666 1196 3745 appellant,
1221 3669 1340 3727 eosdem
1356 3686 1389 3727 ae
1406 3686 1501 3746 paene
1523 3668 1623 3727 totidem

357 3766 466 3827 habere
495 3776 673 3840 noscuntur,
707 3769 899 3830 irnlimtirnm
923 3770 1131 3849 imperativum
1165 3771 1326 3848 optativum
1359 3767 1572 3830 sultiunetirum
1589 3772 1624 3827 in·

356 3870 480 3935 linitum,
504 3888 593 3949 quem
615 3872 650 3930 ad
667 3870 785 3930 modum
802 3870 908 3930 Graeei
925 3862 1098 3949 ὁριστικὴν
1114 3862 1362 3949 προστακτικήν
1385 3864 1542 3949 εὐκτικὴν
1557 3862 1650 3931 daea

357 3962 518 4049 τακτικὴν
546 3964 800 4051 ἂκαρέμφατον.
845 3990 913 4032 nam
936 3972 1134 4051 inpersonalis
1156 3990 1213 4031 non
1237 3972 1341 4032 modus
1362 3975 1458 4049 magis
1479 3982 1534 4040 est,
1555 3990 1625 4052 qrnn

357 4072 448 4132 altera
472 4074 630 4134 (inclinatio
653 4075 742 4133 tertius
763 4076 907 4153 ruinaque
931 4072 1016 4134 verbi
1039 4077 1101 4133 siue
1124 4076 1263 4153 personis
1284 4093 1317 4133 ac
1339 4077 1474 4135 nunteris
1488 4092 1623 4155 persopra

356 4172 452 4232 dictos
475 4174 576 4234 modos
599 4175 760 4253 eademqne
785 4183 916 4254 tempora
940 4175 1110 4245 electurum,
1135 4175 1211 4255 quod
1228 4186 1258 4235 et
1281 4179 1377 4255 ipsum
1393 4185 1491 4237 tamon
1510 4175 1623 4255 reperies

441 4347 469 4401 B
491 4350 585 4404 codex
605 4350 758 4404 Rodiensis
780 4366 856 4404 nune
882 4351 1102 4406 Vindoboaensis
1127 4350 1162 4406 17

422 4566 580 4614 4serm0nis
599 4601 677 4617 .....
694 4565 790 4612 ratione
866 4566 940 4614 errius
957 4564 996 4615 n:
1013 4566 1278 4630 suppleot'ted.Viad.
1360 4564 1558 4616 'iromannmll

357 4634 388 4679 12
405 4644 525 4681 exsecuta
544 4648 748 4698 personaeeerr.
761 4648 793 4681 ex
806 4635 918 4681 seeundo
932 4633 1079 4698 personali
1130 4634 1477 4697 idarrtelitteraqnidemll
1525 4630 1615 4693 18un

355 4700 411 4746 aliis
428 4716 497 4749 eurr.
511 4702 578 4764 qnod
598 4702 621 4749 in
635 4700 675 4749 lais
688 4700 713 4749 B
780 4703 811 4749 21
826 4701 888 4747 lanee
900 4702 965 4749 dune
978 4702 1003 4750 Jl
1080 4704 1112 4750 22
1130 4702 1209 4765 solius
1226 4704 1376 4751 attetorltme
1395 4702 1434 4751 nel
1454 4696 1615 4751 lectionibnsB

355 4768 408 4815 sola
422 4768 623 4818 alletoritatem!
637 4768 786 4817 let-tionibus
800 4768 879 4817 laneas
955 4770 988 4819 27
1006 4770 1189 4819 deseremusli
1266 4771 1299 4819 28
1316 4772 1365 4835 ipsi
1377 4786 1445 4823 corr.
1458 4768 1524 4819 liiill
1580 4764 1614 4813 toti

355 4834 419 4881 idem
435 4836 459 4883 B
527 4838 560 4886 29
577 4838 765 4886 coniunctiones
779 4852 847 4887 corr.
860 4836 1050 4885 staltitmetiunm
1062 4836 1087 4886 B
