3525 5600
488 495 686 559 excantat
710 497 883 559 utttlsina
909 499 986 560 xxi.
1011 499 1091 561 xxti
1387 501 1448 566 627

1249 623 1270 662 p.
1286 613 1386 652 evea-ov
1400 611 1423 652 u.

162 681 248 741 nitati
271 700 329 742 uon
352 680 446 744 soium
469 694 599 763 praestat
620 695 770 756 ornatum,
794 688 846 746 sed
870 687 944 747 iiiud
966 705 1096 767 quemve,
1122 683 1127 768 Ι
1152 697 1184 748 ut
1206 689 1316 770 aliquid
1339 691 1448 752 babere

161 782 299 844 videatur
320 785 398 866 quod
421 786 527 847 Graeci
549 789 615 847 iuve
637 787 817 848 desiderent.

615 952 651 994 DE
665 952 824 994 uannufflvs
840 952 996 995 VERBORVM

246 1057 330 1127 Quod
344 1059 451 1120 Graeei
473 1055 642 1131 διαθέσεις
663 1055 820 1140 ῥημάτων
835 1068 953 1130 vocant,
977 1059 1034 1122 hoo
1049 1061 1146 1123 Latini
1169 1051 1317 1142 appeliant
1340 1083 1448 1142 genera
1466 1079 1511 1127 tta
1526 1078 1554 1126 V.

135 1158 335 1221 avevborum:
364 1161 487 1222 affectus
514 1163 593 1222 enim
620 1179 727 1240 graeco
758 1165 878 1224 nomine
914 1159 1068 1236 διάθεσις
1100 1173 1297 1244 nuncupatur.
1343 1167 1449 1230 Graeci
1546 1169 1549 1176 ’

159 1263 254 1338 igitur
280 1257 448 1335 διαθέσεις
474 1264 529 1325 bae
556 1264 746 1326 distinetione
774 1264 928 1325 definiunt.
973 1283 1048 1344 quae
1077 1267 1107 1324 in
1136 1285 1162 1324 ω
1190 1276 1300 1328 exeunt
1323 1271 1447 1330 activam

160 1364 219 1422 vim
241 1367 436 1440 significantia
464 1373 495 1426 et
517 1368 680 1444 iunguntur
702 1364 822 1427 casibus
845 1367 890 1426 vei
919 1369 1050 1444 genitivo
1072 1367 1117 1426 vel
1140 1367 1237 1428 dativo
1261 1369 1306 1428 vei
1328 1389 1447 1432 aeousa-

161 1466 222 1524 tivo
243 1475 273 1526 et
294 1476 414 1546 accepta
436 1487 495 1547 μαι
515 1467 626 1548 syllaba
648 1475 802 1528 transeunt
824 1471 855 1528 in
876 1470 1006 1548 passiva,
1031 1469 1103 1528 haee
1125 1471 1219 1528 activa
1242 1470 1391 1542 dixerunt,
1416 1479 1447 1532 ut

159 1559 252 1645 ἄρχω
274 1579 349 1648 σου,
372 1563 498 1630 κελεύω
522 1581 587 1648 σοι,
610 1569 694 1650 τιμῶ
715 1585 767 1630 σεε
792 1569 865 1630 baec
888 1569 1042 1648 adsumpta
1064 1590 1124 1651 μαι
1138 1573 1254 1651 passiva
1268 1574 1352 1634 fiunt.
1377 1593 1445 1636 eou-

123 1681 147 1717 10
162 1675 207 1728 tva
235 1665 404 1750 παθητικά
431 1671 571 1732 dixerunt
597 1691 672 1751 quae
701 1674 732 1732 ia
758 1691 818 1751 μαι
844 1673 1009 1732 desinentia
1038 1675 1205 1750 significant
1228 1677 1394 1752 passionem
1418 1685 1447 1736 et

160 1789 282 1830 neeesse
310 1772 422 1833 babent
448 1775 532 1851 iungi
557 1776 688 1851 genitivo
715 1793 783 1834 eum
805 1776 1025 1853 praepositione
1048 1765 1116 1834 ὑπό
1138 1794 1171 1834 aa
1194 1786 1318 1854 possunt
1339 1779 1447 1840 amissa

159 1893 220 1952 μαι
241 1873 352 1952 syllaba
375 1877 406 1934 in
429 1879 557 1936 activum
579 1877 695 1946 sedive,
724 1870 867 1955 ἄρχομαι
890 1868 956 1936 ὑπὸ
980 1869 1058 1953 σοῦ,
1081 1872 1259 1956 αελεύομαι
1282 1870 1348 1938 ὑπὸ
1372 1878 1447 1956 σοῦ,

160 1975 304 2056 τιμῶμαι
326 1969 393 2036 ὑπὸ
415 1971 488 2037 σοῦ.
520 1982 569 2050 epi
591 1997 626 2038 ex
649 1997 738 2057 supra
762 1980 883 2057 seriptis
906 1975 1127 2039 definitionibus
1149 1997 1206 2038 una
1230 1980 1368 2049 doiuevit,
1393 2001 1447 2040 noo

161 2073 378 2157 ἐνεργητικόν
405 2099 461 2140 nec
488 2076 678 2159 παθητικόν
706 2081 829 2150 (licitur,
858 2080 911 2140 sed
940 2081 965 2140 si
994 2081 1025 2139 in
1053 2098 1079 2138 ω
1102 2081 1176 2146 exit,
1201 2073 1380 2160 οὐδέτερον
1402 2083 1447 2143 vei

122 2191 147 2230 15
160 2171 415 2260 ἀπολελυμένον
443 2190 577 2252 voeatuv,
606 2191 639 2242 ut
666 2191 711 2243 est
737 2181 780 2258 ζῶ
809 2179 945 2242 ati-outo}
971 2173 1111 2260 ὑπάρχω
1145 2177 1297 2259 ἑορτάζω.
1342 2185 1372 2244 in
1402 2183 1448 2246 bis

160 2283 295 2349 invenies
322 2283 419 2363 aiiqna
447 2293 549 2364 apeme
576 2294 605 2344 et
631 2284 764 2358 absolute
790 2292 908 2352 aetum,
937 2281 1033 2361 aliqua
1062 2283 1247 2360 designantia
1269 2287 1447 2364 passionem.

160 2403 229 2444 nam
251 2379 355 2465 τρέχω
376 2379 503 2465 ἅριστω
516 2385 688 2466 περιπατῶ
702 2387 739 2446 de
755 2393 859 2463 agente
875 2385 1026 2454 dicuntur,
1049 2385 1141 2445 νοσῶ
1156 2394 1254 2446 autem
1270 2395 1300 2446 et
1316 2379 1448 2466 ὀφθαλ-

160 2484 227 2565 μιω
254 2488 317 2547 sine
344 2488 435 2548 duino
462 2490 632 2568 passionem
660 2496 774 2549 sonant.
820 2488 871 2548 sed
899 2505 996 2566 neque
1019 2488 1113 2546 activa
1135 2486 1184 2547 iila
1207 2487 1354 2558 dicuntur,
1379 2491 1448 2568 quia

161 2597 192 2647 ot
214 2587 287 2650 nulli
310 2591 346 2650 de
369 2609 459 2668 supra
475 2591 562 2651 dietis
577 2591 696 2651 casibus
719 2591 801 2668 iungi
816 2597 942 2669 possunt
964 2607 1018 2647 neo
1041 2607 1100 2666 μαι
1123 2589 1286 2666 reeipitmt:
1311 2610 1378 2651 nam
1394 2610 1448 2651 net·-

120 2699 147 2739 ‘2v
161 2687 267 2770 τρέχω
290 2704 327 2752 σε
350 2711 404 2753 neo
426 2685 553 2771 dotasti
574 2705 612 2753 oe
633 2711 688 2754 nee
711 2689 883 2771 περιπατῶ
905 2704 942 2751 σε
970 2690 1094 2758 dieitur,
1123 2708 1178 2748 nee
1199 2697 1297 2769 potest
1320 2695 1448 2753 transite

161 2793 193 2853 in
216 2789 372 2875 τρέχομαι
399 2785 466 2856 ὑπὸ
493 2794 574 2873 σοῦ,
601 2789 786 2875 ἆριστωμαι
814 2786 882 2855 ὑπὸ
912 2790 992 2872 σοῦ,
1016 2791 1261 2872 τιεριττατοῦμαι
1283 2785 1350 2855 ὑπὸ
1374 2793 1447 2855 σοῦ.

101 2916 106 2925 ·
161 2896 214 2955 sod
237 2915 292 2956 nee
314 2896 405 2958 νοσῶ
433 2906 462 2957 et
489 2888 686 2976 ὀφθαλμιοῐ,
713 2898 847 2976 quamvis
874 2895 965 2957 verba
988 2897 1048 2956 sint
1070 2896 1231 2973 passionis,
1255 2896 1313 2957 dioi
1338 2899 1448 2976 παθη-

161 2992 238 3057 τικά
260 3007 396 3076 possunt,
426 3000 626 3079 quianeoin
649 2999 884 3078 accedendum,
915 3016 969 3057 nee
992 3000 1147 3077 quisquam
1176 2998 1360 3075 significatui·
1382 3018 1449 3077 pas-

161 3102 256 3160 sionis
277 3110 394 3170 anetov,
417 3120 473 3161 nee
496 3100 687 3179 subiungitur
708 3099 768 3160 iilis
789 3091 857 3159 ὑπὸ
879 3097 960 3177 σοῦ,
988 3100 1066 3178 quod
1089 3101 1243 3177 proprium
1266 3102 1449 3178 passivorum

119 3210 146 3247 ²⁶
161 3208 217 3261 ost.
253 3222 321 3262 nam
343 3211 373 3261 et
394 3205 426 3263 in
448 3205 545 3263 activo
567 3212 597 3263 et
612 3205 645 3286 iu
667 3205 783 3282 passivo
806 3201 917 3262 debent
939 3204 1019 3261 ouini
1043 3201 1129 3261 modo
1152 3200 1242 3279 duae,
1272 3209 1302 3259 et
1323 3201 1449 3261 admini-

161 3306 284 3364 strantis
299 3313 331 3364 et
345 3308 535 3373 sustinentis,
558 3304 680 3365 subesse
703 3322 857 3383 personae.
889 3303 962 3363 baee
978 3304 1078 3379 igitur,
1095 3304 1165 3382 quia
1182 3310 1306 3383 utroque
1329 3305 1448 3364 uomina

160 3416 278 3476 eareat,
303 3406 379 3485 apud
403 3404 468 3466 ilios
490 3400 651 3486 οὐδέτερα
674 3406 717 3466 vei
741 3401 975 3483 ἀπολελυμένα
997 3404 1145 3475 dicuntur,
1169 3408 1246 3465 sieut
1269 3404 1347 3485 apud
1370 3404 1449 3466 Lati·

161 3528 217 3568 nos
237 3508 305 3567 voio
325 3512 392 3567 vivo
414 3510 506 3568 valeo.
549 3508 601 3568 sed
625 3511 702 3568 sieut
723 3508 822 3587 aliqua
841 3507 919 3586 apud
943 3506 1072 3567 Graeeos
1093 3509 1124 3567 in
1148 3526 1174 3567 ω
1197 3508 1335 3599 exeputia
1359 3508 1450 3583 signi·

161 3613 252 3670 iieaut
273 3612 450 3689 passionem,
474 3613 515 3669 ita
537 3608 628 3670 muita
651 3612 786 3689 reperies
802 3607 806 3687 i
822 3612 855 3669 iu
874 3628 934 3690 μαι
949 3608 1116 3669 desinentia
1139 3617 1169 3669 et
1192 3610 1313 3669 activam
1338 3616 1449 3669 tantum

118 3718 146 3757 ³⁰
161 3711 302 3772 habentia
330 3713 589 3789 significationem,
619 3720 651 3771 ut
678 3708 826 3792 κήδομαί
848 3724 932 3789 σου,
961 3708 1122 3794 φείδομαί
1147 3726 1226 3789 σου,
1256 3704 1454 3789 έιτιμέλομαί

161 3827 239 3892 σου,
262 3809 444 3893 [παρέξομαί
462 3826 526 3891 σοι,
549 3808 697 3893 μάχομαί
716 3826 781 3892 σοι,
805 3810 1002 3892 διαλέχομαί
1020 3825 1086 3890 σοι,
1110 3808 1284 3891 δωροῦμαί
1304 3823 1369 3889 σοι,
1392 3830 1451 3889 χα-

162 3914 295 3995 ρίζομαί
320 3930 392 3993 σοι,
422 3907 565 3995 εὔχομαί
588 3928 658 3992 σοι,
687 3908 815 3995 ἄγαμαί
834 3926 889 3993 σε,
918 3909 1161 3993 περιβλέπομαι·
1187 3925 1237 3972 σε.
1283 3923 1352 3973 sunt
1375 3913 1451 3991 apud

161 4018 293 4076 Graecos
315 4018 498 4085 eonvmunia,
526 4036 602 4097 quae
625 4016 662 4077 ab
683 4015 745 4076 iliis
765 4011 850 4096 μέσα
873 4023 1029 4085 vocantur,
1057 4034 1150 4095 quae,
1174 4014 1243 4075 dum
1267 4015 1298 4075 in
1320 4033 1379 4094 μαι
1402 4015 1451 4074 de·

162 4121 278 4188 sinant,
306 4127 337 4178 et
358 4127 455 4180 aetum
483 4126 515 4179 et
542 4122 707 4198 passionem
730 4138 789 4180 una
811 4117 973 4197 eademque
1002 4118 1097 4177 iovnta
1124 4116 1298 4194 designaut,
1322 4124 1355 4175 ut
1376 4111 1453 4193 βιά-

118 4229 147 4268 ³5
160 4218 261 4300 ζομαί
281 4231 318 4280 σε
340 4216 397 4279 καλ
417 4216 571 4300 βιάζομαι
592 4212 658 4280 ὑπὸ
682 4220 757 4299 σοῦ,
780 4214 1066 4298 ἅνδρατοδιζομαί
1085 4230 1123 4278 σε
1139 4214 1195 4277 καὶ
1210 4206 1453 4295 ἀνδραποδίζο-

160 4342 222 4402 μαι
243 4313 311 4381 ὑπὸ
333 4320 406 4381 σοῦ.
452 4323 513 4384 sota
540 4341 657 4404 quoqne
680 4323 794 4401 passiva
815 4322 872 4382 boe
895 4322 1029 4388 nomine,
1059 4320 1088 4380 id
1112 4328 1157 4379 est
1178 4316 1277 4397 μέσα,
1302 4326 1452 4387 vocantur,

162 4432 196 4484 ut
218 4416 407 4504 ήλειψοίμην
432 4416 567 4505 ἡσιὶμηα
595 4419 797 4503 έλουσάμην.
842 4424 917 4483 haee
939 4424 1019 4482 enim
1043 4421 1113 4481 iicet
1134 4420 1192 4500 τῆς
1213 4416 1314 4500 μέσης
1336 4414 1453 4479 διαθέ-

161 4541 250 4597 σεως
271 4526 388 4594 dieant,
411 4526 485 4586 nibil
510 4536 606 4588 tatnen
623 4527 702 4587 aiiud
718 4528 886 4601 significant
907 4526 966 4584 nisi
981 4518 1104 4594 aenidos:
1128 4540 1194 4582 uam
1218 4522 1273 4581 boo
1296 4529 1342 4580 est
1362 4513 1454 4600 ἠλει-

232 4782 328 4843 ’.ἔρυσο
342 4779 431 4829 Graeci
443 4796 500 4830 exe.
514 4778 579 4832 Bob.
595 4796 659 4843 quae
671 4780 795 4844 gmeeil’
859 4776 1061 4836 ddtotdeoteP
1077 4768 1243 4839 διάθεσιτμ
1306 4772 1390 4837 9σσι]
1403 4786 1455 4823 σου
1515 4778 1519 4787 ’

162 4850 188 4899 Ρ
256 4850 287 4898 16
305 4849 465 4913 designantia
477 4848 557 4897 Ionae
568 4848 704 4911 designant
716 4850 741 4897 P
751 4849 915 4911 designarep
983 4848 1016 4896 29
1034 4846 1184 4906 desinentia,
1202 4858 1268 4907 quiae
1280 4844 1382 4892 essibus
1395 4843 1453 4891 iun-

161 4929 259 4978 guntur
272 4930 296 4963 et
308 4919 417 4965 actiuam
431 4928 526 4965 tauutm
540 4914 634 4964 babent
646 4916 854 4977 significationem
867 4916 974 4965 coniecit
987 4912 1135 4979 Opsopoeue
1198 4914 1231 4962 30
1243 4911 1361 4960 habentia
1374 4911 1455 4960 lanas

162 4985 296 5034 inttnunP
362 4987 392 5033 31
413 4982 571 5049 ιτααζομαι
589 4998 640 5034 σου
657 4985 682 5032 P
748 4982 920 5048 σιαλεχομαι
938 4996 989 5034 σου
1008 4984 1032 5032 Ρ
1100 4976 1262 5047 χαρίζομαι]
1282 4980 1456 5044 καρζομαιΡ
