3525 5600
747 430 946 499 EXCERPTA
1111 448 1113 453 “
1435 432 1492 495 391

203 628 349 693 luvenalis
372 628 428 689 boc
452 628 541 689 breve
563 628 673 707 posuit.
711 626 752 687 lia
776 627 840 686 eius
863 622 1042 704 exemplum.
1072 622 1219 685 luvenalis
1240 621 1508 702 ‘thyrsumque

204 740 336 793 tenent
359 740 393 793 et
414 730 581 807 subligar
602 730 715 790 beci’.

755 831 774 870 2
839 830 857 869 ab
922 827 940 863 ³}

702 1004 704 1009 ·
737 1000 785 1062 on
806 999 965 1061 eeurevs
1321 971 1469 1049 asa-2011.

288 1124 345 1185 Pes
360 1121 431 1200 quid
448 1123 510 1182 esti
534 1118 717 1199 Syllabarum
735 1128 763 1179 et
778 1126 949 1199 temporum
972 1126 1053 1179 certa
1069 1117 1281 1178 dinumeratio.
1312 1115 1499 1187 Quomodo?

177 1226 278 1297 ⁵0uia
301 1244 379 1287 unus
397 1226 519 1303 quisquc
542 1242 594 1303 pes
622 1229 736 1283 certum
766 1240 924 1281 numerum
953 1218 1132 1299 syllabarum
1161 1228 1191 1279 et
1212 1226 1380 1299 temporum
1401 1218 1500 1279 habet.

203 1328 268 1397 Ouo
300 1326 405 1387 modo?
440 1328 475 1387 Vt
501 1334 571 1407 puta
601 1326 626 1385 si
655 1323 750 1383 dicam
780 1322 947 1403 spondeus,
977 1330 1008 1382 et
1036 1329 1133 1383 certas
1160 1320 1286 1402 syllabas
1313 1322 1403 1383 itabat
1426 1322 1499 1382 duas

203 1429 305 1509 longas
339 1437 368 1489 et
400 1436 481 1489 certa
515 1434 655 1508 quattuor
689 1432 838 1506 tempora;
872 1426 916 1485 sic
948 1442 1026 1486 uuus
1053 1426 1179 1504 quisquc
1211 1443 1273 1504 pes.
1320 1424 1376 1485 Pes
1407 1443 1500 1504 quare

204 1532 319 1593 dictust
353 1530 426 1601 Quia
455 1549 543 1609 quern
571 1528 606 1589 ad
635 1528 754 1603 modum
785 1546 839 1588 nos
865 1529 924 1587 iter
952 1526 1077 1607 pedibus
1099 1527 1265 1606 gradimur,
1288 1528 1330 1588 ita
1354 1536 1383 1587 et
1404 1533 1499 1587 metra

204 1652 258 1714 par
281 1632 372 1713 perles
395 1630 478 1711 gradi
501 1632 647 1692 videntur.
677 1629 745 1690 ideo
768 1647 820 1707 pes
842 1631 905 1709 ipse
927 1627 1038 1699 dictus,
1062 1648 1099 1689 eo
1121 1628 1201 1707 quod
1222 1630 1296 1708 ipsis
1319 1630 1448 1689 nitamur
1471 1638 1500 1688 et

166 1749 193 1788 ιο
205 1737 279 1815 ipsis
300 1734 472 1795 incedamus
494 1751 548 1813 per
571 1738 674 1793 metra.

292 1837 373 1908 Quae
396 1834 533 1895 accidunt
555 1836 606 1895 uni
629 1835 737 1914 cuique
760 1832 847 1913 pedi?
869 1835 951 1895 arsis
973 1842 1003 1894 et
1024 1834 1125 1902 thesis,
1150 1852 1295 1895 numerus
1310 1831 1499 1913 syllabarum,

206 1948 339 2019 tempus,
363 1936 519 2007 resolutio,
543 1937 652 2015 ligura,
676 1943 815 1996 metrum.
859 1934 935 2006 Quid
957 1943 1004 1996 est
1024 1937 1116 1997 arsis?
1153 1936 1298 2004 Elevatio,
1327 1935 1426 1995 idest
1454 1936 1499 1995 in-

206 2040 323 2101 choatio
345 2042 448 2120 partis.
492 2038 566 2109 Quid
591 2046 636 2099 est
659 2036 766 2099 tliesisl
803 2036 928 2108 Positio,
952 2038 981 2098 id
1005 2045 1051 2098 est
1072 2038 1137 2098 linis
1160 2040 1260 2117 partis.
1305 2036 1500 2107 Quomodo?

205 2144 278 2203 Puta
302 2144 328 2203 si
350 2142 444 2203 dicam
467 2140 615 2220 prudens,
638 2139 710 2201 illud
733 2158 789 2220 pru
812 2138 937 2199 elevatio
960 2148 1020 2209 est,
1043 2138 1118 2201 illud
1140 2138 1215 2199 dens
1236 2140 1353 2219 positio.
1391 2138 1425 2198 ln
1447 2141 1500 2199 tri·

169 2257 193 2297 1⁵
206 2244 325 2324 syllabis
353 2253 383 2305 et
410 2241 606 2323 tetrasyllabis
634 2242 759 2321 pedihus
787 2250 860 2323 quot
887 2240 1014 2321 syllabas
1041 2240 1098 2301 sibi
1125 2241 1254 2302 vindicat
1280 2242 1356 2300 arsis
1379 2250 1408 2301 et
1430 2249 1502 2321 quot

207 2348 319 2408 thesis?
353 2345 386 2407 ln
415 2344 587 2424 trisyllabis,
617 2346 642 2405 si
671 2346 700 2405 in
729 2346 823 2423 prima
846 2342 984 2403 habuerit
1005 2350 1174 2413 accentum,
1204 2351 1236 2403 ut
1256 2350 1327 2422 puta
1351 2342 1499 2410 dominus.

207 2449 281 2510 duas
303 2446 428 2529 syllabas
458 2447 584 2508 vindicat
606 2448 680 2507 arsis
703 2454 732 2507 et
754 2464 843 2507 unam
865 2444 967 2506 thesis.
1011 2464 1079 2507 nam
1103 2448 1128 2506 si
1156 2444 1338 2525 paenultima
1359 2443 1426 2504 loco
1448 2444 1499 2504 ba-

208 2551 306 2612 buerit
333 2558 501 2621 accentum,
532 2558 564 2611 ut
588 2556 658 2629 puta
688 2547 805 2617 beatus,
834 2548 910 2607 arsis
931 2546 1061 2607 vindicat
1082 2566 1171 2609 unam
1193 2545 1336 2626 syllabam
1359 2556 1388 2607 et
1410 2546 1502 2606 thesis

208 2653 293 2713 diras.
338 2654 380 2713 sic
404 2661 433 2713 et
457 2662 589 2731 tempora
612 2649 777 2711 secuudum
801 2649 995 2727 quantitatem
1018 2647 1196 2727 syllabarum
1220 2648 1277 2715 sibi
1301 2648 1499 2709 vindicabunt.

169 2768 196 2808 2⁰
210 2756 275 2828 Orto
299 2754 386 2816 modo
410 2772 552 2815 numerus
574 2752 771 2834 syllabarum?
807 2752 839 2813 Si
862 2770 898 2812 ex
921 2750 1034 2812 duabus
1056 2750 1152 2813 tribus
1174 2758 1225 2813 aut
1252 2759 1392 2830 quattuor
1413 2749 1500 2830 sylla·

209 2859 254 2920 bis
284 2865 398 2918 constat
425 2859 489 2936 ipse
517 2875 578 2936 pes.
623 2855 688 2927 Quo
716 2854 805 2915 modo
832 2855 969 2933 tempus?
1013 2854 1089 2925 Quot
1123 2863 1256 2934 tempora
1289 2853 1397 2914 babeat
1425 2870 1502 2914 unus

208 2961 334 3040 quisque
355 2978 424 3040 pes:
459 2959 484 3018 si
506 2957 674 3039 pyrrichius
696 2957 798 3027 luerit,
827 2955 886 3017 duo
907 2965 1041 3035 tempora
1064 2955 1168 3025 habet:
1198 2959 1223 3016 si
1244 2956 1396 3036 spondeus
1418 2965 1502 3035 quat·

209 3069 293 3132 tuor3
317 3064 359 3122 sic
382 3071 411 3121 et
434 3079 510 3120 uirus
534 3061 658 3139 quisque
680 3077 742 3138 pes.
788 3059 853 3129 Quo
877 3057 966 3120 modo
989 3057 1150 3119 resolutio?
1182 3058 1214 3118 Si
1236 3057 1343 3119 accidit
1365 3060 1416 3119 uui
1440 3061 1500 3118 cui·

209 3183 266 3243 que
294 3163 363 3242 pedi
390 3153 546 3232 resolutio,¹
575 3163 599 3222 si
632 3179 702 3222 non.
748 3160 944 3231 Quomodo?
979 3159 1051 3220 Puta
1080 3161 1106 3220 si
1128 3159 1224 3220 dicam
1246 3160 1371 3221 ‘Saulus
1393 3160 1502 3221 Paulus

169 3266 319 3326 raChristi
342 3283 409 3325 cum
433 3265 508 3325 lacta
531 3268 686 3341 negaret’,
715 3263 745 3322 in
775 3260 821 3322 his
844 3261 1032 3322 sermonibus
1053 3260 1214 3324 trochaeus
1241 3281 1295 3341 pes
1317 3271 1374 3324 est:
1407 3265 1433 3322 si
1454 3282 1502 3323 re-

209 3366 290 3427 solvo
313 3368 444 3446 priorem
467 3363 623 3447 syllabam,
653 3366 685 3426 lit
706 3355 775 3425 inde‘
799 3364 1011 3425 antibacchius.
1056 3364 1146 3425 huius
1169 3363 1354 3444 exemplum,
1376 3363 1502 3426 ‘Saulus

210 3468 316 3530 Paulus
339 3467 448 3530 Christi
470 3486 538 3528 cnm
562 3468 638 3528 lacta
668 3471 818 3546 negaret'.
863 3467 921 3526 iam
944 3465 993 3526 bic
1016 3464 1053 3525 de
1082 3465 1184 3527 solidis
1206 3469 1312 3528 scissio
1334 3468 1375 3528 tit.
1420 3469 1502 3528 Sicut

210 3570 302 3632 solida
331 3569 521 3638 scinduntur,
545 3578 671 3648 possunt
692 3566 812 3630 solidari
834 3571 934 3637 scissa,
958 3586 996 3628 au
1017 3569 1095 3628 uon?
1119 3568 1195 3630 llicit
1216 3568 1414 3631 Terentianus
1437 3573 1502 3630 ‘so-

209 3671 267 3734 lida
295 3671 390 3733 scindi
417 3677 556 3751 possunt,
585 3671 674 3732 scissa
697 3669 819 3731 solidari
841 3689 901 3731 non
924 3674 1074 3750 possunt’.
1121 3669 1172 3730 sed
1195 3671 1376 3743 invenimus,
1399 3671 1451 3736 ubi
1473 3678 1504 3732 et

171 3791 197 3830 ao
210 3775 299 3834 scissa
320 3772 493 3835 solidentur.
539 3773 579 3834 [ia
603 3773 667 3834 eius
689 3772 866 3853 exemplum.

361 3874 504 3936 'lenuia
526 3893 592 3936 nce
614 3873 722 3936 lanae
745 3894 810 3957 per
833 3874 977 3936 caelum
1000 3875 1143 3936 vellera
1164 3877 1269 3938 terri.

210 3997 277 4040 nam
300 3979 330 4039 in
354 3979 410 4038 isto
432 3995 520 4039 versu
549 3984 579 4037 et
601 3978 691 4038 scissa
720 3976 884 4039 solidantur
912 3985 942 4039 et
968 3976 1061 4040 solida
1084 3978 1270 4039 scinduntur.
1308 3977 1503 4049 Quomodo?

209 4080 323 4141 Tenuis
355 4086 385 4141 et
412 4080 556 4142 scinditur
585 4086 615 4141 ct
642 4079 799 4150 solidatur,
829 4081 896 4159 quia
923 4088 953 4140 te
980 4098 1039 4140 una
1067 4079 1178 4160 syllaba
1207 4091 1265 4152 est,
1295 4100 1336 4142 nu
1360 4081 1469 4152 altera,
1492 4084 1502 4142 i

210 4185 312 4251 tertia,
343 4201 359 4242 a
388 4191 505 4262 quarta:
544 4199 583 4241 nu
612 4181 740 4242 secunda
768 4180 878 4260 syllaba
905 4181 1064 4252 scinditur,
1089 4191 1118 4243 et
1139 4183 1234 4262 ipsius
1256 4181 1385 4263 syllabae
1407 4186 1502 4264 prima

172 4299 197 4340 aa
210 4283 307 4344 littera
328 4301 348 4344 n
371 4285 466 4363 priori
486 4281 615 4362 syllabae
638 4283 794 4352 solidatum
822 4283 954 4344 secunda
981 4302 1050 4344 vero
1071 4283 1170 4344 littera
1193 4304 1212 4345 u
1234 4283 1376 4346 solidatur
1398 4287 1504 4346 tertiae

210 4385 355 4465 syllabae;
387 4391 416 4446 et
443 4393 546 4464 quarta
576 4383 686 4465 syllaba
708 4384 854 4446 scinditur
878 4386 915 4446 de
937 4385 995 4446 loci
1017 4387 1063 4447 sui
1086 4386 1190 4446 ordine
1214 4394 1243 4446 et
1264 4386 1408 4448 solidatur
1429 4387 1502 4448 alte·

210 4490 273 4549 rius
294 4487 372 4568 parti
396 4495 425 4547 et
447 4487 516 4547 lacit
539 4489 649 4556 tenvia,
674 4494 706 4548 ut
727 4487 766 4547 sit
787 4505 841 4566 pes
863 4485 1010 4566 dactylus:
1034 4497 1064 4548 et
1086 4505 1156 4548 ecce
1179 4490 1282 4549 scissio
1305 4497 1334 4549 et
1356 4489 1501 4550 solidatio.

211 4591 275 4662 Quo
304 4589 392 4652 modo
421 4589 532 4668 ligura?
576 4589 638 4659 Qua
667 4589 761 4666 ligura
789 4607 866 4650 unus
894 4591 1018 4668 quisque
1040 4607 1094 4668 pes
1117 4597 1244 4651 notetur.
1288 4591 1314 4651 si
1335 4592 1504 4672 pyrrichius

210 4709 263 4771 pes
284 4691 388 4761 luerit,
418 4710 453 4752 ex
480 4690 595 4752 duabus
625 4689 765 4752 brevibus
793 4699 923 4760 constat,
946 4711 1001 4772 per
1023 4691 1081 4753 duo
1102 4723 1121 4741 ν
1143 4691 1294 4754 anundus
1316 4701 1362 4755 est
1383 4727 1402 4745 ν
1417 4714 1451 4763 νς
1475 4702 1505 4756 et

281 4864 294 4915 1
316 4860 453 4929 lrrvenulis]
468 4871 518 4916 eat.
532 4861 557 4926 6,
573 4863 607 4913 70
658 4862 692 4913 28
710 4861 889 4930 Terentianus]
908 4881 931 4917 v.
947 4863 1029 4916 aeauz
1046 4863 1082 4928 rs.
1099 4867 1210 4930 Pompei.
1223 4880 1252 4929 p.
1267 4863 1300 4916 tr
1315 4865 1356 4916 ed.
1373 4865 1450 4920 Lind.

209 4933 242 4988 31
263 4931 359 5000 tenuia]
378 4935 457 4998 Verp.
475 4949 561 4999 paorp.
581 4935 590 4984 l
610 4930 659 4984 aaa

261 5023 437 5069 cunutuattct
451 5023 542 5068 bATllll
556 5024 582 5066 V.
959 5050 964 5056 .
1259 5019 1300 5086 21
