3525 5600
320 394 380 459 130
431 423 434 437 ·
886 399 1040 462 POMPEll

342 504 488 560 pta-7131„

316 585 412 656 vides,
437 592 546 663 quanta
568 584 712 646 brevitate
735 594 856 648 duntur
870 585 975 648 Latini.
1008 587 1114 648 Graeci
1136 603 1207 646 vero
1229 585 1319 648 cbaos
1342 587 1495 657 lecerunt,
1521 595 1623 646 totum

317 687 531 758 contuderunt,
554 695 601 757 ut,
624 687 756 767 quamvis
777 687 858 748 mille
880 687 962 766 legas
984 695 1140 758 tractatus,
1165 706 1225 750 noo
1244 697 1272 750 te
1287 689 1452 750 convenias.
1484 687 1625 749 diximus

315 789 434 868 regulas
456 797 646 860 accentuum,
676 798 707 850 et
728 789 858 850 breviter
880 791 981 870 accipe
1009 791 1115 852 iterum
1137 792 1217 871 ipsas
1239 790 1366 870 regulas.
1410 788 1623 868 monosyllaba

315 909 385 972 pars
412 891 571 961 orationis,
600 893 625 951 si
653 891 744 952 luerit
772 891 949 954 naturaliter
975 891 1077 972 longa,
1108 893 1333 954 circumflexum
1361 893 1467 964 babet,
1499 899 1534 953 ut
1567 891 1625 951 dds

315 997 396 1073 spts;
425 995 449 1054 si
477 994 568 1054 luerit
596 993 770 1055 naturaliter
802 995 914 1063 brevis,
943 1002 1060 1056 acutum
1089 993 1193 1066 babet,
1223 997 1312 1056 etiarn
1339 998 1364 1056 si
1396 997 1549 1076 positione
1585 995 1651 1053 sit⁵

314 1096 411 1175 longa.
457 1113 525 1156 narn
558 1095 685 1156 diximus
713 1097 745 1156 in
773 1097 945 1158 accentibus
975 1099 1155 1176 positionem
1189 1097 1262 1158 nibil
1294 1096 1402 1158 valere.
1445 1113 1522 1176 ergo
1559 1097 1625 1156 sive

315 1197 414 1258 brevis
441 1197 615 1259 naturaliter
643 1199 748 1268 luerit,
778 1207 810 1258 ut
832 1200 876 1268 et,
906 1201 967 1259 sive
989 1199 1136 1279 positione
1158 1198 1247 1278 longa
1271 1206 1330 1270 est,
1354 1207 1386 1260 ut
1408 1207 1452 1260 est
1474 1199 1543 1260 airx.
1593 1201 1625 1258 in

314 1299 467 1381 disyllabis
495 1319 555 1361 uno
582 1299 671 1359 modo
697 1301 848 1361 invenitur
875 1301 1085 1364 circumflexus
1107 1311 1263 1371 accentus,
1286 1303 1311 1362 si
1332 1302 1417 1380 prior
1438 1299 1627 1362 naturaliter

314 1401 402 1480 longa
430 1403 522 1463 luerit
549 1412 579 1463 et
607 1399 710 1462 ultima
738 1402 913 1463 namraliter
940 1397 1052 1479 brevis,
1088 1411 1121 1464 ut
1148 1411 1194 1464 est
1221 1407 1308 1464 meta.
1353 1402 1424 1479 quid
1452 1403 1477 1463 si
1509 1401 1625 1462 ambae

313 1501 420 1583 longae
448 1503 579 1564 luerint?
615 1512 720 1564 acutus
746 1504 812 1564 erit.
858 1504 928 1582 qnid
958 1507 983 1565 si
1011 1505 1115 1566 ambae
1144 1504 1267 1566 brevest
1300 1513 1402 1566 acutus
1429 1507 1496 1566 erit.
1546 1513 1624 1584 puta
1638 1515 1663 1554 1⁰

314 1603 418 1666 ambae
433 1603 540 1684 longae
554 1612 634 1675 sunt,
658 1613 691 1665 ut
712 1604 808 1684 legem
832 1609 980 1687 positione
995 1605 1116 1685 longae,
1141 1615 1174 1668 ut
1193 1607 1349 1687 princeps;
1373 1606 1478 1667 ambae
1495 1605 1623 1670 breves.

313 1707 438 1787 otigo:
462 1709 545 1788 prior
567 1706 654 1785 longa
677 1709 838 1787 positione,
863 1716 897 1770 ut
919 1710 1014 1778 armon
1037 1717 1188 1789 postrema
1211 1707 1297 1788 longa
1319 1710 1481 1788 positione,
1508 1717 1542 1768 ut
1568 1707 1626 1788 pai-

313 1829 398 1872 reus:
438 1827 554 1890 quaqua
581 1811 697 1870 ratione
726 1818 828 1872 acutus
850 1812 916 1872 erit.
961 1813 991 1871 in
1015 1809 1173 1890 trisyllabis
1196 1809 1269 1872 baec
1290 1813 1366 1872 ratio
1389 1820 1447 1881 est,
1470 1818 1505 1870 ut
1528 1812 1625 1870 tertia

313 1931 329 1972 a
358 1914 417 1974 line
445 1931 506 1973 nou
533 1911 640 1973 babeat
668 1919 841 1984 accentum,
870 1914 927 1973 nisi
955 1912 1074 1992 quando
1100 1911 1280 1994 paenultima
1307 1911 1483 1974 naturaliter
1513 1911 1625 1972 brevis

312 2014 416 2085 luerit,
445 2014 604 2083 bimulus,
632 2015 775 2094 optimus:
813 2014 881 2076 ideo
909 2013 1000 2075 habet
1026 2022 1182 2076 accentum
1210 2033 1263 2094 op,
1292 2015 1431 2094 quoniam
1460 2015 1482 2073 ti
1512 2014 1663 2075 brevis1⁵

313 2124 366 2178 est.
399 2115 512 2177 sublata
534 2124 633 2177 autem
654 2118 710 2177 ista
732 2118 818 2177 tertia
840 2113 1007 2195 relmanent
1027 2117 1103 2178 duae
1125 2115 1269 2196 syllabae,
1294 2131 1384 2194 quae,
1408 2135 1476 2177 cum
1500 2117 1627 2178 luerint

312 2218 402 2289 duae,
425 2219 571 2280 rationem
594 2217 747 2280 babebuut
768 2217 994 2299 disyllaborum.

396 2336 484 2399 blodo
505 2337 617 2415 aliquid
641 2336 739 2398 adicit.
765 2337 891 2422 ‘quodsi
917 2339 995 2399 lorte
1017 2337 1092 2416 duae
1114 2345 1215 2418 partes
1238 2339 1381 2399 orationis
1403 2345 1485 2408 sunt,
1519 2357 1623 2398 unum
1656 2417 1658 2421 Ι

311 2449 466 2502 accentum
488 2439 655 2510 habebunt,
683 2441 710 2500 si
731 2440 763 2499 in
784 2458 873 2500 unam
896 2439 1078 2518 redigantur.
1123 2445 1156 2501 ut
1177 2445 1247 2521 puta
1270 2437 1347 2500 male
1369 2458 1427 2500 una
1450 2457 1522 2520 pars
1546 2459 1623 2501 ora-

311 2545 403 2605 tionis
418 2553 475 2613 est,
498 2560 589 2621 sanus
605 2559 748 2621 unapars
770 2543 913 2602 orationis
936 2551 994 2610 est;
1017 2541 1224 2620 sedquoniam
1245 2543 1393 2603 istaenon
1416 2560 1471 2624 pro
1495 2543 1623 2604 duabus
1636 2557 1663 2596 ιο
1727 2615 1728 2618 ¹

311 2654 395 2716 suot,
417 2643 469 2706 sed
493 2663 548 2724 pro
570 2662 643 2714 una,
673 2644 832 2722 incipimus
860 2643 961 2704 dicere
984 2642 1165 2720 malesanus,
1195 2642 1362 2722 colligimus
1384 2653 1562 2722 utramque,
1592 2653 1625 2704 et
1727 2661 1728 2688 ³

310 2750 369 2809 iam
394 2765 484 2809 uuum
507 2755 662 2808 accentum
690 2742 854 2807 habebunt.
899 2747 1166 2827 quotienscumque
1190 2746 1266 2809 duae
1288 2754 1390 2827 partes
1413 2747 1563 2809 orationis
1589 2749 1623 2807 in
1727 2737 1728 2760 ¹

310 2869 399 2911 unam
422 2847 616 2926 colliguntur,
645 2850 704 2909 iam
727 2850 867 2926 quoniam
889 2866 944 2927 pro
968 2868 1025 2911 una
1049 2858 1130 2919 suut,
1154 2867 1245 2909 unum
1268 2856 1423 2910 accentum
1446 2846 1623 2919 habebunt,

310 2960 400 3034 prout
421 2951 512 3011 luerit
533 2948 645 3029 syllaba
668 2948 728 3010 illa.
773 2950 798 3010 si
820 2949 900 3011 dicas
923 2952 1055 3013 ‘interea
1077 2950 1164 3021 loci',
1188 2952 1302 3012 interea
1325 2968 1384 3012 una
1407 2968 1477 3029 pars
1500 2954 1623 3011 oratio·

310 3057 357 3116 uis
380 3060 438 3122 est,
468 3050 525 3112 loci
552 3070 613 3113 una
639 3070 709 3131 pars
737 3053 880 3113 orationis
908 3060 961 3113 est.
999 3052 1118 3130 quando
1140 3054 1198 3113 iam
1221 3054 1262 3113 sie
1285 3061 1441 3132 utramque
1463 3051 1559 3121 dicis,
1586 3062 1662 3113 utss

309 3174 365 3237 pro
387 3172 446 3217 una
467 3156 543 3222 sint,
566 3152 671 3215 ambae
694 3163 793 3233 partes
815 3172 906 3215 uuum
929 3152 1082 3215 habebunt
1104 3162 1267 3215 accentum.
1315 3172 1386 3233 ergo
1409 3153 1485 3214 duae
1508 3162 1621 3233 partes

310 3258 454 3320 orationis
475 3254 594 3337 quando
616 3274 705 3317 unam
728 3256 854 3325 iaciunt,
878 3248 1003 3317 neeesse
1026 3266 1071 3317 est
1093 3263 1126 3318 ut
1147 3274 1238 3317 unum
1262 3263 1418 3317 accentum
1441 3254 1590 3317 habeant.

395 3376 526 3437 Diximus
552 3372 671 3453 regulas
697 3384 882 3435 accentuum.
928 3373 1017 3435 modo
1046 3372 1211 3445 videamus,
1241 3392 1316 3454 quae
1345 3383 1413 3435 sunt
1447 3393 1497 3435 res
1532 3394 1620 3455 quae

309 3487 505 3557 corrumpunt
527 3474 655 3555 regulas.
692 3485 752 3537 tres
772 3476 843 3537 'sunt
865 3483 992 3546 tantum,
1018 3474 1181 3547 distinctio,
1207 3476 1362 3547 discretio,
1386 3478 1619 3557 pronuntiatum
1726 3536 1727 3556 p

308 3581 365 3641 bae
386 3588 448 3641 tres
470 3583 520 3641 'res
542 3587 737 3658 corrumpunt
757 3577 885 3657 regulas.
916 3580 1056 3658 quoniam
1079 3578 1221 3647 diximus,
1245 3578 1416 3639 ‘distinctio
1440 3582 1661 3660 corrumpitss
1726 3558 1727 3571 ¹

307 3682 453 3761 regulas',
481 3680 631 3743 videamus
653 3698 711 3759 quo
733 3678 833 3742 modo.
876 3675 1001 3740 simale
1024 3678 1203 3759 distinguas,
1227 3689 1326 3761 potest
1348 3698 1450 3741 errare
1476 3699 1559 3761 puer
1585 3692 1619 3742 et

309 3784 409 3845 dicere
436 3784 571 3845 ‘interea
598 3780 672 3842 loci’
700 3790 730 3843 et
756 3782 855 3843 lacere
883 3780 954 3841 inde
983 3781 1056 3843 duas
1083 3791 1182 3862 partes
1209 3780 1374 3864 oratiolnis,
1404 3800 1471 3843 cunr
1495 3782 1618 3845 debeas

308 3886 413 3947 subter
439 3888 538 3946 lacere
566 3883 693 3965 hyphen.
738 3883 811 3963 quid
842 3884 880 3945 sit
912 3894 1012 3943 autern
1039 3882 1174 3965 hyphen,
1210 3885 1342 3946 dicemus
1374 3891 1487 3965 postea.
1535 3902 1617 3963 ergo

304 3988 400 4049 debes
427 3986 548 4068 bypbeu
575 3986 715 4047 deorsum
742 3985 842 4045 lacere
870 3995 900 4045 et
922 3994 1080 4047 conectere
1101 3996 1269 4067 utramque.
1298 3988 1323 4047 si
1345 3986 1426 4065 dicas
1449 3987 1617 4047 ‘viridi-

307 4109 377 4171 que
399 4092 436 4151 iu
458 4088 573 4151 litore
595 4088 833 4169 conspicitur
854 4090 949 4163 sus’,
978 4095 1078 4168 potest
1098 4088 1136 4149 de
1157 4090 1223 4152 istis
1245 4086 1359 4149 dnobus
1381 4106 1471 4149 unam
1493 4090 1612 4151 lacere.
1631 4102 1660 4142 ³⁵

375 4348 393 4395 '2
411 4362 461 4396 uon
479 4356 562 4396 tecrnn
579 4344 717 4397 convenius
733 4344 837 4405 muierit
850 4344 1038 4394 Lindemonuns
1109 4343 1125 4391 7
1143 4344 1270 4408 positione
1289 4342 1365 4409 longa
1384 4354 1422 4393 est
1440 4344 1466 4392 a'n
1481 4346 1562 4395 ιίιιινα
1582 4361 1613 4399 α.

303 4417 418 4480 fortasse
437 4418 493 4467 sive
514 4416 642 4481 positione
660 4414 752 4477 longe,
770 4424 796 4463 ιιι
811 4428 872 4473 arx,
893 4421 994 4461 scutum
1011 4411 1088 4463 habet
1161 4415 1193 4464 10
1213 4422 1302 4462 acutus
1321 4414 1369 4463 erit
1384 4416 1532 4475 posteriore
1551 4416 1614 4466 loco

305 4502 352 4538 om.
366 4488 414 4537 ΑΘ
431 4496 550 4537 accentus
565 4487 613 4535 erit
627 4484 653 4535 B
706 4485 736 4534 ll
756 4485 883 4549 positione
902 4482 979 4547 longe
998 4482 1072 4533 ΑΒΘ
1124 4484 1157 4532 lt
1170 4492 1198 4534 ut
1216 4498 1264 4549 ego
1278 4491 1349 4547 peter
1362 4483 1433 4548 prior
1443 4482 1522 4549 longa
1535 4486 1613 4549 posi-

306 4558 376 4607 tione
394 4573 465 4607 arms
483 4558 516 4608 a*
533 4564 562 4607 ιιι
579 4572 628 4621 ego
647 4556 718 4620 prior
735 4552 810 4619 longa
828 4552 955 4618 positione
969 4562 1042 4617 puter
1060 4566 1130 4602 arma
1149 4554 1202 4603 ΑΘ
1255 4553 1288 4604 18
1304 4554 1370 4602 duae
1382 4562 1469 4617 partes
1480 4555 1612 4603 orationis

308 4638 368 4676 sont
385 4642 462 4677 unum
482 4634 612 4677 accentum
627 4624 684 4681 ΑΒ
699 4624 765 4673 duae
783 4629 868 4689 partes
887 4621 1008 4671 orationis
1028 4631 1087 4673 suut
1106 4622 1167 4671 dicit
1187 4624 1263 4671 etism
1282 4624 1303 4671 si
1323 4621 1416 4671 luerint
1433 4622 1500 4671 duae
1519 4632 1612 4687 portes

307 4697 427 4747 orationis
447 4712 525 4745 uuum
544 4704 673 4745 accentum
697 4693 738 4743 Θα
810 4690 843 4741 19
864 4690 887 4741 si
913 4694 938 4739 lu
960 4705 1038 4741 uuum
1060 4692 1111 4742 ΒΘ
1131 4700 1154 4741 ει
1176 4694 1298 4742 inlitora
1316 4708 1333 4741 a
1403 4690 1438 4741 20
1456 4692 1506 4741 ists
1522 4692 1614 4742 ΑΒΘ

377 4767 410 4815 al
429 4766 582 4815 coll...mus
601 4766 625 4815 Α
645 4764 782 4814 collitimus
805 4778 823 4811 a
894 4760 928 4811 23
948 4760 1103 4828 colliguntur
1121 4762 1146 4811 B
1162 4761 1314 4828 colligentur
1332 4762 1374 4811 Ga
1393 4762 1558 4829 colluguutur
1581 4762 1610 4811 A

376 4851 423 4901 pro
441 4850 492 4885 uno
511 4834 596 4885 ABG
663 4836 697 4883 27
715 4831 907 4881 unumsscinnt
926 4830 1008 4881 ΑΒΘ
1076 4832 1111 4883 ‘28
1130 4832 1205 4882 modo
1223 4847 1270 4885 om.
1289 4831 1324 4889 Α,
1344 4832 1404 4887 odd.
1421 4848 1437 4880 o
1510 4832 1545 4883 30
1565 4848 1610 4882 res

307 4920 352 4955 orn.
367 4904 449 4955 ΑΒΘ
507 4904 541 4955 33
559 4920 621 4971 ergo
639 4903 714 4954 debet
734 4902 786 4953 ΑΘ
802 4916 863 4967 ergo
880 4900 1004 4951 debemus
1024 4902 1049 4951 B
1102 4902 1135 4953 34
1156 4900 1291 4969 viridique]
1312 4902 1391 4968 Ver-p.
1406 4902 1471 4955 Aen.
1493 4901 1552 4952 Vlll
1572 4902 1610 4954 83
