3525 5600
740 438 811 500 Ans
1363 437 1427 506 395

176 547 271 593 etate
1255 551 1403 604 par-ass.

225 627 300 690 llaec
323 633 391 688 sunt
414 625 549 707 exempla
572 627 608 688 de
630 626 678 688 bis
699 625 798 688 tribus
813 627 936 699 litteris,
959 645 1033 708 quas
1047 632 1132 710 quasi
1149 632 1326 710 praecipuas
1340 649 1426 711 prae-

156 741 273 812 ceptores
294 736 482 790 notaverunt.
520 729 573 790 sed
595 737 625 789 et
646 733 678 790 in
705 729 772 791 aliis
794 729 904 791 litteris
926 739 994 792 sunt
1016 732 1167 809 generalia
1189 733 1333 813 quaedam
1355 752 1427 813 qua-

157 833 265 896 rmdam
280 835 351 894 vitia
366 834 529 893 nationum.
554 849 623 892 ecce
638 833 671 891 in
685 830 785 892 littera
800 839 812 891 t
828 831 921 911 aliqui
936 835 977 893 ita
989 836 1100 929 Qffle
1114 837 1216 896 nescio
1227 835 1298 914 quid
1311 842 1427 912 sonant,

156 946 194 1006 nt,
214 951 275 997 carn
297 934 401 995 dicunt
423 937 528 1005 etiam,
552 931 628 994 nihil
651 933 687 993 de
710 932 808 995 media
831 933 942 1014 syllaba
969 935 1143 1014 infringant.
1187 937 1292 997 Graeci
1315 945 1427 1006 contra,

137 1039 200 1100 tubi
220 1029 276 1098 non
298 1036 408 1097 debent
430 1023 613 1114 infringere,
637 1033 673 1096 de
697 1053 770 1096 sono
791 1037 856 1096 cius
877 1036 996 1097 litterae
1018 1038 1269 1121 infringuntut,
1293 1058 1362 1100 cum
1384 1041 1429 1102 di-

156 1149 214 1202 cunt
234 1141 376 1219 optimus,
399 1139 528 1200 mediam
549 1135 694 1217 syllabam
716 1140 757 1198 ita
780 1147 900 1209 sonent,
924 1142 1008 1219 quasi
1036 1149 1102 1219 post
1129 1151 1141 1201 t
1168 1161 1183 1200 z
1206 1157 1345 1218 graecum
1368 1161 1429 1203 am·

155 1245 292 1308 misceant.
307 1229 411 1302 “item
438 1241 569 1302 litteram
599 1258 615 1299 c
643 1239 763 1318 quidam
791 1243 823 1301 in
850 1240 1028 1320 quibusdam
1055 1241 1237 1303 dictionibus
1258 1262 1317 1304 non
1339 1244 1429 1304 latine

156 1347 291 1414 eclerunt,
321 1343 374 1404 sed
401 1346 442 1404 ita
471 1361 586 1412 crasse,
615 1349 648 1402 ut
676 1360 736 1402 non
764 1343 931 1415 discernas,
960 1343 1031 1423 quid
1054 1342 1167 1406 dicant:
1190 1353 1316 1424 utputa
1338 1348 1432 1421 siquis

156 1448 223 1508 dicat
243 1447 305 1505 ‘sic
327 1446 432 1514 ludit',
456 1447 497 1506 ita
518 1443 574 1504 boc
598 1444 745 1524 loquitur,
768 1453 801 1505 ut
822 1453 910 1525 putes
932 1463 1000 1506 eum
1022 1448 1054 1506 iu
1070 1447 1200 1508 secunda
1214 1455 1299 1526 parte
1322 1451 1431 1508 oratio·

127 1551 196 1610 1⁰nis
217 1548 334 1608 cludere
358 1547 483 1618 dixisse,
507 1565 566 1606 non
589 1545 708 1618 ludere;
732 1554 762 1607 et
784 1549 856 1608 item
877 1551 903 1609 si
918 1555 1021 1609 contra
1037 1549 1115 1609 dicat
1136 1549 1225 1620 illud,
1250 1552 1433 1611 contrarium

155 1649 271 1732 putabis.
315 1651 369 1711 alii
392 1657 494 1710 contra
517 1651 558 1710 ita
582 1648 734 1710 subtiliter
756 1649 811 1710 hoc
834 1651 984 1722 eclenmt,
1010 1658 1055 1720 ut,
1084 1669 1151 1711 cum
1175 1651 1232 1711 duo
1255 1669 1270 1711 c
1292 1651 1431 1722 habeant,

156 1754 307 1813 desinentis
335 1753 446 1833 prioris
473 1753 567 1831 partis
594 1731 739 1812 oFaiiiills
767 1760 796 1812 et
823 1755 998 1833 incipientis
1025 1752 1163 1824 alterius,
1192 1755 1236 1814 sic
1263 1754 1432 1835 loquantur,

155 1857 228 1934 quasi
251 1873 308 1916 uno
331 1862 528 1934 antrumque
552 1852 716 1933 explicent,
740 1862 773 1914 ut
795 1853 898 1916 dicmrt
919 1855 1005 1916 multi
1028 1855 1093 1916 ‘sic
1115 1855 1274 1916 custodit'.
1294 1851 1300 1938 l
1324 1859 1398 1917 item
1419 1875 1434 1917 s

155 1957 271 2018 litteram
293 1956 401 2017 Graeci
424 1955 543 2017 exiliter
559 1942 702 2016 'celerima
725 1955 813 2027 adeo,
839 1965 885 2027 ut,
910 1976 978 2018 cum
1001 1957 1103 2017 dicunt
1126 1959 1228 2029 iussit,
1257 1976 1313 2037 per
1341 1975 1433 2018 unum

125 2069 167 2120 ¹⁵s
186 2060 280 2119 dicere
303 2029 651 2138 existimem-'quoque
675 2057 806 2118 litteram
829 2058 922 2138 aliqui
950 2061 1091 2154 pi-nng
1118 2061 1270 2130 ecferunt,
1294 2067 1342 2131 ut,
1366 2077 1435 2121 cum

156 2163 246 2222 dicunt
272 2165 355 2232 veni,
385 2167 471 2241 putes
497 2160 688 2241 trisyllabum
715 2161 860 2239 incipere.
905 2162 979 2222 baec
1008 2164 1040 2221 in
1072 2161 1122 2222 bis
1153 2162 1264 2222 litteris
1297 2169 1435 2223 annotata

155 2273 223 2325 sunt.
266 2264 394 2324 tortasse
417 2265 477 2324 sint
500 2265 590 2324 etiam
612 2263 669 2323 alia
691 2263 842 2340 generalia
865 2263 1049 2344 quarundam
1071 2265 1224 2324 nationum
1247 2267 1334 2334 vitia,
1358 2281 1434 2343 quae

156 2365 303 2426 observare
339 2373 369 2426 et
402 2365 640 2426 animadvertere
674 2362 784 2426 debent
815 2367 868 2446 qui
901 2385 971 2428 snae
997 2366 1117 2443 linguae
1144 2369 1306 2444 puritatem
1334 2365 1435 2425 volunt

155 2467 293 2529 custodire
322 2467 497 2545 diligenter,
525 2475 558 2528 ut
586 2469 697 2528 evitare
731 2469 789 2546 ipsi
823 2471 946 2546 possint.
991 2468 1118 2529 tendunt
1150 2466 1267 2544 longius
1298 2466 1434 2547 plerique

125 2575 307 2650 ascriptores
322 2571 427 2630 vitium
450 2568 640 2630 barbarismi.
671 2587 740 2630 nam
755 2569 899 2649 quidquid
921 2572 953 2630 in
975 2569 1093 2639 babitu,
1117 2569 1261 2650 quidquid
1284 2571 1315 2629 in
1338 2575 1434 2647 gestu,

154 2671 289 2752 quidquid
310 2674 342 2733 in
364 2679 461 2742 motu,
490 2674 580 2734 etiam
607 2671 753 2752 quidquid
781 2672 886 2732 citiore
915 2671 960 2732 vel
981 2672 1113 2733 tardiore
1136 2673 1255 2731 incessu
1277 2673 1345 2751 quis
1364 2691 1435 2751 pec-

155 2783 209 2844 cat,
240 2783 272 2837 ut
298 2775 330 2837 id
359 2773 395 2836 ab
424 2774 572 2852 elegantia
600 2775 711 2836 eruditi
739 2773 869 2836 bominis
897 2775 1007 2837 distare
1033 2774 1186 2845 videatur,
1216 2773 1436 2837 barbarismmn

155 2876 257 2937 dicunt.
302 2894 391 2958 quam
413 2876 451 2937 ob
474 2880 603 2939 remita
626 2879 746 2938 censeri
769 2896 828 2938 non
851 2876 957 2938 inutile
980 2885 1040 2948 est,
1063 2885 1098 2937 ut
1119 2879 1215 2937 sciant
1235 2895 1268 2938 se
1290 2895 1352 2941 non
1373 2896 1436 2938 me·

155 2978 241 3039 diocri
264 2981 337 3041 vitio
365 2978 516 3052 laborare,
540 2982 592 3060 qui
615 2980 734 3040 civilem
757 2981 912 3040 scientiam
934 2981 1063 3059 prolessi
1084 2980 1116 3039 in
1138 2978 1185 3039 bis
1208 2997 1325 3060 quoque
1346 2982 1438 3040 mutis

124 3087 181 3139 aet
200 3084 298 3143 tacitis
320 3080 412 3142 rebus
434 3086 466 3143 in
489 3084 594 3143 vitium
616 3082 738 3162 aliquod
759 3090 862 3143 contra
885 3085 1033 3143 rationem
1048 3081 1164 3142 decoris
1185 3082 1354 3144 incurrunt.
1379 3101 1438 3163 quo

154 3184 241 3261 magIs
273 3184 424 3263 sequenda
457 3192 525 3245 suut
558 3185 632 3247 baec
666 3192 839 3265 praecepta,
873 3202 950 3265 quae
982 3202 999 3245 a
1025 3182 1200 3245 rhetoribus
1228 3184 1263 3244 de
1293 3191 1379 3263 gestu
1407 3193 1438 3245 et

155 3288 264 3346 actione
286 3286 454 3347 traduntur.
1429 3292 1433 3296 ’

230 3388 312 3449 luter
334 3386 553 3450 barbarismum
576 3398 605 3449 et
628 3389 835 3451 soloecismum
857 3390 1003 3470 quaedam
1024 3389 1088 3449 illic
1111 3390 1250 3452 distantia
1273 3409 1290 3450 a
1312 3391 1437 3470 scripto-

155 3488 232 3550 ribus
254 3492 351 3570 posita
373 3498 432 3561 est,
457 3490 535 3571 quod
559 3488 765 3553 barbarismus
791 3509 851 3552 una
873 3493 1018 3552 orationis
1039 3499 1137 3570 parte,
1161 3491 1352 3553 soloecismus
1372 3489 1437 3572 plu-

125 3590 233 3652 aribus
255 3599 379 3653 constat.
424 3594 476 3655 sed
498 3594 553 3653 boo
577 3591 665 3654 altius
687 3593 862 3671 intellegere
886 3612 1008 3654 necesse
1030 3601 1085 3653 est.
1129 3610 1197 3655 nam
1219 3593 1270 3655 itte
1292 3596 1345 3674 qui
1366 3592 1440 3654 dicit

155 3692 339 3773 nolminativo
366 3713 438 3757 casu
465 3694 581 3765 tontis,
603 3714 671 3757 cum
698 3696 839 3799 debueqit
865 3696 933 3757 lons
960 3697 1075 3765 dicere,
1105 3713 1164 3756 una
1191 3698 1332 3757 orationis
1349 3703 1439 3775 parte

155 3799 295 3874 peccarit,
325 3815 381 3857 nec
409 3805 509 3859 tamen
536 3795 758 3859 barbarismum
785 3807 866 3859 recte
890 3800 1024 3859 dicemus
1045 3798 1124 3858 bunc
1145 3798 1266 3860 secisse:
1295 3800 1339 3858 sic
1360 3798 1440 3857 enim

156 3902 296 3975 peccarit,
320 3902 487 3981 quomodo
510 3890 671 3961 silentem
698 3902 845 3962 feminino
873 3919 983 3979 genere
1007 3900 1141 3961 dixisset.
1186 3919 1258 3979 crgo
1279 3918 1347 3961 cum
1369 3918 1438 3959 con-

156 4006 196 4060 tra
217 4000 352 4079 regulam
374 4004 494 4079 generis
515 4000 561 4062 vel
583 4018 669 4063 casus
691 4002 738 4063 vel
760 4005 877 4063 numeri
899 4003 1048 4083 prolatum
1069 4002 1142 4082 quid
1163 4002 1264 4074 luerit,
1288 4004 1357 4082 quia
1378 4002 1440 4062 illic

60 4102 62 4125 l
124 4110 209 4163 3lnam
231 4103 327 4165 solum
348 4106 449 4184 ipsum
471 4111 637 4185 spectatur,
661 4104 740 4184 quod
761 4103 910 4185 prolatum
932 4112 992 4176 est,
1022 4122 1077 4165 nec
1098 4123 1155 4185 per
1177 4124 1208 4166 se
1231 4112 1345 4167 tautum
1365 4121 1439 4183 pen·

157 4203 246 4275 ditur,
271 4206 322 4267 sed
346 4206 545 4268 accidentium
567 4207 670 4285 regula
693 4207 867 4277 discutitur,
897 4226 995 4288 neque
1017 4225 1054 4267 ex
1076 4206 1294 4268 adiectionibus
1316 4212 1366 4267 aut
1388 4205 1438 4266 de-

158 4322 393 4336 b-——u———....
442 4332 449 4335 .

232 4376 245 4427 1
267 4378 293 4426 iu
314 4392 360 4430 cnr.
380 4378 424 4427 M:
450 4378 507 4427 item
527 4378 595 4428 dicit'
607 4378 633 4426 in
651 4378 708 4427 aliis
729 4377 818 4427 litteris
838 4388 897 4427 sunt
914 4378 1035 4444 genitalia
1053 4378 1176 4441 quaedam
1196 4378 1361 4442 quorumdam
1378 4376 1442 4425 uitia

158 4443 282 4495 bominum
301 4462 358 4498 ecee
375 4459 403 4497 ut
420 4449 446 4497 in
467 4448 509 4497 tali
528 4450 604 4497 uerbo
626 4449 660 4495 ita
679 4448 774 4515 pingue
794 4449 888 4496 nescia
900 4450 959 4511 quid
974 4458 1064 4497 sonant
1082 4458 1108 4495 nt
1126 4464 1183 4497 cum
1202 4449 1262 4497 dicit
1281 4448 1354 4498 etiam
1375 4445 1439 4495 nibil

157 4516 186 4563 de
200 4518 284 4566 media
301 4519 399 4583 syllaba
417 4516 541 4584 infringat
558 4518 667 4568 Clemens
752 4520 768 4567 2
787 4518 911 4583 genitalia
930 4518 963 4567 M
1049 4516 1065 4566 3
1082 4533 1141 4566 ecce
1160 4527 1187 4567 ut
1206 4519 1233 4566 in
1250 4518 1292 4567 tali
1310 4515 1388 4565 uerbo
1405 4516 1439 4565 ita

157 4586 248 4651 pingue
268 4589 351 4637 nescio
370 4588 432 4652 quid
450 4597 524 4637 sonat
546 4598 571 4637 ut
589 4589 676 4638 dicunt
694 4587 725 4635 M
744 4602 803 4637 ecce
820 4598 848 4636 ut
868 4588 917 4636 int
936 4587 987 4638 tale
1007 4587 1109 4635 verbum
1130 4586 1139 4634 i
1156 4589 1252 4653 pingue
1274 4588 1361 4635 nescio
1380 4584 1440 4649 qnid

157 4662 235 4719 sonat,
254 4664 282 4705 ut
299 4672 354 4707 cum
373 4658 461 4707 dicunt
478 4658 623 4708 Cranrerm:
642 4658 678 4717 cs,
693 4658 802 4720 Pompei.
820 4672 847 4720 p.
869 4656 928 4717 286,
948 4660 963 4706 7
1033 4657 1051 4707 b
1071 4666 1189 4722 optumus
1206 4656 1240 4706 M
1262 4656 1370 4705 obtimae
1387 4656 1442 4707 Gle-

157 4738 221 4774 nena
272 4736 361 4777 sonant
379 4727 412 4777 M
464 4728 615 4777 ammiscent
631 4727 661 4777 M
714 4727 811 4790 Squid
831 4724 962 4777 dicuntM
1016 4727 1037 4775 si
1055 4726 1122 4776 dicat
1138 4725 1171 4775 M
1240 4728 1272 4778 15
1291 4727 1393 4775 estimes
1411 4724 1457 4773 Μ’

223 4796 257 4848 16
271 4806 388 4848 annotina
404 4799 455 4847 sint
471 4798 604 4848 &amenta
677 4798 708 4847 17
722 4796 845 4863 genitalia
863 4796 1022 4859 quarundam
1041 4798 1171 4845 nationum
1192 4796 1235 4859 qui
1253 4812 1314 4846 suae
1332 4822 1365 4831 —
1381 4808 1442 4861 pos-

159 4866 206 4913 sint
222 4882 287 4929 quae
305 4869 439 4919 obseruare
453 4876 478 4917 et
493 4868 695 4917 animaduertere
709 4867 801 4917 debent
817 4868 923 4917 tendunt
935 4864 969 4916 M
1016 4867 1047 4916 21
1068 4867 1125 4929 quis
1141 4876 1228 4930 peccat
1242 4866 1368 4917 clemens.-
1385 4865 1442 4929 quis

157 4949 199 4987 na.
214 4934 244 4985 M
280 4938 312 4987 24
323 4936 408 5003 motis]
422 4939 491 4987 uitiis
509 4936 540 4987 M
573 4936 747 4987 25iuonnM
781 4936 1236 4987 tractionemamewdicnonem
1267 4932 1445 5002 dependitM

1174 5019 1241 5084 26*
