3525 5600
731 397 802 464 nus
831 397 843 462 l
869 401 944 472 1,2
1401 398 1465 464 411

208 521 228 564 p.
242 511 298 552 Μ.
311 513 337 553 90
350 507 380 551 P.v
1285 523 1307 563 p.
1321 509 1366 550 ³21.
1379 512 1404 550 23
1416 510 1440 551 L.

182 594 265 663 alioS,
295 593 365 654 dum
394 590 532 651 brevitati
560 589 694 660 student,
723 589 881 651 admodum
910 566 1046 650 dillusam
1069 597 1216 650 coartasse
1238 592 1408 661 materiam,
1432 600 1465 652 ut

181 695 273 756 sterili
301 693 467 774 conpendio
494 693 569 753 nihil
598 693 634 753 ad
662 695 809 770 integram
831 693 988 752 scientiam
1010 692 1173 753 lectoribus
1195 693 1365 765 conlerant;
1393 693 1464 754 adu·

180 797 324 858 lescentes
345 815 416 856 vero
443 797 537 856 nostri
565 793 675 856 saeculi
699 813 758 854 non
781 794 931 854 desiderio
953 794 1122 855 litterarum
1143 813 1199 855 nec
1222 813 1321 855 amore
1343 798 1464 857 virtutis

180 899 213 959 ad
234 900 332 960 studia
355 918 386 960 sc
409 898 573 978 applicare,
603 897 656 958 sed
684 905 734 957 ant
761 898 940 957 necessitate
963 896 1122 977 conpulsos
1144 905 1194 958 aut
1216 897 1307 958 odore
1329 898 1463 978 volupta-

157 1007 238 1060 ctum
259 1019 315 1080 per
337 1009 463 1062 aetatem
485 1001 608 1062 adllatos
631 1001 766 1059 execrari
788 1001 961 1076 magistros,
977 1017 1104 1078 quorum
1125 1008 1157 1076 ut
1179 1002 1305 1080 quisque
1328 1010 1374 1062 est
1396 1001 1463 1061 dili·

178 1105 305 1179 gentior‚
330 1121 366 1163 eo
387 1105 493 1163 maiori
516 1102 583 1163 odio
604 1103 766 1182 premitur,
791 1108 820 1160 et
841 1102 1028 1180 gymnasium
1050 1103 1229 1181 sapientiae,
1252 1121 1311 1181 quo
1333 1102 1370 1164 ad
1392 1101 1462 1162 bea·

178 1213 234 1265 tam
260 1207 350 1265 vitam
379 1207 483 1266 semita
518 1205 754 1273 demonstratur,
784 1201 863 1262 velut
897 1205 1103 1264 taeterrimum
1130 1222 1281 1265 carcerem
1309 1205 1461 1274 detestari,

177 1305 246 1366 alios
268 1315 381 1377 autem,
411 1309 545 1387 quamvis
573 1309 651 1367 scire
680 1307 814 1386 cupiant,
843 1324 931 1366 omne
958 1314 1059 1366 tamen
1085 1306 1231 1368 lructnosi
1253 1306 1366 1368 laboris
1387 1325 1462 1367 onus

178 1407 339 1469 detrectare
367 1429 422 1470 nec
450 1409 578 1471 assiduis
604 1409 761 1470 inhaerere
791 1407 971 1468 lectionibus
999 1425 1054 1468 nec
1083 1411 1200 1469 curiosa
1222 1411 1460 1488 perscrutatione

143 1519 306 1572 rovetcrum
334 1530 439 1572 eruere
468 1513 710 1580 commentarios
740 1511 791 1590 qui
820 1508 890 1570 dum
917 1527 1035 1590 semper
1063 1510 1165 1571 volunt
1187 1510 1266 1570 docti
1289 1529 1371 1582 esse,
1394 1513 1462 1572 lieri

176 1631 332 1692 numquam
354 1622 493 1694 possunt:
517 1614 630 1675 idcirco
651 1615 747 1674 lateor
769 1630 816 1672 me
832 1614 985 1691 negotium
1006 1614 1175 1692 suscepisse
1197 1611 1336 1693 pluribus
1358 1614 1460 1693 prolu-

175 1723 285 1785 turum,
314 1717 373 1776 nisi
401 1718 452 1796 qni
480 1717 624 1778 novellam
653 1717 726 1776 artis
754 1716 970 1794 expositionem
997 1720 1126 1775 tractare
1154 1714 1321 1785 fastidiant,
1344 1718 1460 1796 praeci·

174 1835 287 1896 puequc
310 1817 465 1898 discipulis
487 1821 612 1889 nostris,
636 1817 745 1898 quibus
760 1817 902 1878 adversus
916 1816 1074 1877 oblivionis
1095 1818 1240 1878 iacturam
1262 1825 1293 1877 et
1313 1835 1458 1898 percunc-

175 1921 297 1980 tantium
329 1927 510 1982 tentamenta
543 1918 710 1980 consultum
744 1937 809 1980 esse
843 1919 992 1981 desidero.
1036 1921 1069 1978 in
1101 1918 1158 1978 boc
1186 1937 1312 1998 namque
1340 1929 1459 1982 nostrae

141 2035 162 2073 1⁵
174 2022 365 2099 professionis
387 2041 501 2084 summa
523 2029 672 2092 versatur,
696 2030 729 2082 ut
751 2023 782 2081 in
804 2021 931 2082 aliorum
953 2021 1078 2081 scientia
1100 2022 1144 2080 tui
1166 2022 1334 2100 periculum
1355 2024 1457 2094 iacias,

174 2141 225 2184 nec
247 2126 273 2184 si
295 2128 359 2204 ipsc
382 2127 473 2196 scias,
497 2125 549 2186 sed
571 2127 598 2184 si
619 2123 692 2184 alios
715 2123 865 2193 docueris,
890 2122 1024 2183 eruditus
1046 2140 1112 2182 esse
1134 2122 1274 2184 videaris.
1305 2127 1458 2185 nominum

173 2227 261 2302 igitur
284 2227 401 2304 regulas
424 2236 453 2288 et
475 2227 634 2288 verborum
656 2229 687 2286 in
710 2244 802 2286 unum
825 2227 977 2303 congessi,
999 2225 1142 2304 quoniam
1163 2223 1236 2285 baec
1258 2225 1322 2286 lere
1344 2228 1458 2306 princi-

173 2335 270 2406 patum
297 2331 329 2389 in
355 2328 492 2410 partibus
520 2330 663 2389 orationis
693 2326 829 2388 obtinent
855 2328 1039 2406 multumque
1068 2326 1251 2388 diiiicnltatis
1279 2327 1405 2398 babent,
1428 2336 1459 2390 et

172 2448 259 2510 super
281 2433 389 2492 ceteris
412 2430 528 2493 abunde
552 2431 665 2492 dictum
687 2449 703 2491 a
725 2431 850 2491 summis
871 2428 1045 2490 auctoribus
1066 2432 1201 2490 aestimo.
1232 2448 1290 2510 quo
1312 2432 1344 2490 in
1367 2437 1481 2510 opere'

141 2531 248 2592 qnihil
271 2533 347 2594 mihi
369 2552 497 2605 sumam,
520 2552 576 2594 nec
598 2552 614 2593 a
636 2551 683 2592 me
705 2535 774 2593 novi
796 2531 955 2612 quicquam
977 2539 1131 2610 repertum
1153 2531 1324 2593 adfirmabo.
1364 2531 1457 2593 multa

172 2651 295 2714 namque
318 2655 354 2696 ex
375 2636 537 2698 multorum
565 2634 652 2696 libris
674 2635 814 2714 decerpta
836 2635 981 2694 concinna
1008 2633 1154 2695 brevitate
1177 2633 1322 2704 conclusi,
1346 2640 1380 2694 ut
1400 2652 1456 2695 nec

171 2736 268 2796 ieiuna
290 2755 396 2817 pamm
417 2741 546 2801 instruat
561 2739 767 2817 conpensatio,
791 2755 848 2797 nec
862 2735 987 2796 verbosa
1008 2737 1165 2817 proliritas
1179 2736 1332 2798 fastidium
1354 2736 1455 2816 legen·

170 2838 247 2899 tibus
268 2849 393 2901 moveat.
427 2841 525 2920 siquid
548 2848 647 2901 antem
670 2860 686 2901 a
708 2840 795 2900 nobis
816 2842 847 2899 in
869 2847 1007 2918 suscepto
1029 2842 1149 2917 negotio
1171 2839 1324 2900 commode
1346 2848 1456 2901 tracta·

169 2948 230 3001 turn
262 2949 322 3012 est,
355 2942 432 3003 malo
464 2943 496 3003 id
528 2942 649 3003 lectoris
677 2941 789 3002 iudicio
816 2941 946 3012 laudari,
980 2960 1069 3021 quam
1101 2950 1205 3002 nostra
1231 2942 1454 3022 praedicatione

137 3044 283 3104 asiactari.
320 3052 353 3103 tu
375 3052 475 3104 tamen
497 3043 644 3104 industria
667 3039 680 3125 ll
705 3052 754 3105 tua
777 3043 823 3104 vel
845 3044 1030 3124 petvdantiae
1052 3051 1171 3105 nostrae
1195 3046 1310 3105 crimen
1332 3062 1453 3105 excusa·

169 3143 227 3215 bis,
250 3146 297 3206 vel
318 3145 415 3207 landis
436 3146 535 3225 siquid
557 3145 756 3216 merebimur,
778 3144 946 3225 ampliabis.
990 3144 1063 3206 vale.
1088 3142 1093 3225 1

248 3248 413 3326 Adgressus
435 3232 589 3309 nominum
611 3248 729 3325 regulas
751 3246 883 3307 breviter
906 3248 1063 3327 explanare
1091 3257 1121 3308 et
1148 3248 1353 3327 scrupulosam
1374 3248 1453 3309 dilii-

168 3348 310 3430 cilemque
339 3352 493 3411 materiam
521 3348 761 3411 adulescentibus
783 3352 917 3429 perviam
938 3351 1052 3419 iacere,
1075 3352 1217 3429 quoniam
1238 3353 1336 3412 omnis
1358 3349 1452 3411 ambi-

167 3452 259 3527 guitas
281 3454 313 3511 in
336 3470 447 3530 genere
470 3453 598 3513 nominis
620 3460 650 3511 et
672 3450 868 3511 declinatione
892 3453 1040 3523 consistit,
1063 3454 1194 3532 primum
1215 3452 1307 3514 latina
1328 3473 1346 3513 a
1366 3470 1452 3530 grae-

135 3554 209 3619 aacis
231 3548 376 3625 discrevi,
400 3573 437 3615 ne
461 3554 634 3615 confusione
657 3555 810 3615 varietatis
831 3552 971 3615 turbetur
992 3556 1150 3626 memoriam
1173 3555 1282 3617 deinde
1303 3555 1451 3634 monosyl-

96 3655 99 3666 '
167 3654 231 3715 laba
251 3666 393 3736 congesta
415 3658 587 3736 praeposui,
616 3676 691 3736 quae
719 3657 829 3717 diversi
857 3656 978 3736 quidem
999 3664 1068 3717 sunt
1089 3659 1223 3735 generis,
1246 3660 1329 3719 tertii
1351 3664 1451 3717 autem

167 3757 275 3819 ordinis
297 3758 453 3820 formulam
475 3756 572 3819 tribus
594 3760 725 3837 exceptis
748 3766 904 3829 secuntur,
933 3766 964 3819 et
984 3766 1054 3819 sunt
1080 3759 1144 3820 lere
1172 3760 1262 3821 haec(
1292 3759 1450 3821 masculini

166 3864 280 3938 generis
302 3880 335 3923 as
358 3861 430 3923 dens
452 3878 525 3939 grex
546 3860 600 3921 llos
621 3862 688 3921 lons
708 3860 782 3920 Lars
803 3879 889 3922 mons
910 3879 975 3921 mos
996 3878 1062 3921 mus
1083 3879 1147 3921 mas
1167 3880 1255 3941 praes
1275 3862 1354 3923 biars
1375 3878 1451 3940 pons

165 3960 208 4021 lar
222 3982 272 4041 pes
288 3981 339 4023 ros
354 3980 408 4023 rex
423 3963 466 4023 sal
482 3963 525 4024 sol
541 3965 586 4023 vir
600 3982 651 4023 vas
666 3963 764 4023 vadis:
788 3982 823 4023 ex
838 3962 887 4023 his
901 3981 993 4023 unum
1009 3969 1055 4023 est
1068 3964 1215 4025 secundae
1231 3964 1447 4032 declinationis,

166 4098 462 4109 ——--...-...-—-

229 4166 260 4219 32
279 4177 304 4218 et
322 4176 381 4218 suut
399 4168 453 4217 iere
470 4166 534 4217 liaeo
553 4167 629 4221 ctae.
646 4168 689 4231 42,
708 4166 734 4219 6.
754 4183 812 4219 exe.
830 4168 906 4219 Char.
920 4167 979 4232 546,
1000 4168 1032 4219 17

230 4340 500 4393 210οι0011)00000.11
569 4340 783 4405 4000001ουοΡ
849 4339 1008 4390 9000100000
1019 4340 1243 4404 perscrutationem
1260 4339 1286 4387 P
1338 4338 1371 4391 10
1385 4338 1447 4388 dnm

167 4422 261 4475 semper
278 4426 336 4461 0000
353 4424 490 4474 numquam
509 4408 578 4475 (lieri
593 4411 654 4463 add.
670 4411 697 4471 ft
716 4408 805 4458 nolunt
824 4409 892 4459 docti
910 4424 967 4459 esse
985 4424 1036 4459 non
1054 4420 1162 4476 possunt
1178 4410 1204 4458 1¹*
1271 4410 1302 4459 11
1316 4410 1446 4473 negotium

166 4476 212 4527 boc
224 4480 401 4545 suscepisses
472 4480 505 4531 14
523 4479 689 4531 desiderioP
760 4478 790 4528 1⁷
810 4478 874 4528 haec
897 4476 950 4529 lere
969 4480 1023 4529 PF
1039 4479 1088 4530 liae
1111 4480 1164 4529 lere
1180 4481 1218 4541 [ς
1288 4480 1322 4528 22
1338 4493 1445 4543 compen

168 4546 232 4611 laec
249 4550 590 4615 Fcompendiositaouecs
655 4548 690 4600 26
707 4548 843 4599 merebitur
857 4550 904 4604 Ρς
974 4546 1124 4615 ampliabis]
1146 4548 1322 4615 applicabiep
1390 4548 1446 4598 vale

165 4632 207 4671 on.
225 4619 269 4675 Fs
354 4622 387 4671 27
403 4621 541 4686 adgressus
563 4634 619 4668 sum
637 4633 699 4685 ergo
718 4618 848 4669 nominum
867 4618 893 4667 F
975 4618 1009 4667 32
1028 4628 1053 4667 et
1072 4628 1210 4669 contuere
1229 4617 1447 4667 haeeFetaunt

166 4685 215 4736 iere
235 4687 292 4739 hvee
304 4704 364 4755 spes
383 4706 425 4740 ves
438 4692 478 4739 uir
488 4692 513 4739 1¹
565 4684 1010 4755 aenars]nsr';tar1³uoettas
1057 4686 1092 4738 34
1110 4687 1159 4753 lar]
1178 4688 1231 4738 Nar
1247 4686 1389 4737 Putacbiue.
1408 4686 1447 4736 lar

164 4756 319 4809 atomum
336 4761 442 4812 menum
459 4776 515 4811 esse
531 4757 695 4823 perturbatus
705 4760 844 4809 litterarum
857 4760 935 4821 ordo,
950 4773 1020 4823 quem
1035 4767 1125 4808 eonem
1137 4759 1212 4822 fidem
1228 4759 1339 4810 conicum
1350 4764 1447 4807 muare

164 4828 239 4885 uolui,
254 4830 352 4884 indicat.
376 4834 440 4881 iusto
459 4838 539 4881 autem
556 4830 645 4881 ordine
657 4830 772 4881 restituto
790 4831 826 4881 ita
840 4828 918 4879 ceriti
930 4836 1054 4892 poteram
1064 4830 1318 4891 mantuanorum,
1335 4843 1365 4878 00
1383 4828 1447 4878 deus

164 4894 209 4946 100
231 4896 282 4949 1000
296 4916 361 4966 grex
373 4902 425 4967 glis
444 4902 481 4951 lar
493 4900 560 4951 Mors
575 4915 647 4949 mons
666 4915 720 4950 mos
739 4914 796 4949 naus
815 4914 869 4949 mas
888 4914 964 4964 prees
981 4914 1047 4965 pons
1064 4915 1111 4965 pes
1129 4908 1177 4954 ete.
1232 4909 1271 4949 est
1288 4912 1314 4965 ς,
1329 4914 1374 4951 oue¹
1393 4898 1447 4947 PF

1176 4982 1243 5046 27*
