3525 5600
328 385 393 449 300
902 386 1055 449 PssllPssll

355 507 377 549 p.
390 497 434 538 ibt.
448 497 473 538 ct
486 494 508 536 L.

812 591 860 653 DE
883 589 1143 654 schsshartttvs

415 713 540 774 Schema
568 712 678 773 dicitur
705 713 806 790 ligura.
851 711 908 772 hoc
935 718 1033 772 autern
1061 712 1181 774 schema
1210 713 1244 773 ht
1269 721 1320 772 aut
1345 713 1377 772 in
1403 730 1492 772 seusun
1518 714 1606 774 autin

330 814 435 876 verbis.
467 815 615 876 schemata
638 831 714 892 quae
735 813 811 875 fiunt
832 816 863 875 in
886 813 1023 876 sensibus
1044 813 1081 876 ad
1103 822 1239 876 oratores
1260 815 1426 894 pertinent,
1449 831 1526 891 quae
1546 815 1607 876 liunt

328 919 360 977 in
382 917 480 978 verbis
502 917 538 979 ad
560 919 768 996 grammaticos
789 918 949 996 pertinent.
988 916 1108 978 schema
1130 925 1229 980 autem
1253 917 1332 995 quod
1354 917 1387 976 tit
1407 916 1439 976 in
1462 933 1551 976 sensu
1571 917 1607 978 rel

328 1019 360 1080 in
382 1017 481 1082 verbis
503 1019 559 1100 hac
581 1021 695 1081 ratione
718 1018 907 1081 discernitur.
936 1018 1029 1080 habes
1044 1021 1074 1080 in
1090 1019 1219 1098 Vergilio
1235 1027 1408 1096 utrumque,
1434 1026 1464 1078 et
1483 1019 1516 1077 iu
1529 1036 1625 1080 sensus

328 1122 438 1183 lactum
460 1121 580 1184 schema
604 1124 686 1183 etin
708 1121 815 1184 verbis.
861 1123 892 1182 in
914 1139 1004 1182 sensu
1025 1120 1119 1183 hahes
1140 1120 1192 1182 illu
1213 1119 1297 1197 loeo,
1350 1191 1366 1208 ,ἡ

481 1224 568 1304 quid
591 1243 786 1288 memorem
808 1223 981 1298 inlandas
1004 1223 1151 1295 caedes,
1176 1224 1261 1306 quid
1284 1224 1381 1286 laeta
1403 1226 1554 1306 tyranni

481 1327 617 1389 atterat
1181 1340 1189 1355 ⁸

480 1438 621 1494 mortua
645 1431 731 1512 quin
754 1431 864 1492 etiam
888 1428 1071 1508 iungebat
1092 1447 1253 1510 corpora
1275 1429 1402 1500 viris„

481 1550 700 1613 conponens
722 1530 969 1609 manibusque
992 1549 1120 1592 uranus
1142 1539 1254 1610 atque
1276 1531 1406 1593 oribus
1428 1550 1501 1593 ora.
1618 1548 1637 1584 1⁰

330 1633 532 1718 [conponens]
562 1634 618 1696 hoe
646 1633 765 1697 schema
788 1636 818 1695 in
841 1633 976 1696 sensibus
998 1635 1196 1696 constituitur.
1241 1635 1311 1715 quid
1334 1641 1378 1696 est
1399 1635 1479 1696 enim
1501 1634 1609 1696 schema

328 1741 452 1800 sensus?
474 1737 503 1798 id
527 1747 583 1808 est,
608 1737 725 1816 quando
741 1735 867 1798 dicimus
882 1755 937 1798 nos
955 1736 1034 1800 nolle
1056 1735 1168 1816 aliquid
1190 1737 1290 1797 dicere
1313 1744 1463 1798 ettamen
1486 1735 1609 1806 dicimus,

331 1840 416 1921 [quiid
438 1858 601 1902 memorem
623 1839 760 1901 infandas
781 1839 904 1910 caedes,
928 1839 1000 1920 quid
1014 1841 1090 1902 lacta
1106 1841 1224 1919 tyranni
1247 1839 1370 1918 ellerai]
1392 1847 1427 1899 ut
1448 1839 1518 1919 quiid
1539 1857 1610 1900 cnm·
1714 1898 1715 1911 ἢ

329 1962 492 2005 memorem
520 1941 599 2005 illius
621 1941 740 2012 caedes,
764 1940 834 2020 quid
856 1943 933 2004 lacta
956 1942 1065 2002 ellerai
1098 1959 1227 2020 namque
1254 1940 1396 2021 iungebat
1417 1949 1532 2002 mortua
1554 1960 1611 2002 cor·

329 2064 403 2126 pora
435 2047 507 2106 vivis
539 2043 717 2104 hominibus.
763 2051 924 2122 negaverat
955 2063 988 2105 se
1022 2043 1122 2105 dicere
1154 2055 1185 2104 et
1212 2043 1286 2104 dixit
1312 2052 1420 2105 tamen.
1466 2063 1536 2105 ecce
1562 2044 1612 2104 hoc
1622 2057 1641 2096 15

328 2147 447 2210 schema
481 2148 511 2208 in
540 2165 630 2208 sensu
658 2155 715 2216 est,
744 2148 841 2208 ‘uam
869 2145 934 2206 illa
963 2148 1074 2207 nimis
1102 2147 1253 2225 antiqua
1281 2154 1495 2225 praetereo,
1524 2145 1612 2224 quod

329 2234 513 2311 Serviliu's
540 2247 650 2311 hhala
676 2245 681 2328 Ι
712 2249 885 2329 Spurium
921 2246 1092 2310 Maelium
1125 2250 1231 2310 noris
1263 2248 1377 2309 rebus
1409 2246 1613 2309 studentem

329 2369 433 2414 manu
464 2370 526 2413 sua
561 2350 735 2412 occidit’:
770 2349 819 2410 illa
848 2351 967 2430 quidem
996 2352 1118 2428 antiqua
1145 2358 1314 2428 praetereo,
1343 2357 1374 2411 et
1401 2349 1494 2412 nibblo
1522 2353 1613 2410 minus

329 2453 410 2516 dixit.
454 2453 511 2515 hoc
538 2452 657 2514 schema
684 2455 715 2514 in
741 2471 833 2514 sensu
856 2461 916 2524 est,
945 2453 1002 2514 hoc
1024 2453 1061 2514 ad
1084 2459 1218 2514 oratores
1239 2454 1376 2532 pertinet
1421 2451 1499 2532 quod
1521 2459 1614 2512 autem

329 2555 365 2616 ad
388 2556 595 2634 grammaticos
617 2557 760 2635 pertinet,
783 2553 842 2615 hnc
864 2563 923 2626 est,
1624 2566 1645 2605 το

481 2659 689 2736 Troiugena
712 2659 906 2736 interpres
928 2657 1061 2730 dirum,
1086 2659 1149 2737 qui
1172 2659 1318 2719 numina
1340 2655 1492 2727 Phoebi,

481 2762 544 2841 qui
566 2757 750 2841 tripodas,
775 2759 875 2823 Clari
897 2758 1043 2831 lauruS,
1068 2762 1128 2843 qui
1149 2760 1271 2822 sidera
1294 2760 1425 2822 sentis.

308 2884 400 2935 ,ecee
422 2882 481 2926 uuo
504 2862 595 2925 verbo
618 2864 710 2924 sentis
733 2862 878 2925 conclusit
898 2862 948 2924 illa
970 2865 1069 2925 omnia
1091 2865 1262 2944 superiora,
1292 2865 1342 2943 qui
1363 2864 1485 2924 numina
1506 2861 1615 2923 Phoebi

329 2968 435 3039 sentis,
469 2968 522 3047 qui
549 2965 695 3047 tripodas,
725 2964 804 3027 Clari
831 2965 947 3034 laurus;
982 2985 1019 3027 en
1046 2984 1107 3027 uno
1136 2964 1226 3025 verbo
1252 2964 1290 3026 ad
1322 2974 1431 3027 cuncta
1457 2966 1616 3046 respondit.

329 3088 400 3130 ecce
422 3068 479 3130 hob
501 3068 566 3131 loeo
590 3086 649 3129 uon
673 3077 716 3129 est
736 3087 855 3140 sensus,
884 3068 936 3129 sed
960 3067 1042 3129 verbi
1063 3068 1251 3146 significatio,
1281 3066 1359 3147 quod
1381 3066 1504 3128 verbum
1527 3068 1649 3129 neten-s

329 3180 378 3233 tur
401 3171 437 3233 ad
459 3169 634 3241 clausulam,
659 3170 694 3231 ad
719 3172 873 3251 superiora
896 3176 1049 3231 commata.
1081 3187 1153 3248 ergo
1174 3188 1263 3231 onrne
1278 3168 1397 3230 schema
1413 3179 1465 3231 aut
1486 3172 1517 3231 in
1532 3189 1618 3231 sensui

329 3274 362 3335 m
384 3281 433 3334 aut
455 3274 486 3333 in
509 3270 621 3341 verbis;
652 3274 705 3333 sed
728 3290 803 3353 quae
831 3272 906 3332 fiunt
931 3274 962 3332 in
984 3272 1127 3333 sensibus.
1143 3272 1179 3333 ad
1202 3279 1336 3333 oratores
1358 3274 1522 3351 pertinent,
1547 3292 1619 3353 quae

329 3378 404 3437 hunt
424 3376 455 3436 in
478 3373 575 3435 verbis
598 3373 634 3435 ad
657 3376 863 3453 grammaticos
885 3376 1045 3454 pertinent.
1084 3374 1134 3435 illa
1157 3392 1233 3453 quae
1255 3375 1328 3436 fiunt
1348 3376 1379 3434 in
1402 3373 1538 3435 sensibus
1560 3373 1618 3435 dia·

329 3496 422 3539 noeac
449 3476 601 3547 dicuntur,
631 3493 705 3554 quae
733 3476 807 3538 fiunt
834 3478 866 3536 in
895 3475 993 3537 verbis
1021 3476 1159 3537 dicuntur
1185 3476 1296 3538 lexeos.
1343 3494 1508 3555 quaecum
1531 3474 1619 3537 multa

328 3582 401 3649 sint,
430 3586 460 3640 et
486 3598 519 3639 re
547 3596 615 3639 vera
643 3584 704 3639 tres
730 3577 799 3640 libri
829 3586 900 3640 sunt
920 3580 1119 3658 ingentissimi
1141 3579 1179 3640 de
1200 3579 1257 3641 hac
1277 3598 1326 3649 re,
1350 3580 1471 3640 interim
1494 3577 1653 3658 exemptio

329 3700 418 3743 causa
446 3680 521 3741 haec
546 3679 788 3758 frequentissima
816 3690 898 3751 sunt,
930 3698 1006 3759 quae
1034 3680 1176 3742 dicemus.
1220 3689 1290 3741 sunt
1322 3688 1421 3741 autem
1451 3678 1525 3741 haec
1557 3680 1622 3759 ipsa

328 3784 431 3845 decem
460 3789 489 3843 et
517 3790 644 3861 septem,
679 3780 857 3864 prolempsis
885 3801 1007 3861 zeugma
1035 3783 1216 3863 hypozeuxis
1249 3782 1415 3863 syllempsis
1442 3781 1622 3862 anadiplosis

328 3884 479 3965 anaphora
507 3883 721 3973 epanalempsis
749 3887 899 3965 epizeuxis
933 3887 1152 3965 paronomasia,
1188 3885 1300 3947 schesis
1327 3893 1503 3954 onomaton,
1533 3902 1622 3965 paro·

328 4005 435 4048 mocon
471 3986 731 4047 homoeoteleuton
767 3986 1001 4067 homoeoptoton
1038 3987 1212 4068 polyptoton
1252 3986 1365 4048 hirmos
1407 3985 1622 4068 polysyndeton

328 4088 467 4171 dialyton.
1634 4103 1657 4144 ae

398 4259 495 4324 iquld
513 4258 662 4327 memorem]
687 4260 994 4325 Veap.Aen.Vlll⁴183
1047 4260 1144 4311 laetiG
1212 4260 1245 4311 ta
1263 4259 1325 4322 quid
1343 4259 1443 4309 lectio
1477 4256 1481 4264 '
1511 4274 1625 4309 comme-

328 4345 424 4380 morem
443 4329 512 4379 illiua
530 4330 556 4379 P
572 4345 740 4381 commemoro
760 4330 827 4381 illius
845 4329 924 4381 BOS
1012 4332 1044 4381 14
1068 4345 1176 4393 namque
1205 4331 1327 4395 iungebat
1348 4345 1456 4395 corpora
1480 4346 1495 4380 e
1521 4332 1625 4394 iamque

329 4400 451 4467 iungebat
469 4414 575 4464 corpora
593 4399 762 4463 Bolamque
782 4409 880 4450 mortua
900 4402 1021 4467 iungebat
1039 4416 1145 4465 corpora
1163 4400 1184 4450 S
1201 4416 1260 4448 nnm
1280 4400 1403 4465 iungebat
1421 4415 1531 4465 corpora
1550 4402 1576 4450 P

331 4470 363 4521 16
380 4485 437 4519 nam
453 4470 495 4519 illa
513 4470 588 4520 ulmis
607 4468 687 4521 BSP
704 4484 762 4519 nam
781 4470 857 4520 nimis
879 4470 924 4519 illa
942 4470 975 4520 0:
996 4472 1047 4525 Gie.
1068 4473 1093 4519 in
1112 4471 1185 4519 Catil.
1204 4471 1213 4518 l
1234 4470 1290 4530 1‚2
1361 4484 1476 4533 quaeque
1499 4470 1624 4520 seruilius

328 4540 387 4590 hala
401 4540 516 4605 spurium
535 4540 653 4591 maelium
666 4540 691 4590 B
703 4555 834 4603 quaequae
850 4541 969 4591 seruilius
985 4540 1058 4591 bulas
1073 4542 1177 4604 spurius
1191 4542 1291 4589 milium
1309 4540 1425 4600 (melium
1436 4540 1462 4597 c)
1474 4540 1495 4590 Ο
1505 4556 1625 4603 quaeque

330 4609 450 4659 seruilius
468 4609 546 4659 ‚halus
568 4612 669 4675 pnrlum
694 4610 796 4660 melium
815 4608 836 4658 S
853 4625 944 4673 quaeq,
964 4611 1095 4660 scurrilium
1115 4611 1178 4662 alas.
1198 4611 1309 4675 purium.
1329 4609 1460 4659 aeliumP
1512 4610 1548 4661 21
1564 4610 1626 4658 Tro·

329 4677 433 4744 ingena]
457 4680 536 4744 Verp.
557 4680 621 4735 Aen.
644 4680 749 4733 111359
818 4681 853 4729 22
868 4679 954 4729 laurus
972 4680 1053 4731 BSP
1071 4680 1190 4731 laurosG
1258 4680 1350 4729 aedera
1369 4678 1420 4727 ΟΡ
1488 4680 1524 4729 24
1544 4679 1626 4728 sentis

326 4750 468 4814 posteriore
485 4750 540 4803 loce
557 4767 603 4801 orn.
624 4751 644 4803 Ο
713 4751 799 4800 laturus
817 4747 869 4799 BS
887 4750 973 4801 lauros
993 4751 1042 4801 GP
1109 4751 1144 4801 28
1157 4751 1201 4800 illa
1216 4764 1281 4813 quae
1297 4766 1312 4798 e
1330 4750 1390 4799 illae
1405 4764 1471 4812 quae
1482 4748 1565 4800 Bos
1584 4749 1627 4797 illa

330 4828 440 4869 scemata
458 4835 523 4881 quae
540 4820 566 4869 P
633 4820 667 4871 29
691 4836 755 4884 quae
779 4836 835 4869 eum
859 4820 939 4870 multe
963 4821 1014 4869 sint
1032 4818 1104 4885 (sunt
1125 4836 1195 4876 corr.
1216 4820 1268 4870 sint
1286 4820 1318 4883 Ο)
1337 4819 1466 4871 schemata
1483 4828 1508 4869 et
1533 4832 1628 4869 reuera

330 4888 409 4941 BOS
425 4904 490 4953 quac
506 4904 562 4938 euru
579 4890 657 4939 multa
676 4900 700 4941 et
719 4906 745 4939 re
762 4889 859 4941 tnereP
