3525 5600
316 379 380 446 274
886 382 1041 446 runrmr

342 492 466 543 paea-sa
480 490 528 531 ε,

318 572 396 632 enim
424 570 511 631 talem
542 569 690 650 regulam,
719 571 815 630 omvris
842 588 912 649 pars
940 572 1083 632 orationis
1111 589 1176 631 cum
1205 573 1328 632 desierit
1355 587 1421 630 esse
1448 567 1528 648 quod
1551 580 1597 640 est,

318 672 389 733 nibil
413 681 460 734 est
481 672 559 734 aliud
588 673 643 732 nisi
667 671 849 733 adverbium.
895 689 966 749 ergo
989 691 1056 734 curn
1085 671 1208 735 desierit
1229 693 1295 736 esse
1318 673 1516 754 praepositio,
1538 673 1596 751 quid

316 774 407 835 babet
429 793 493 834 esse
514 775 572 834 nisi
594 773 783 836 adverbium?
806 775 851 834 lac
874 791 946 851 ergo
969 781 1000 834 ut
1022 776 1061 835 sit
1083 774 1264 836 adverbium.
1310 777 1335 836 si
1358 784 1403 834 est
1424 772 1596 842 adverbium.

317 875 409 936 multo
432 877 530 936 minus
552 876 648 954 iungis
670 875 932 956 praepositionem.
963 893 1030 936 nam
1046 874 1172 954 legimus
1194 879 1444 957 praepositionem
1466 874 1596 936 adverbio

317 996 376 1048 nou
405 979 496 1056 iungi.
542 976 684 1056 numquid
712 995 833 1055 possum
861 975 962 1038 dicere
989 976 1045 1038 ‘de
1072 982 1177 1038 maue’
1207 985 1237 1038 et
1264 976 1390 1038 similia?
1427 995 1500 1056 ergo
1523 979 1616 1038 istane

317 1081 568 1159 praepositionem
592 1077 733 1140 adverbio
756 1097 816 1140 non
839 1098 999 1160 possumus
1020 1081 1153 1158 iungere.
1191 1098 1262 1160 ergo
1285 1099 1345 1140 non
1369 1078 1463 1140 debeo
1487 1082 1599 1158 iungere

269 1247 286 1268 x
316 1183 567 1262 praepositionem
590 1183 805 1262 praepositioni
826 1192 951 1262 propter
972 1181 1052 1242 illam
1075 1181 1208 1260 regulam
1231 1199 1319 1260 quam
1342 1182 1457 1251 dicunt,
1482 1200 1598 1261 praepo-

318 1286 440 1346 sitiones
469 1283 472 1364 l
504 1285 581 1344 inter
610 1303 641 1344 se
672 1303 729 1344 non
761 1281 932 1345 cohaerere.
978 1285 1036 1344 iam
1066 1293 1098 1346 ut
1124 1285 1161 1344 sit
1188 1283 1376 1353 adverbium,
1400 1282 1493 1344 multo
1514 1285 1598 1344 minin

318 1384 412 1448 debeo
434 1387 574 1464 iungere,
598 1386 735 1465 quoniam
759 1385 898 1446 adverbio
920 1387 1102 1467 praepositio
1124 1405 1184 1448 uon
1206 1388 1350 1464 iungitur.
1379 1384 1418 1444 ob
1440 1385 1519 1445 banc
1539 1403 1598 1446 can-

318 1506 394 1558 sam,
420 1489 558 1565 qnoniam
582 1505 638 1548 nec
659 1485 732 1548 illud
756 1505 811 1548 nec
834 1486 905 1548 illud
927 1506 1031 1550 verum
1055 1495 1114 1555 est,
1136 1496 1295 1570 utrumqne
1318 1489 1470 1567 accipitur.
1518 1485 1629 1546 habe-n

318 1609 385 1651 mus
413 1591 492 1650 enim
519 1587 577 1649 hoc
604 1591 635 1648 in
664 1590 742 1649 iure:
772 1590 803 1649 iu
831 1589 982 1670 plerisque
1011 1589 1139 1670 regulis,
1168 1591 1219 1653 ubi
1246 1609 1342 1670 neque
1369 1588 1418 1650 illa
1439 1590 1600 1650 firmissima
1708 1622 1709 1663 3

319 1701 378 1762 est,
408 1709 505 1771 neque
534 1690 583 1750 illa
611 1692 778 1751 firmissima
808 1699 867 1762 est,
898 1693 1015 1772 utrique
1043 1695 1258 1762 conscotinum
1287 1693 1424 1772 quomam
1453 1709 1512 1751 nec
1535 1687 1600 1750 illud
1708 1760 1709 1769 χ

319 1793 521 1855 iirrnissimum
546 1802 605 1862 est,
630 1810 686 1853 nec
708 1792 779 1853 illud
803 1794 1005 1856 firmissimum
1028 1803 1086 1866 est,
1116 1796 1156 1854 ita
1178 1796 1212 1855 nt
1231 1801 1265 1855 ut
1286 1793 1462 1855 defendatur
1484 1801 1601 1872 utraque
1708 1784 1709 1829 ἶ

319 1913 398 1975 pars.
442 1913 509 1956 nam
539 1894 661 1956 ostendo
690 1893 743 1955 tibi
772 1901 801 1954 et
828 1898 1079 1976 praepositionem
1109 1893 1323 1976 praepositioni
1350 1913 1437 1976 posse
1459 1897 1600 1975 coniungi,

208 2015 213 2026 ‘
321 2005 351 2058 et
373 1996 545 2060 adverbium
568 1997 781 2076 praepositioni
803 2015 891 2076 posse
914 1999 1069 2076 coniungi,
1099 2015 1157 2058 non
1181 1999 1319 2075 quoniam
1344 2015 1445 2058 verum
1468 2005 1528 2067 est,
1555 1997 1602 2057 sed
1614 2013 1634 2052 o

320 2102 459 2179 quoniam
481 2103 641 2178 utrumque
664 2099 779 2160 firmum
797 2117 855 2159 non
879 2105 937 2184 est,
961 2119 1017 2160 nec
1038 2099 1110 2161 illud
1131 2117 1187 2160 nec
1208 2100 1294 2170 illud,
1316 2105 1348 2159 ut
1369 2100 1408 2158 sit
1429 2097 1521 2161 altera
1542 2117 1604 2178 pars

320 2203 442 2263 firmior.
488 2219 555 2263 nam
584 2201 834 2280 praepositionem
862 2203 1076 2281 praepositioni
1103 2219 1191 2281 posse
1226 2201 1367 2278 coniungi
1398 2199 1448 2262 illa
1482 2200 1605 2261 elocutio
1709 2184 1710 2259 l

320 2304 422 2373 docet,
453 2305 661 2364 circumcirca:
689 2302 779 2384 paulo
807 2310 876 2383 post
902 2302 972 2364 dicit
999 2302 1085 2370 illud.
1115 2303 1165 2363 uid
1187 2302 1258 2364 dicit
1279 2303 1427 2381 ‘iungitur
1448 2301 1555 2370 verbo,
1576 2310 1606 2360 ut

319 2408 444 2486 incipio,
468 2406 598 2483 iungitur
621 2405 791 2485 participio,
815 2405 916 2465 itidem
940 2405 1070 2483 iungitur
1092 2405 1148 2465 sibi
1171 2407 1250 2484 ipsa,
1272 2411 1304 2464 ut
1326 2411 1371 2464 est
1391 2405 1606 2464 circumcirca’.
1709 2406 1710 2451 ἶ

319 2526 390 2588 ergo
419 2511 443 2570 si
471 2509 603 2585 iungitur
632 2505 687 2568 sibi
716 2507 793 2586 ipsa,
823 2508 1030 2577 circumcirca,
1059 2509 1133 2567 iuste
1154 2506 1280 2567 dicimus
1301 2508 1395 2585 ipsam
1417 2505 1637 2586 praepositio-so

319 2629 401 2686 nem,
427 2610 567 2687 adusque.
613 2608 664 2670 sed
688 2609 765 2670 forte
788 2608 882 2679 dieas,
913 2609 982 2670 nolo
1004 2607 1104 2669 dicere
1125 2609 1376 2687 praepositionem
1399 2607 1608 2688 praepositioni

318 2715 526 2781 coniunctam,
556 2710 607 2772 sed
637 2708 702 2770 volo
731 2711 830 2772 dicere
860 2730 926 2772 esse
954 2711 1202 2791 praepositionem
1227 2709 1366 2770 adverbio
1390 2711 1536 2778 iunctam
1556 2707 1606 2770 sed

317 2815 367 2877 illa
397 2816 476 2895 lege,
505 2822 538 2875 ut
565 2832 620 2894 pro
648 2832 706 2875 una
734 2824 818 2893 parte
846 2816 900 2883 sit,
929 2832 1016 2893 quem
1046 2813 1081 2873 ad
1105 2812 1225 2874 modum
1248 2812 1373 2874 dicimus
1395 2812 1512 2874 deinde.
1555 2814 1607 2873 ista
1710 2805 1711 2880 l

321 2916 458 2979 adverbia
482 2924 551 2978 sunt
572 2918 671 2976 iuncta
694 2916 924 2996 praepositioni,
947 2916 998 2977 sed
1021 2916 1061 2975 ita
1083 2921 1151 2977 sunt
1173 2914 1313 2976 adverbia
1336 2917 1435 2976 iuncta
1458 2916 1607 2995 praeposi·

319 3022 408 3089 tioni,
432 3029 464 3079 ιιι
486 3036 544 3079 non
568 3036 622 3098 pro
645 3017 760 3079 duabus
782 3018 915 3098 partibus
937 3020 1011 3088 sint,
1034 3016 1085 3079 sed
1101 3036 1156 3097 pro
1171 3036 1229 3079 una
1251 3027 1336 3097 parte
1358 3018 1509 3080 orationis.
1538 3032 1641 3094 ergon
1710 3013 1711 3094 ᾖ

320 3139 508 3203 quacumque
531 3122 644 3182 ratione
667 3122 764 3201 possis
786 3120 862 3181 hanc
885 3120 1081 3181 elocutionem
1104 3119 1215 3180 dicere.
1260 3122 1285 3181 si
1309 3119 1313 3201 Ι
1338 3122 1380 3180 vis
1402 3119 1503 3181 dicere
1523 3136 1607 3199 prac-

319 3226 511 3303 positionem,
547 3220 639 3283 babes
668 3221 836 3303 exemplum
866 3224 1078 3284 circumcirca:
1115 3223 1159 3281 sic
1186 3222 1252 3283 dico
1279 3222 1412 3300 adusque
1442 3222 1515 3283 duas
1543 3238 1609 3281 csse

319 3326 568 3406 praepositiones,
593 3324 732 3403 quemad
749 3324 869 3385 modum
892 3324 1084 3385 circumcirca
1107 3322 1184 3385 duae
1205 3333 1274 3385 suut
1295 3324 1531 3404 praepositiones
1552 3320 1608 3383 silvi

320 3429 504 3489 coniunctae.
550 3428 575 3487 si
603 3427 685 3489 dicas
714 3425 853 3489 adverbio
879 3428 1008 3487 iunctam
1036 3427 1304 3505 praepositionem,
1334 3428 1436 3504 irrogas
1459 3422 1607 3490 adverbio,

320 3538 352 3591 nt
379 3532 421 3591 sic
449 3528 641 3600 cohaereant,
670 3536 703 3591 ut
730 3548 818 3590 unam
850 3537 963 3609 partem
991 3529 1109 3589 iaciant
1154 3527 1212 3587 boc
1238 3529 1403 3607 quaesitum
1430 3537 1475 3588 est
1501 3528 1532 3588 in
1554 3527 1643 3587 ouo

318 3632 550 3712 praepositione.

200 3752 306 3814 mesta
406 3733 447 3794 lle
470 3732 602 3793 ablativis
624 3735 677 3793 ista
701 3742 746 3795 cst
767 3751 842 3811 quae
864 3736 895 3793 in
918 3734 1121 3813 quaestionem
1136 3735 1231 3803 venit,
1255 3751 1344 3811 quam
1365 3732 1500 3801 removit,
1523 3730 1612 3792 clam.

202 3821 305 3877 51⁷,30
320 3853 440 3915 semper
463 3835 592 3895 Donatus
614 3832 689 3895 clam
712 3842 854 3913 conputat
880 3838 960 3896 inter
986 3833 1127 3895 ablativus
1148 3837 1382 3915 praepositiones
1405 3832 1458 3914 [de
1479 3831 1612 3895 ablativis

319 3946 389 3999 sunt
411 3940 485 3997 istae
508 3936 597 4010 divae,
622 3954 696 4016 quae
719 3937 750 3997 in
773 3938 977 4013 quaestionem
1000 3938 1137 4006 veniunt,
1167 3936 1243 3998 clam
1265 3946 1294 3997 et
1315 3930 1428 4019 tenus];
1452 3944 1482 3997 ct
1501 3937 1532 3996 iu
1554 3932 1610 3996 alia

319 4047 404 4119 parte
427 4040 498 4099 artis
521 4038 577 4098 boc
599 4038 683 4109 lecit,
714 4038 814 4099 ethic
842 4037 1000 4100 fecithoc.
1045 4037 1119 4100 clam
1145 4038 1204 4100 vult
1225 4046 1369 4100 remotam
1392 4056 1458 4099 esse
1479 4038 1647 4098 omninno

390 4244 403 4293 l
424 4244 566 4307 essequod
590 4250 656 4293 esset
671 4242 727 4293 AB
813 4246 828 4294 4
849 4242 928 4292 multo
948 4244 1032 4293 minus
1052 4256 1102 4291 nou
1121 4242 1207 4309 inagis
1226 4242 1311 4295 ABG
1394 4244 1411 4294 8
1429 4242 1610 4292 multominus

320 4314 400 4365 debeo
418 4326 468 4362 uon
484 4314 590 4378 iungere
608 4312 690 4363 ΑΒΘ
760 4312 793 4364 16
812 4322 947 4376 utrumque
965 4313 1091 4363 infirmnm
1111 4327 1161 4363 uon
1180 4321 1218 4362 est
1237 4328 1284 4362 nec
1302 4312 1365 4364 illud
1385 4324 1411 4363 nt
1425 4314 1459 4362 sit
1477 4310 1562 4362 ΑΒΘ

322 4381 354 4435 19
373 4382 459 4433 itidem
473 4382 588 4449 iungitur
606 4384 654 4432 sibi
673 4384 744 4447 ipsae
759 4383 812 4433 ΒΘ
823 4383 910 4433 itidem
931 4384 1068 4449 iunguntur
1086 4382 1136 4431 sibi
1154 4384 1226 4447 ipsae
1242 4383 1267 4433 Α
1320 4386 1354 4433 24
1371 4382 1417 4433 sed
1433 4384 1484 4431 ista
1499 4382 1523 4432 B
1537 4394 1610 4433 corr.

319 4454 366 4503 sed
385 4454 420 4502 its
437 4453 464 4503 b:
480 4454 526 4503 sed
544 4452 578 4502 ita
598 4480 630 4489 -
647 4452 827 4518 praepositioni
848 4467 895 4502 om.
912 4452 948 4517 A,
965 4454 1027 4507 add.
1047 4468 1065 4501 a
1151 4450 1185 4504 33
1204 4468 1306 4517 semper
1323 4452 1483 4502 Donatus-
1500 4464 1612 4517 praepo·

320 4524 427 4573 sitiones
444 4532 470 4574 et
486 4522 518 4574 34
537 4532 563 4570 et
581 4524 606 4572 in
626 4522 676 4571 alis
694 4532 765 4587 parte
786 4548 819 4559 -
840 4522 965 4573 fecithoc
987 4537 1016 4572 eo
1034 4524 1176 4585 pertinent,
1195 4524 1263 4587 qnod
1278 4524 1304 4572 in
1323 4530 1430 4588 utraqu
1448 4530 1501 4572 arte
1515 4522 1613 4570 Donati

320 4592 384 4642 clam
407 4595 564 4656 praepositio
590 4595 656 4642 inter
676 4592 802 4643 ablativos
824 4594 1027 4657 praepositiones
1048 4599 1183 4655 conputata
1207 4602 1253 4645 est.
1290 4592 1347 4642 binc
1369 4594 1481 4656 adparet
1495 4606 1525 4641 ea
1544 4604 1614 4655 quae

319 4665 472 4726 interposita
489 4670 560 4715 sant.
579 4663 610 4712 dc
629 4662 747 4713 ablativis
765 4690 800 4699 -
817 4674 900 4722 tenus,
915 4669 1006 4727 postea
1023 4664 1157 4725 prompta
1173 4678 1238 4712 esse.
1269 4664 1337 4727 quod
1352 4671 1435 4713 autem
1450 4662 1511 4711 clam
1525 4675 1613 4721 prae·

318 4734 464 4796 positionem
481 4742 600 4783 remotum
617 4748 674 4783 esse
689 4732 751 4784 dicit
766 4734 906 4795 Ponrpeius,
923 4746 972 4783 non
986 4732 1023 4780 ad
1035 4732 1167 4791 Donatista,
1185 4732 1233 4782 sed
1244 4733 1280 4781 ad
1292 4748 1376 4784 canan
1393 4732 1553 4795 reserandam
1572 4738 1615 4781 est

320 4804 478 4863 sententiam,
499 4805 541 4867 qui
558 4818 611 4853 earn
626 4818 676 4865 pro
692 4802 810 4853 adradis
828 4802 968 4853 babendum
984 4816 1041 4852 esse
1067 4805 1210 4855 calami:
1231 4804 1267 4863 cf.
1286 4804 1361 4869 Serp.
1379 4806 1482 4867 explan
1499 4802 1524 4849 ia
1539 4802 1612 4851 oon.

319 4888 347 4939 p·
366 4872 426 4937 561,
444 4871 477 4922 27
496 4872 624 4923 Priscian.
642 4874 661 4925 l.
676 4872 746 4921 Xliil
762 4890 789 4938 p.
809 4872 851 4935 ol,
869 4873 901 4924 15
948 4870 982 4924 34
1001 4882 1027 4923 ει
1039 4881 1114 4924 tenos
1131 4886 1178 4923 on.
1197 4873 1280 4924 ABG
