3525 5600
657 409 894 472 COMMENTVM
1366 407 1426 470 159

1242 519 1365 570 pree-rr
1381 516 1401 556 t.

155 606 178 662 in
203 618 280 662 usum
307 606 466 666 venerunt,
495 598 614 675 (litando
642 598 746 660 dicunt
773 600 888 660 ‘Aenea
917 599 1105 658 fortissime'.
1145 599 1171 657 si
1199 596 1278 656 (iiras
1310 577 1437 657 ‘tenea'

153 704 320 771 fortissime',
343 718 403 760 non
426 699 518 760 habet
546 703 707 770 rationem,
737 702 794 760 nisi
822 701 965 777 adiungas
992 699 1078 768 alios,
1108 698 1215 779 quibus
1238 699 1336 778 possis
1359 716 1426 758 eum

152 806 299 885 praeferre:
327 809 398 882 puto
427 804 451 861 si
479 801 562 862 dicas
584 805 697 865 ‘Aenea
721 805 880 864 fortissime
902 803 1128 872 'froianorum’,
1152 801 1240 862 modo
1261 808 1319 860 stat
1340 799 1427 879 piena

152 908 271 967 docutio.
316 906 342 965 si
370 912 468 964 autem
497 904 578 964 dicas
606 907 722 966 ‘Aenea
750 906 941 974 fortissime',
969 922 1029 964 non
1056 902 1145 964 stabit
1172 902 1258 982 piena
1290 901 1425 962 elocutio.

133 1011 218 1069 sumto
237 1008 291 1068 hoc
312 1005 488 1084 probamus,
512 1009 652 1086 quoniam
674 1009 716 1067 ita
741 1006 830 1090 debet
851 1006 927 1067 dicit
955 1006 992 1066 de
1014 1007 1203 1084 conparatiro
1225 1003 1275 1065 iiio
1299 1004 1344 1064 foc
1366 1003 1426 1063 efo-

151 1113 300 1178 cutionem,
323 1115 353 1168 et
375 1109 459 1178 ride,
482 1110 507 1169 si
528 1115 595 1169 stat.
629 1109 762 1170 ‘deneas
783 1110 916 1177 fortior',
941 1107 1083 1186 numquid
1108 1114 1204 1187 potest
1225 1107 1289 1166 e'sse
1312 1104 1426 1185 aliquis,

152 1214 191 1290 ιμιι
211 1210 262 1271 froc
283 1209 378 1270 dicati
408 1211 460 1270 sed
483 1211 564 1272 dicat
586 1213 719 1272 ‘Aeneas
741 1211 848 1271 fortior
869 1210 1034 1270 Troianis’.
1079 1210 1104 1269 si
1128 1227 1200 1286 ergo
1222 1209 1448 1287 conparatirus

152 1315 229 1390 exigit
248 1330 406 1392 personas,
430 1313 539 1390 quibus
561 1321 755 1392 conparetur,
779 1319 891 1392 quanto
913 1316 1009 1386 mopis
1031 1309 1225 1390 superlativus
1248 1311 1337 1388 exigit
1360 1329 1427 1389 per·

152 1433 239 1484 serras,
273 1414 378 1493 quibus
411 1417 629 1495 praeponatur?
664 1433 735 1492 ergo
764 1415 846 1474 vides
874 1415 943 1493 quia
972 1431 1030 1473 non
1059 1431 1215 1492 possumus
1243 1413 1283 1471 ita
1316 1411 1425 1472 (ficere.

125 1528 236 1577 otamen
262 1517 378 1577 inventa
405 1524 449 1577 εει
477 1517 612 1578 defensio
639 1525 743 1577 contra
771 1517 955 1586 honorem,
979 1516 1087 1594 optima
1111 1513 1230 1591 quidem
1253 1522 1282 1574 et
1304 1512 1426 1596 caf'fida,

152 1618 193 1677 sed
213 1619 303 1678 minus
326 1617 424 1697 piena.
452 1618 554 1678 dicunt
575 1618 648 1677 froc:
672 1619 789 1696 quando
805 1618 872 1678 dico
894 1619 1010 1678 ‘Aenea
1027 1617 1185 1677 fortissime
1201 1613 1397 1676 Troianorum
1407 1621 1426 1684 ',

152 1721 230 1779 doceo
261 1739 326 1780 eum
360 1720 552 1780 fortissimum
587 1739 652 1780 esse
673 1720 886 1796 Troianorum:
920 1721 945 1779 si
973 1727 1072 1778 autem
1103 1716 1197 1779 seium
1232 1717 1287 1777 froc
1320 1717 1425 1784 dicam,

152 1824 248 1881 ‘tenea
279 1820 469 1891 fortissims’,
502 1823 613 1900 incipio
647 1821 748 1882 dicere
774 1823 872 1882 Aenea
906 1823 1065 1881 fortissime
1098 1822 1247 1887 omnium,
1280 1820 1338 1879 iam
1367 1838 1426 1880 non

152 1924 328 1984 Troianorum
352 1922 464 1992 sofum,
487 1924 540 1984 sed
564 1925 707 1984 omnium.
752 1933 797 1984 est
817 1923 937 2002 qtridem
960 1924 1036 1984 ratio
1060 1921 1151 1990 frona,
1176 1922 1226 1981 sed
1250 1921 1427 1982 contradit-i·

126 2036 191 2084 etur
219 2023 300 2084 nobis
331 2025 399 2101 quia
430 2026 628 2105 superlativus
654 2035 758 2086 nostro
785 2027 890 2102 generi
919 2044 973 2084 nos
1004 2025 1151 2104 praefert,
1182 2041 1241 2084 nou
1275 2033 1424 2084 extraneo.

153 2145 212 2203 ergo
231 2127 253 2186 si
276 2126 386 2187 dixeris
408 2129 523 2188 ‘Aenea
552 2129 742 2194 fortissime',
771 2145 892 2206 possum
920 2125 1094 2203 intellegere
1117 2125 1275 2186 fort'usime
1298 2128 1426 2186 Graeco·

154 2247 217 2287 rum.
258 2227 308 2288 sed
330 2246 520 2307 nequaquam
542 2229 600 2288 hoc
622 2231 812 2308 permittitur.
851 2229 922 2290 inde
944 2227 1058 2289 videtur
1081 2220 1139 2288 non
1163 2247 1228 2288 esse
1252 2229 1336 2287 ratio.
1383 2235 1428 2287 est

153 2329 254 2407 quidem
274 2329 404 2398 subtilis,
429 2348 488 2391 non
511 2339 609 2392 tamen
632 2349 715 2399 vera,
739 2332 879 2408 qtroniam
902 2330 999 2390 focum
1023 2330 1073 2389 dat
1094 2319 1267 2389 eafumniae.
1312 2347 1379 2389 nam
1403 2331 1428 2388 si

153 2439 189 2490 est
218 2429 284 2490 mitri
317 2430 435 2492 dicentia
474 2439 507 2492 ut
537 2433 707 2510 intellegam
740 2434 888 2502 omnium,
917 2447 989 2509 ergo
1024 2441 1053 2491 et
1081 2433 1271 2491 Graecorum.
1317 2430 1368 2492 sed
1402 2433 1427 2490 si
1526 2417 1529 2424 ’

124 2532 239 2592 adiuero
260 2533 457 2604 Graecorum,
481 2553 554 2611 ergo
576 2545 606 2594 et
626 2534 821 2614 superlativus
842 2533 976 2613 praefert
997 2552 1044 2594 me
1068 2542 1208 2594 extraneo
1230 2535 1335 2610 generi
1357 2551 1426 2592 cou-

153 2643 189 2694 tra
207 2642 303 2695 artem.
995 2653 998 2656 ·

649 2804 696 2851 DE
717 2804 915 2853 euuuutuvs

221 2909 335 2969 Tractat
364 2909 402 2969 de
423 2910 592 2989 generibus.
629 2912 721 2971 Varro
743 2912 785 2971 ait
806 2930 917 2989 genera
939 2898 1052 2972 tantum
1076 2909 1125 2971 iffa
1149 2929 1214 2971 esse
1236 2929 1312 2989 quae
1335 2929 1425 2988 gene·
1438 2948 1498 3007 407,
1511 2948 1544 2997 39

151 3018 217 3068 rant:
238 3009 284 3070 iffa
308 3014 431 3091 proprie
452 3012 592 3074 dicuntur
606 3030 726 3091 genera.
757 3012 863 3093 quodsi
885 3031 1044 3093 sequemur
1067 3014 1271 3073 auctoritatem
1296 3010 1300 3092 i
1324 3014 1425 3091 ipsius,
1438 3017 1497 3076 492,
1511 3016 1543 3065 37

123 3130 199 3171 enon
219 3123 302 3173 erunt
323 3131 434 3190 genera
457 3116 514 3175 nisi
537 3115 611 3185 duo,
635 3114 830 3176 masculinum
853 3125 883 3175 et
905 3115 1089 3176 femininum.
1120 3114 1199 3175 nulia
1222 3116 1301 3175 enim
1317 3133 1424 3193 genera

151 3232 238 3273 creare
263 3224 387 3294 possunt
414 3218 469 3276 nisi
496 3217 569 3277 haec
596 3218 666 3278 duo.
708 3215 759 3279 iffa
781 3235 851 3277 vcro
874 3216 931 3278 alia
953 3216 1073 3277 abusive
1095 3234 1207 3295 genera
1228 3220 1424 3289 nominantes,

150 3314 236 3393 idest
261 3317 381 3377 nomine
410 3326 522 3378 tanturn
551 3328 619 3380 sunt
646 3339 771 3399 genera,
800 3338 861 3379 non
888 3329 1004 3382 natura.
1048 3320 1118 3380 irinc
1145 3320 1292 3391 nascitur,
1323 3319 1352 3380 id
1383 3328 1427 3380 εει

151 3416 208 3475 hine
227 3419 376 3479 inventum
399 3430 459 3489 est,
488 3430 520 3481 ut
540 3420 699 3501 {possimus
726 3440 781 3481 nos
807 3440 963 3494 excusare,
988 3430 1035 3492 ut,
1059 3424 1324 3501 quotienscumque
1347 3424 1425 3483 circa

153 3535 245 3594 genera
272 3524 507 3599 peccaverimus,
537 3524 686 3585 excusatio
713 3526 765 3593 sit,
802 3542 861 3585 non
888 3526 1035 3603 inperitis.
1080 3532 1152 3604 putu
1179 3525 1204 3585 si
1231 3524 1325 3585 dicam
1353 3525 1426 3585 fraec

126 3623 250 3696 operies,
276 3642 399 3701 possum
426 3644 474 3685 me
502 3644 643 3687 excursare
672 3634 701 3686 et
728 3626 830 3688 dicere
858 3626 937 3705 quod
965 3626 1034 3686 ficet
1062 3626 1134 3685 mihi
1164 3626 1219 3685 troo
1247 3628 1356 3689 dicere.
1400 3629 1425 3686 si

153 3724 217 3783 enim
243 3724 381 3785 dicuntur
409 3746 517 3805 genera
547 3728 605 3788 duo
633 3748 698 3789 csse
726 3737 756 3788 et
778 3728 845 3788 ideo
868 3728 946 3788 dicta
968 3746 1092 3806 genera,
1116 3728 1154 3789 ab
1177 3748 1212 3788 eo
1234 3730 1313 3808 quod
1335 3748 1425 3807 gene-

153 3833 219 3893 rant,
244 3827 341 3905 paries
367 3836 467 3889 autem
495 3848 555 3890 non
581 3838 704 3908 generat
732 3849 788 3890 nec
810 3837 988 3908 generatur,
1010 3829 1081 3893 lieet
1102 3831 1174 3891 mihi
1196 3849 1252 3909 pro
1276 3830 1425 3891 voluntate

153 3942 206 3985 mea
225 3946 308 4006 quem
332 3929 368 3989 ad
392 3930 512 3991 modum
536 3931 655 3993 voluero
677 3932 786 3993 dicere.
818 3932 888 3993 hinc
910 3940 954 3993 est
977 3934 1063 3993 etiam
1086 3932 1159 3993 illud
1182 3932 1260 4011 quod
1283 3932 1425 3993 fraixcmus

154 4029 216 4105 apud
237 4039 387 4091 auctores:
411 4033 560 4112 Vergilius
580 4034 653 4093 dicit
673 4034 731 4095 aiio
753 4034 819 4094 foco
842 4034 892 4095 hic
914 4042 1030 4104 cortex,
1055 4032 1112 4095 aiio
1133 4034 1198 4094 foco
1221 4034 1294 4095 haec
1310 4044 1422 4112 cortex,

211 4216 222 4267 l
240 4220 264 4267 iu
283 4234 355 4269 usum
373 4231 498 4269 uenerunt
513 4224 536 4271 si
554 4222 624 4271 dicus
642 4238 721 4271 aenea
737 4221 876 4273 fortissime
895 4222 996 4285 quando
1018 4223 1105 4271 dieunt
1121 4237 1199 4271 aenea
1219 4222 1354 4272 fortissime
1374 4238 1423 4273 noo

155 4282 309 4339 habetABO
377 4290 491 4341 taenea
507 4293 597 4341 fortior
614 4293 639 4341 A
709 4294 842 4355 8qnsuto
861 4293 942 4357 magis
962 4292 1160 4344 Lindemannus:
1177 4294 1261 4358 magis
1279 4310 1325 4343 om.
1344 4293 1427 4343 Alte

209 4355 298 4425 dergo
314 4361 387 4410 uides
405 4363 465 4424 qnia
484 4376 533 4411 non
552 4377 689 4427 possumus
708 4365 742 4411 ita
760 4363 845 4413 dicere
863 4362 937 4411 eoa
954 4377 1015 4427 ergo
1102 4364 1126 4413 id
1144 4371 1183 4412 εει
1197 4366 1256 4427 qnia
1270 4378 1319 4413 non
1335 4378 1425 4429 possu-

1218 4440 1265 4470 csse

156 4488 200 4524 mus
211 4478 288 4529 dicere
304 4482 329 4531 A
401 4482 434 4533 14
451 4482 534 4534 notum
549 4484 595 4533 sed
614 4485 725 4534 omnium
743 4500 790 4537 om.
810 4485 851 4533 A:
866 4483 949 4532 sotum
965 4484 1026 4536 adri.
1041 4482 1075 4533 o*
1145 4484 1179 4535 '23
1193 4485 1237 4533 iffa
1255 4484 1358 4547 quaet)

157 4546 315 4611 finequemur
330 4551 389 4602 AB
411 4554 543 4617 sequimur
563 4555 604 4604 Cb
675 4554 710 4603 28
731 4554 860 4619 possimus
878 4553 924 4602 Ae
946 4568 1080 4618 possemus
1101 4554 1152 4604 BG
1221 4568 1267 4603 nos
1285 4554 1352 4605 Boe
1373 4570 1422 4606 uon

156 4613 196 4663 AC
235 4622 267 4670 29
282 4622 411 4671 excusatio
425 4634 529 4673 estnon
544 4625 636 4688 peritia
650 4626 734 4674 ΑΒΟ
785 4624 818 4675 :tt
837 4624 905 4686 qrrod
924 4633 1047 4689 generant
1064 4626 1109 4675 Ga
1126 4625 1192 4687 quod
1213 4636 1335 4689 generent
1352 4642 1432 4677 corra

157 4697 210 4735 mut
224 4689 246 4736 B
262 4692 325 4753 qnod
341 4707 437 4756 genera
454 4704 515 4744 sunt
533 4694 557 4741 A
644 4695 679 4744 33
698 4694 757 4743 hine
775 4694 961 4744 Lindenmnaus
978 4693 1020 4742 frio
1036 4693 1122 4745 Aac·
1207 4696 1240 4744 ot
1260 4694 1301 4743 iric
1321 4694 1419 4763 cortex]

160 4754 222 4817 Vero.
232 4774 316 4825 georg.
337 4763 357 4809 ff
375 4764 409 4811 74
428 4779 478 4826 qua
496 4779 524 4812 se
542 4764 626 4814 medio
644 4766 748 4813 trudunt
761 4764 793 4813 de
811 4765 903 4813 cortice
920 4780 1047 4829 gemmae,
1067 4765 1131 4817 Aen.
1149 4766 1194 4812 fo
1211 4766 1264 4813 742
1283 4778 1372 4832 ruptus
1389 4769 1422 4815 de

157 4824 229 4941 :pppm
249 4840 344 4947 crumpat..
369 4831 436 4881 Aen.
458 4835 528 4883 Vftff
546 4835 596 4884 743
619 4836 651 4883 de
674 4836 767 4885 cortice
788 4836 867 4883 crudo
931 4836 994 4883 fasee
1018 4833 1115 4902 cortex]
1147 4836 1226 4901 Verg.
1243 4835 1324 4890 bucol.
1343 4837 1370 4901 6,
1388 4837 1423 4889 62

204 4910 239 4945 rae
254 4914 350 4949 corrcrs
