3525 5600
330 371 393 434 600
886 374 1066 438 ettennon

357 495 378 533 p.
394 485 452 524 emo.
468 480 529 525 ton.

331 583 367 623 ox
389 569 530 642 corrupto
552 569 582 621 et
604 563 720 639 integro
743 562 860 631 accedo,
885 583 920 623 on
945 563 1060 624 duobus
1082 565 1231 641 corruptis
1252 563 1376 641 occipio.
1421 565 1549 625 similiter
1569 562 1602 627 ἐκ

332 660 395 725 δύο
422 663 561 726 τελείων
581 659 769 743 συντρέχω,
804 660 843 725 ἐκ
864 664 996 724 τελείου
1018 660 1074 725 καὶ
1097 658 1337 736 ἀπολείποντος
1364 666 1552 744 προσκυνῶ,
1573 663 1603 739 ἐξ

331 761 572 838 ἀπολείποντος
593 762 650 826 καὶ
671 765 802 826 τελείου
824 761 1019 846 συμβάλλω,
1044 762 1081 827 ἐκ
1104 762 1167 826 δύο
1190 759 1444 827 ἀπολειπόντων
1458 765 1602 848 coppini.

331 877 401 929 sunt
421 867 565 947 quaedam
592 871 746 947 conposita
768 887 843 947 quae
866 887 926 927 non
949 875 1073 947 possunt
1094 869 1216 938 resolvi,
1246 878 1277 929 ut
1300 869 1429 947 suscipio
1451 869 1604 946 conplector

333 969 389 1051 [ita
405 971 482 1051 apud
504 971 573 1030 iilos
594 962 632 1030 τὸ
654 965 717 1058 μὲν
738 965 938 1049 συντρέχω].
977 978 1045 1030 sunt
1067 970 1144 1050 apud
1166 971 1294 1031 Graecos
1317 970 1443 1030 admissa
1464 979 1526 1050 post
1545 989 1627 1030 con-s

331 1075 523 1152 positionem,
552 1091 619 1133 curn
642 1080 743 1132 essent
764 1071 912 1149 simplicia
936 1091 993 1131 non
1017 1079 1153 1150 recepta:
1176 1073 1268 1152 νομώ
1292 1073 1366 1133 nihii
1390 1073 1545 1149 significat,
1569 1081 1606 1134 ta·

331 1195 399 1235 men
421 1171 588 1254 οίκονομω
611 1175 736 1242 dicitur;
759 1172 898 1233 similiter
921 1169 1012 1252 tiopoi
1036 1181 1065 1233 et
1087 1170 1231 1254 ἀομεύω,
1255 1171 1422 1254 οἰκοδομῶ
1445 1183 1475 1234 et
1495 1171 1603 1251 βυσσο-

332 1272 464 1357 δομεάω
486 1284 704 1355 conponuntur.
739 1277 780 1335 ita
803 1277 897 1335 iacior
920 1282 950 1333 et
972 1293 1063 1353 grego
1085 1295 1143 1336 non
1167 1277 1321 1346 dicuntur,
1346 1277 1486 1337 conficior
1508 1287 1605 1336 reroet

332 1380 445 1439 aiticior
468 1388 497 1438 et
519 1397 666 1456 congrego
689 1376 781 1456 probe
809 1377 959 1438 dicuntur.
1005 1379 1123 1456 utrique
1153 1377 1244 1438 verbo
1278 1377 1364 1438 binae
1389 1381 1607 1457 praepositiones

332 1484 509 1559 iunguntur:
526 1479 674 1540 ilomerus
699 1473 1088 1560 προπροκυλινδόμενος,
1107 1480 1256 1558 Vergilius
1277 1479 1386 1560 ‘petie
1410 1480 1605 1560 prosubigit
1619 1503 1637 1540 n

332 1585 498 1644 terrarn'.
544 1583 675 1642 latinitas
698 1583 846 1661 conpositi
880 1581 964 1642 veriti
987 1601 1074 1662 saepe
1098 1585 1224 1662 primam
1247 1582 1388 1662 syllabam
1412 1591 1512 1652 mutat,
1533 1592 1608 1642 teneo

332 1688 485 1753 contineo;
515 1702 603 1764 saepe
631 1703 690 1744 non
721 1691 831 1753 mutat,
861 1684 927 1762 lego
955 1685 1091 1763 neglego.
1141 1687 1172 1745 in
1200 1702 1308 1762 graeco
1340 1683 1432 1745 verbo
1465 1703 1607 1764 numquam

332 1791 427 1867 prima
456 1785 568 1866 syllaba
597 1784 710 1845 adiecta
752 1789 970 1865 praepositione
999 1786 1139 1856 violatur,
1173 1782 1289 1866 βάλλω
1319 1781 1516 1867 ἀμφιβάλλω
1546 1783 1609 1844 ocn-

331 1884 445 1967 βάλλω
468 1883 678 1966 καταβάλλω,
701 1880 771 1965 ἀνω
794 1885 931 1966 συνάγω
954 1885 1092 1968 προάμω
1116 1885 1232 1968 διάγω,
1256 1884 1349 1968 φέρω
1370 1883 1609 1966 προφέρωσιν-

333 1988 425 2069 φίρω
452 1982 630 2068 ἀναφέρω,
654 1985 740 2066 δέρω
765 1986 903 2068 ἐκδέρω,
932 1990 1021 2070 φιλοῖ
1044 1990 1229 2070 καταφιλοῐ.
1274 1990 1353 2051 ultro
1381 1991 1517 2070 equidem
1544 1992 1637 2050 intera

331 2099 446 2152 merato
461 2091 552 2152 verbo
567 2093 748 2171 praepositio
763 2111 850 2171 saepe
866 2095 1077 2172 corrumpitur,
1101 2089 1186 2172 λέγω
1204 2092 1206 2172 i
1224 2089 1388 2171 συλλέγω,
1409 2088 1521 2171 βάλλω
1535 2105 1606 2171 συμ-

331 2189 467 2272 βάλλω,
489 2189 594 2272 τρίχω
624 2188 779 2272 ἐκτρέχω.
825 2193 880 2253 hoc
904 2197 974 2255 item
1008 2197 1038 2255 in
1062 2195 1176 2263 latinis,
1206 2196 1269 2254 iero
1297 2195 1408 2254 eciero.
1454 2195 1565 2270 aniugio
1584 2203 1609 2251 et

333 2297 435 2356 antero
463 2315 478 2355 a
507 2297 726 2375 praepositione
754 2294 791 2354 ab
822 2302 1043 2375 conponuntur,
1079 2303 1109 2356 et
1136 2299 1167 2356 in
1197 2297 1244 2356 his
1278 2296 1349 2356 solis
1377 2295 1414 2356 ab
1436 2304 1562 2356 moretur
1582 2299 1607 2354 in

226 2416 273 2463 188
287 2415 317 2462 v.
332 2415 373 2458 αν
395 2405 516 2457 arictore
539 2399 699 2466 Cicerone,
728 2415 908 2476 sensumque
931 2397 1020 2458 habet
1042 2405 1206 2458 retrorsum
1230 2397 1377 2458 trahendi.
1422 2397 1552 2474 Nigidius
1572 2407 1607 2458 ta·

335 2519 402 2559 rnen
430 2506 514 2579 putat
541 2499 665 2559 vernum
693 2506 812 2559 autumo
834 2518 874 2561 ex
897 2500 1000 2560 eadem
1022 2502 1242 2580 praepositione
1265 2502 1402 2580 conponi,
1426 2501 1507 2578 quasi
1530 2499 1603 2558 abae·
1618 2517 1638 2555 st

334 2605 436 2670 stimo,
468 2603 546 2661 sicut
572 2600 734 2660 abnumero
762 2602 841 2662 idern
875 2611 920 2662 cst
947 2611 976 2662 et
1009 2620 1140 2663 numero.
1186 2609 1305 2662 autumo
1334 2619 1404 2662 vero
1437 2612 1467 2661 ct
1496 2601 1555 2662 dico
1582 2612 1609 2660 et

335 2723 442 2764 censeo
464 2704 621 2780 significat.
665 2721 770 2780 graeca
793 2702 899 2774 rerba,
923 2703 1040 2783 quando
1068 2712 1276 2784 conponuntur
1304 2723 1370 2764 cum
1394 2705 1607 2784 praepositione,

335 2808 462 2867 enrieienr
484 2812 638 2866 accentum
660 2807 725 2865 sine
748 2805 838 2866 dubio
861 2814 987 2876 servant,
1018 2802 1222 2887 καταγράφω
1245 2803 1416 2885 περιφέρω
1440 2800 1607 2885 ἀναγλάφω

333 2902 491 2989 ὑπομένω
519 2903 680 2985 ἀιατρέχω
708 2907 886 2967 καταλαλῶ
913 2908 1060 2989 προορω.
1106 2928 1172 2969 cnm
1201 2928 1271 2968 vero
1305 2911 1348 2969 eis
1374 2910 1432 2970 aiia
1460 2928 1528 2989 pars
1552 2928 1607 2967 ora·

334 3014 424 3072 tionis
447 3010 634 3087 adiungitur,
665 3009 751 3069 modo
772 3018 888 3069 nnrtant
910 3012 1054 3089 priorem,
1085 3011 1171 3071 morio
1198 3017 1319 3071 tuentur
1352 3020 1515 3071 accentum.
1555 3026 1638 3072 ser-n

334 3120 404 3173 rant
425 3115 455 3173 in
479 3112 535 3179 iris,
558 3110 617 3169 τίω
633 3102 723 3180 ἀτίω,
747 3105 838 3171 ὄσσω
854 3107 1022 3190 κακόσσω,
1047 3112 1124 3173 unde
1140 3108 1398 3192 κακοσσόμενος,
1422 3112 1525 3173 νίπτω
1544 3132 1608 3191 χερ-

334 3214 452 3293 νίπτω,
476 3214 554 3274 unde
576 3220 622 3272 est
644 3211 862 3292 ‘pepulissem
892 3206 924 3273 δ’
949 3212 1090 3291 ἑπειτα’,
1114 3214 1273 3293 κιθαρίζω
1301 3214 1547 3294 χοροκιθαρίζω,
1582 3218 1607 3273 in

334 3317 402 3378 aiiis
416 3322 540 3384 mutant,
555 3310 676 3393 μλύφω
692 3314 955 3394 καλαμογλυφῶ,
967 3310 1086 3395 γράφω
1099 3316 1324 3395 χειρογραφῶ,
1334 3312 1448 3377 σθένω
1460 3311 1608 3389 coctano,

335 3414 422 3498 σέβω
446 3410 587 3495 εάσεβω.
611 3418 709 3477 Latini
731 3417 872 3476 similiter
893 3426 1021 3485 servant,
1045 3436 1194 3497 praepono
1216 3436 1395 3497 praecurro:
1419 3426 1537 3489 metunt,
1558 3418 1608 3477 coi·

335 3522 394 3599 iigo
416 3507 518 3581 affero.
548 3519 625 3600 apud
647 3518 767 3579 Latinos
790 3519 869 3580 nulla
893 3522 1073 3599 praepositio
1095 3519 1233 3579 adiuncta
1255 3517 1348 3580 mutat
1376 3524 1607 3599 coniugationam.
1620 3534 1637 3571 :a

335 3624 430 3684 clamo
462 3621 584 3691 clamas,
614 3621 745 3682 declamo
773 3621 934 3691 declamas;
963 3622 1068 3683 Graeci
1091 3640 1150 3681 non
1173 3640 1333 3703 numquam
1361 3624 1392 3682 in
1421 3626 1607 3703 conpositione

336 3732 450 3785 mutant
472 3726 719 3801 coniugationent,
744 3722 836 3783 συλω
863 3723 981 3805 συλᾷς,
1005 3720 1170 3802 ἱεροσυλῶ
1193 3720 1390 3803 ἱεροσυλεῖς,
1413 3726 1496 3804 τιμω
1516 3724 1606 3805 τιμᾷς,

335 3820 440 3907 ἀτιμώ
463 3820 601 3905 ἀτιμοῑς,
624 3825 729 3903 πειρῶ
751 3826 879 3905 πειρᾷς,
905 3822 1052 3904 ἑμπειρω
1074 3820 1253 3905 ἐμπειρεῖς·
1278 3826 1348 3887 iicet
1370 3828 1432 3887 sint
1453 3830 1503 3906 qui
1524 3828 1606 3887 dicant

336 3929 408 3989 haec
431 3947 489 3988 non
512 3922 673 4005 σύνθετα,
696 3926 747 3986 sed
769 3922 1023 4006 παρασύνθετα,
1047 3927 1076 3987 id
1099 3936 1145 3987 est
1167 3946 1224 3988 non
1243 3930 1305 4008 ipsa
1328 3932 1491 4008 conposita,
1513 3929 1558 3989 sed
1577 3948 1605 3987 er

336 4030 498 4110 conpositis
521 4030 596 4089 iacta
619 4028 798 4097 nominibus,
822 4038 854 4088 ut
876 4024 1041 4109 teporata}
1064 4048 1123 4091 tion
1146 4024 1264 4089 sitriaco
1284 4030 1468 4110 τοῦσυλω,
1488 4022 1633 4091 εοάἀπόν

335 4131 398 4192 τοῦ
420 4126 594 4209 ἱερόσυλος
602 4176 611 4209 ,
634 4138 665 4191 et
686 4124 791 4211 ἀτιμώ
814 4149 871 4190 non
894 4124 959 4191 ἀπὸ
982 4131 1042 4192 τοῦ
1064 4130 1160 4211 τιμά,
1183 4131 1233 4191 sed
1257 4124 1322 4191 ἀπὸ
1349 4134 1411 4193 τοῦ
1441 4127 1562 4215 ἄτιμος,
1581 4140 1604 4189 et

337 4229 483 4313 ἐμπειρω
510 4252 568 4292 non
596 4224 662 4292 ἀπὸ
689 4232 750 4292 τοῦ
779 4232 897 4312 πειρῶ,
920 4233 971 4293 sed
994 4226 1142 4293 ἀπὸτοῦ
1165 4232 1329 4314 ἔμπειρος.
1374 4244 1405 4295 et
1427 4237 1498 4297 haec
1518 4242 1604 4294 rorant

405 4437 615 4503 ὃσιντρεχωΡ
663 4437 998 4502 8(11ι·οοιαίτοφαε1οοοΡ
1052 4436 1083 4488 10
1101 4436 1223 4486 Homeros
1244 4439 1282 4489 P:
1301 4437 1334 4493 ΙΙ,
1356 4438 1383 4490 Χ
1400 4441 1448 4491 ’221
1468 4438 1604 4495 odanto

407 4504 548 4570 Vergilius]
566 4522 653 4571 georg,
672 4506 703 4553 111
722 4507 773 4556 256
826 4506 856 4555 lt
875 4498 1001 4573 προάμω]
1024 4509 1182 4571 πρωιιμωΡ
1254 4509 1286 4558 15
1304 4505 1375 4571 δέρω
1393 4501 1604 4573 teutonicam»

336 4580 392 4629 toco
409 4578 493 4641 posito
511 4591 566 4625 esne
583 4578 686 4625 coniecit
702 4574 781 4625 Ianne
800 4577 856 4625 coit.
877 4592 933 4627 exe.
955 4574 1019 4629 Bon.
1037 4592 1063 4640 p.
1087 4575 1136 4625 149
1155 4580 1194 4629 ed.
1220 4580 1296 4631 Vinci.
1348 4579 1378 4628 lt
1395 4579 1443 4629 hoe
1461 4582 1522 4629 idem
1541 4579 1604 4627 tanes

406 4646 510 4711 auiogio
531 4658 555 4695 et
573 4644 672 4709 ariiero]
694 4646 756 4695 oete.
778 4646 825 4694 XV
844 4644 860 4694 3
946 4646 978 4695 19
999 4660 1030 4694 au
1049 4662 1094 4695 orn.
1114 4648 1152 4697 P:
1171 4662 1270 4697 versam
1288 4657 1458 4713 mutatamqne
1475 4666 1527 4699 esse
1541 4651 1567 4699 ab
1581 4648 1601 4693 in

338 4732 370 4765 au
389 4718 510 4781 agitabam
531 4732 588 4765 exe.
608 4717 673 4767 not.
745 4712 875 4780 Cicerone]
898 4724 963 4765 orat.
982 4715 1024 4767 47.
1046 4715 1096 4765 158
1167 4717 1260 4768 habent
1278 4720 1303 4767 P
1371 4718 1405 4767 20
1423 4736 1453 4769 ex
1471 4722 1553 4770 on.P

338 4789 409 4849 quasi
432 4787 463 4835 ab
485 4796 510 4835 et
527 4788 632 4837 aestimo
652 4788 676 4835 P
758 4786 792 4835 26
814 4778 1033 4850 κατιστάμενος]
1056 4785 1128 4836 Hom.
1151 4787 1183 4838 n.
1204 4788 1228 4837 Α
1249 4788 1297 4839 105
1383 4790 1418 4838 27
1438 4782 1601 4855 χερνίψαντο]

336 4858 408 4909 Hom.
428 4856 461 4906 n.
479 4857 503 4905 A
522 4858 572 4907 asu
641 4854 674 4907 oe
695 4858 831 4907 επειταΡ
898 4854 930 4905 37
950 4848 1094 4921 ἔμπειρος]
1116 4859 1295 4923 εμπειρωςΡ
