3525 5600
338 385 400 462 278
909 388 1062 450 Peucen

364 509 385 549 p.
398 496 486 538 toa-ot
501 495 522 536 L.
951 503 969 549 s
1708 534 1709 549 ,

339 579 384 648 dt,
408 578 550 656 suscipio:
574 577 629 638 sub
653 577 750 656 capio,
775 576 834 648 duo
856 585 926 638 suut
947 578 1001 638 ista
1025 578 1153 654 integra,
1178 576 1230 637 sed
1245 583 1405 654 utrumque
1419 581 1613 658 corrumpitur,

339 679 457 758 quando
486 697 575 740 unum
602 681 723 740 iaciunt.
767 680 792 739 si
820 678 901 740 dicas
921 679 976 740 sub
999 681 1100 758 capio,
1129 680 1174 739 lac
1195 679 1265 739 inde
1287 698 1395 748 uuum,
1424 681 1561 758 suscipio:
1592 692 1615 742 et
1708 694 1709 761 ξ

339 781 411 842 illud
435 790 608 860 corruptum
633 789 692 851 est,
717 790 745 841 et
768 781 840 842 illud
863 787 1037 860 corruptum
1061 788 1113 840 est.
1160 798 1231 858 ergo
1258 783 1355 842 omnis
1377 784 1554 862 praepositio
1574 792 1615 844 aut

339 886 401 962 ipsa
425 885 589 963 corrumpit
611 883 748 953 verbum,
778 891 829 944 aut
857 885 920 962 ipsa
949 903 964 941 a
988 881 1079 942 verbo
1101 885 1318 961 corrumpitur,
1340 890 1392 944 aut
1414 891 1496 944 certe
1518 887 1615 964 etipsa
1708 880 1709 939 l

339 985 502 1063 corrumpit
523 993 552 1045 et
573 988 636 1064 ipsa
661 987 868 1064 corrumpitur.
1625 1013 1635 1051 5
1708 986 1709 1031 t

424 1087 548 1148 Maiores
573 1088 665 1147 nostri
687 1089 922 1166 praepositiones
945 1086 1033 1146 etiam
1054 1088 1200 1164 genetivis
1223 1086 1341 1148 casibus
1363 1087 1534 1166 iungebant
1575 1091 1616 1150 sed

340 1188 427 1248 hodie
451 1205 520 1248 nou.
561 1187 663 1248 ubiubi
687 1187 790 1258 luerit,
815 1191 937 1268 figurata
960 1187 1088 1249 elocutio
1111 1195 1165 1250 est.
1212 1187 1305 1250 hahes
1327 1191 1405 1269 apud
1429 1191 1583 1270 Vergilium

493 1297 526 1349 et
547 1307 694 1350 crurum
718 1297 824 1350 tenus
847 1311 861 1349 a
887 1298 1011 1352 mento
1034 1291 1200 1371 palearia
1224 1291 1396 1370 pendent.

340 1411 457 1454 crurum
482 1394 635 1470 genetivus
658 1391 778 1470 pluralis
801 1399 858 1456 est:
882 1398 983 1461 tenus,
1006 1400 1039 1453 ut
1059 1395 1183 1464 scimus,
1207 1395 1388 1473 praepositio
1405 1402 1458 1454 est.
1489 1395 1538 1454 sed
1552 1398 1618 1456 scire
1708 1376 1709 1379 Ἴ

340 1495 431 1556 debes
453 1496 593 1574 quoniam
616 1492 809 1554 haecomnia
836 1494 958 1570 ligurata
981 1503 1059 1554 sunt.
1105 1503 1237 1556 ceterum
1261 1495 1404 1556 debemus
1426 1495 1526 1557 dicere
1547 1501 1647 1558 ‘cm-u

273 1641 283 1659 .
339 1596 423 1658 ribus
447 1601 561 1666 tenus',
585 1581 671 1676 quern
696 1595 730 1654 ad
755 1595 874 1655 modum
898 1595 996 1674 ‘pube
1019 1600 1122 1656 teuus'
1146 1603 1175 1656 et
1197 1600 1302 1658 ‘tenus
1325 1596 1430 1674 pube’.
1476 1597 1532 1659 lroe
1553 1602 1618 1659 euim
1708 1630 1709 1635 ,

339 1700 560 1776 significationis
583 1698 672 1759 habet
693 1696 742 1758 iiia
768 1695 770 1780 l
796 1699 992 1776 praepositio,
1016 1706 1047 1757 ut
1064 1697 1107 1757 ccl
1130 1701 1273 1778 praeponi
1296 1701 1391 1778 possit
1414 1698 1458 1759 vel
1480 1704 1618 1780 postponi:

340 1809 425 1881 potes
448 1801 547 1861 dicere
570 1805 674 1861 ‘tenus
696 1798 803 1880 pube',
833 1807 917 1879 potes
945 1799 1046 1860 dicere
1069 1799 1166 1879 ‘pube
1195 1803 1308 1862 tenus'.
1354 1809 1387 1861 ut
1408 1809 1505 1862 autem
1528 1804 1620 1881 iungas
1708 1802 1709 1827 ³

341 1902 420 1964 illam
443 1904 579 1980 genetivo
603 1921 661 1962 non
685 1909 782 1982 potes,
808 1903 863 1962 nisi
886 1902 963 1962 forte
985 1900 1112 1962 volucris
1136 1919 1281 1980 usurpare
1304 1910 1335 1962 et
1356 1903 1481 1980 liguram
1504 1904 1601 1965 lacere.
1708 1928 1709 1981 3

426 2006 581 2066 Praeterea
611 2011 680 2065 ante
708 2009 737 2062 et
765 2012 833 2082 post
860 2014 889 2064 et
917 2011 1039 2082 propter
1068 2012 1096 2064 et
1119 2012 1252 2084 praeter,
1281 2021 1348 2064 cum
1370 2005 1430 2064 sint
1452 2008 1620 2067 accusativae
1631 2025 1649 2064 c
1708 2016 1709 2025 ¹

340 2108 577 2187 praepositiones
606 2104 684 2184 (ante
712 2105 855 2185 templum
882 2105 1007 2166 dicimus
1036 2114 1065 2166 et
1091 2114 1161 2186 post
1186 2105 1330 2185 templum
1358 2114 1388 2166 et
1415 2116 1537 2186 propter
1557 2117 1621 2168 tem·
1708 2108 1709 2147 Τ

341 2209 421 2288 plum
451 2216 481 2270 et
508 2216 626 2288 praeter
653 2207 820 2287 tempium),
853 2225 921 2268 curu
949 2207 1009 2268 sint
1036 2211 1217 2269 accusativae
1249 2210 1499 2289 praepositiones,
1533 2218 1622 2271 tamen

341 2311 418 2393 apud
441 2312 569 2372 maiores
591 2318 710 2370 nostros
732 2311 924 2370 inveniuntur
947 2310 1036 2370 etiam
1059 2329 1127 2372 cum
1150 2310 1294 2372 ablativis.
1330 2319 1399 2372 ante
1422 2319 1492 2391 post
1511 2320 1623 2392 propter

340 2420 465 2494 praeter.
481 2431 549 2473 cum
572 2413 631 2472 sint
661 2413 842 2473 accusativae
865 2413 1114 2492 praepositiones,
1138 2417 1202 2472 nec·
1217 2411 1338 2474 dubium
1361 2414 1399 2474 sit
1421 2416 1493 2492 quin
1515 2432 1623 2476 accusa·

342 2516 415 2576 [ivae
436 2517 509 2583 sint,
533 2523 631 2576 tamen
655 2513 731 2593 apud
755 2515 883 2575 maiores
907 2521 1024 2576 nostros
1045 2516 1237 2576 inveniuntur
1259 2517 1350 2575 etiam
1372 2514 1525 2576 ablativae.
1561 2522 1651 2594 putas
1708 2532 1709 2551 ¹

341 2635 399 2678 uon
434 2615 547 2678 dubitat
581 2615 724 2677 Pacuvius
753 2616 853 2678 dicere
883 2620 969 2678 ‘ante
997 2616 1137 2697 templo’,
1167 2636 1228 2678 non
1255 2617 1371 2678 dubitat
1398 2616 1499 2678 dicere
1526 2621 1623 2697 ‘prop
1708 2622 1709 2627 ’

341 2728 386 2782 ter
415 2719 565 2793 iromine'‚
596 2735 655 2778 nou
688 2717 801 2780 dubitat
828 2719 942 2788 dicere.
978 2719 1057 2801 quod
1091 2719 1165 2780 uixit
1199 2721 1287 2780 etiam
1315 2718 1486 2794 Sallustius,
1515 2727 1623 2800 praeter
1708 2750 1709 2759 κ

342 2823 561 2885 condemnatis:
590 2822 647 2882 iste
676 2823 753 2883 enim
778 2820 851 2882 dixit
879 2822 1048 2903 ‘praeter
1074 2840 1198 2883 rerum
1220 2822 1436 2904 capitalium
1458 2821 1623 2883 condem·
1708 2815 1709 2818 ’

344 2927 471 2986 natis'.
516 2924 682 2984 invenimus
704 2926 759 2985 ista
783 2924 891 2985 omnia.
936 2924 1007 3005 quid
1030 2925 1120 3003 ergo?
1153 2924 1285 2986 dicemus
1307 2924 1375 2986 iilos
1396 2924 1516 2987 lieentia
1538 2924 1624 3004 aliqua

342 3046 411 3089 usos
439 3044 505 3087 esse
533 3032 582 3086 ant
610 3026 740 3087 nescisse
769 3028 882 3087 artemi
917 3027 958 3087 ait
980 3026 1123 3096 Donatus,
1152 3045 1227 3095 non;
1257 3026 1308 3088 sed
1336 3028 1413 3087 scire
1440 3025 1535 3088 debes
1553 3026 1655 3106 quod-:1

344 3128 416 3190 haec
444 3148 518 3208 quac
546 3128 640 3207 posita
669 3134 739 3188 sunt
767 3129 806 3189 ita
834 3136 883 3188 aut
910 3128 1155 3206 significationem
1183 3127 1294 3189 habent
1315 3127 1402 3189 aliam
1425 3136 1477 3189 aut
1498 3128 1625 3188 ordinem

342 3230 440 3293 alium.
484 3232 649 3291 invenimus
678 3247 749 3309 ergo
778 3236 846 3289 ante
874 3238 942 3309 post
969 3239 1092 3309 propter
1120 3239 1150 3290 et
1175 3240 1309 3310 praeter,
1338 3249 1413 3310 quae
1439 3236 1510 3291 sunt
1532 3232 1625 3306 utique

343 3334 522 3393 accusativae
544 3333 779 3412 praepositiones
794 3332 858 3391 sine
874 3330 979 3401 dubio,
1004 3339 1101 3394 umen
1125 3332 1178 3392 has
1200 3334 1433 3411 praepositiones
1454 3334 1521 3393 sinc
1543 3329 1626 3391 dubio

344 3437 458 3495 iunctas
480 3431 625 3504 ablativis,
650 3443 680 3494 ct
702 3451 760 3493 uon
785 3432 871 3516 apud
885 3452 992 3528 nuum,
1014 3433 1067 3493 sed
1090 3432 1167 3513 apud
1189 3433 1431 3496 innumerabiles.
1469 3433 1539 3513 quid
1561 3450 1626 3509 ergo

311 3538 314 3547 '
344 3532 512 3617 lacielmusl
537 3534 666 3595 dicemus
689 3534 754 3595 illos
777 3542 827 3595 aut
849 3542 943 3595 artem
967 3536 1097 3597 nescisse
1119 3543 1170 3596 aut
1192 3536 1308 3597 licentia
1332 3536 1454 3597 lecisset
1477 3536 1556 3607 dicit,
1577 3534 1657 3596 lai-u
1708 3571 1709 3576 κ

343 3656 408 3699 sum
432 3644 489 3705 θείς
519 3636 570 3696 sed
600 3654 722 3697 necesse
750 3643 795 3697 est
825 3644 855 3697 ut
884 3637 1058 3714 significatio
1081 3636 1137 3699 alia
1159 3639 1251 3698 sitin
1273 3635 1503 3717 iliispartibus,
1526 3646 1575 3699 aut
1594 3640 1628 3699 sit

343 3739 416 3799 alius
439 3730 522 3798 ordo.
568 3737 640 3798 ordo
661 3736 736 3798 alter
759 3745 802 3798 est
824 3745 853 3799 et
876 3736 990 3799 ordinis
1012 3740 1185 3817 significatio
1208 3738 1272 3801 alio.
1304 3756 1376 3817 ergo
1397 3740 1507 3802 tradito
1528 3740 1627 3800 ordine

345 3840 420 3902 tollit
441 3838 505 3899 illas
532 3860 547 3899 a
571 3840 694 3900 crimine
723 3838 842 3900 alterius
869 3858 971 3907 casus,
1000 3860 1038 3901 ne
1066 3840 1221 3902 videantur
1248 3839 1380 3902 ablativis
1408 3862 1474 3904 esse
1508 3846 1626 3903 iunctae.

343 3944 420 4023 siqui
445 3943 485 4003 iia
513 3940 605 4010 dicat,
634 3944 770 4020 ‘practer
798 3960 901 4003 verum
933 3943 1102 4021 capitalium
1125 3943 1356 4014 condemnatis’,
1385 3943 1457 4024 quid
1480 3954 1525 4006 est
1545 3943 1627 4005 modo

414 4114 429 4162 '2
451 4112 550 4176 quaudo
575 4126 652 4160 unrrm
678 4111 772 4161 lacitint
790 4112 975 4163 Lindemnnuus
998 4114 1098 4177 quaudo
1118 4122 1250 4177 utrumque
1270 4111 1365 4163 iaciunt
1383 4114 1467 4166 ABG
1551 4113 1628 4164 dsed

344 4182 419 4233 hodie
444 4182 506 4246 (oon
531 4182 592 4234 add.
612 4186 640 4241 a)
664 4182 751 4232 ubiubi
775 4181 852 4232 licerit
876 4182 985 4249 figurato
1002 4184 1109 4233 elocutio
1127 4184 1177 4249 (est
1196 4184 1257 4237 add.
1276 4183 1304 4248 α)
1328 4183 1406 4235 trabes
1425 4184 1507 4249 (apud
1525 4185 1585 4234 edd.
1601 4183 1628 4243 o)

344 4251 516 4318 uirgiliumA
602 4252 659 4301 8et
680 4250 792 4317 crurum]
817 4254 896 4318 Verp.
913 4269 1000 4318 peorp.
1021 4254 1052 4303 tu
1068 4253 1102 4305 93
1187 4254 1291 4305 lduote
1310 4255 1559 4319 tempiumdicimus
1577 4262 1630 4319 post

344 4324 464 4389 renrplum
486 4322 592 4373 dicimus
611 4332 714 4387 propter
733 4324 851 4387 templum
871 4323 979 4373 dicimus
996 4333 1095 4387 praeter
1112 4324 1235 4390 tenrplum
1254 4324 1362 4373 dicimos
1375 4324 1428 4375 BG
1477 4328 1509 4376 21
1528 4326 1629 4389 pacuius

345 4396 368 4442 Α
422 4394 455 4443 2⁶2
473 4392 610 4441 etlumen.
631 4391 692 4456 AO,
711 4393 810 4443 odda
863 4394 896 4443 ‘23
916 4396 963 4443 iste
981 4394 1202 4443 -eondemnotis
1220 4410 1267 4445 om.
1286 4393 1350 4457 AG,
1369 4394 1430 4444 odd.
1449 4410 1467 4443 a
1521 4390 1626 4459 praeter]

344 4466 409 4519 Sall,
428 4464 499 4513 Catil.
520 4462 554 4513 dd
624 4464 658 4513 26
676 4464 772 4529 positae
793 4472 852 4513 sunt
869 4462 894 4512 Α
964 4464 997 4514 27
1019 4464 1162 4513 iuueuimus
1181 4462 1359 4514 enirnunteG
1428 4463 1627 4515 acarnanum

343 4534 485 4595 posteriore
499 4536 554 4583 loeo
571 4546 618 4585 eur.
636 4532 704 4597 AB,
721 4532 781 4585 add.
799 4533 835 4582 ab
928 4532 961 4583 29
982 4533 1042 4596 quid
1064 4548 1125 4598 ergo
1150 4532 1273 4585 iaciemus
1296 4534 1410 4583 dicemus
1428 4534 1468 4585 Cb
1490 4534 1551 4598 quid
1571 4546 1628 4596 ergo

345 4602 653 4655 iacimusdicimusAB
739 4602 772 4653 32
792 4600 881 4669 estet]
905 4612 930 4653 et
950 4603 1089 4653 estABG
1173 4602 1466 4655 munitiunculis
1531 4603 1628 4653 necui·

345 4674 492 4723 deanturA
562 4672 596 4725 34
619 4682 719 4739 prester
744 4688 771 4721 re
794 4674 940 4740 capitalium
956 4672 982 4721 B
1000 4683 1101 4739 praeter
1118 4674 1153 4722 rei
1172 4674 1320 4738 capitolium
1339 4674 1360 4724 0
1376 4687 1422 4739 pro
1441 4690 1468 4723 re
1485 4672 1627 4740 capitalium

346 4745 369 4791 Α
440 4742 612 4795 condemnatis
626 4759 684 4793 ecce
700 4744 731 4793 de
751 4742 798 4792 istc
812 4744 869 4808 ipsc
888 4760 915 4793 re
931 4743 1045 4806 quidest
1062 4743 1135 4793 modo
1154 4751 1253 4809 praeter
1270 4744 1330 4793 BC:
1350 4744 1529 4795 condemnatus
1546 4744 1627 4809 (corr.

347 4811 393 4875 ·is)
411 4829 469 4863 ecce
488 4814 519 4863 de
536 4815 585 4863 isto
599 4816 654 4880 ipsa
668 4828 694 4862 re
714 4812 786 4877 (quid
805 4824 843 4864 est
860 4814 935 4863 modo
955 4824 1053 4878 praeter
1066 4843 1101 4851 —
1116 4814 1289 4863 condemnatis
1307 4816 1332 4863 in
1348 4829 1431 4880 uturp.
1449 4815 1512 4868 add,
1525 4816 1555 4879 a)
1570 4813 1629 4875 quid

346 4892 384 4932 est
402 4884 475 4933 ruodo
494 4890 595 4947 practer
612 4884 678 4945 (siue
695 4883 757 4933 odd.
776 4885 803 4947 e)
822 4884 877 4935 sine
896 4884 973 4933 dubio
992 4883 1054 4947 qrdd
1072 4883 1184 4935 diximus
1205 4884 1281 4949 poulo
1300 4893 1357 4949 post
1379 4884 1403 4933 A
