3525 5600
686 353 925 416 comburunt
1171 352 1173 364 '
1397 349 1455 416 157

1273 471 1293 512 p.
1308 461 1397 502 tus-to
1410 459 1432 501 1..

314 549 348 600 et
371 539 509 602 tollens
532 559 683 603 vacuum
707 539 791 620 plus
812 542 928 601 nimio
950 538 1076 619 gloria
1099 541 1289 601 verticem.

80 627 86 636 ¹
174 645 261 704 nimio
287 643 491 720 conparativus
519 650 578 712 est,
606 641 673 722 plus
703 644 911 722 conparativus
934 649 992 710 est:
1022 661 1091 704 ecce
1113 642 1171 704 duo
1193 643 1288 702 iunxit
1314 660 1456 722 conpara-

82 771 86 778 ·
174 749 235 806 tiva.
276 743 324 804 sed
352 744 431 805 lorte
458 743 552 813 dicas,
582 743 649 824 plus
679 754 709 804 et
737 745 828 805 nimio
855 761 917 805 nou
947 743 1051 804 eadem
1082 753 1159 806 sum,
1205 761 1333 822 sequeus
1355 763 1457 805 versus

172 848 347 926 apertissime
369 847 530 924 significat,

312 948 518 1026 arcanique
541 946 640 1008 lidos
662 948 821 1027 prodiga
843 945 1083 1027 perlucidior
1105 948 1210 1008 vitro.

170 1069 220 1131 per
242 1050 601 1128 augmentummignilicat,
623 1049 752 1110 lucidior
774 1037 981 1129 conpara'tivus
1003 1049 1112 1128 gradus
1134 1056 1187 1118 cst,
1212 1057 1242 1108 et
1264 1055 1361 1108 tamen
1384 1047 1456 1108 dixit

75 1205 81 1224 ,
173 1151 357 1233 perlucidior:
390 1149 449 1212 tale
477 1159 522 1212 est
546 1169 582 1212 ae
608 1150 738 1212 sidieas
759 1150 842 1213 valde
864 1150 1006 1219 lucidior,
1030 1150 1154 1211 multum
1176 1149 1312 1211 lucidior.
1356 1157 1456 1212 extant

172 1255 205 1314 de
232 1253 293 1315 aliis
319 1252 453 1334 partibus
481 1252 631 1332 exempla,
659 1256 793 1334 exeeptis
820 1255 886 1316 istis
908 1255 1050 1332 quinque.
1095 1255 1148 1313 ista
1172 1251 1314 1313 debemus
1336 1269 1455 1314 servare
1559 1249 1564 1258 '

170 1355 252 1416 bodie
272 1362 300 1415 et
321 1373 380 1415 non
400 1356 524 1433 iungere
546 1357 736 1435 conparativo
753 1363 783 1416 ct
796 1355 988 1435 superlativo,
1012 1354 1063 1416 sed
1079 1362 1192 1415 tantum
1207 1354 1295 1415 modo
1317 1355 1452 1434 positivo.

142 1456 268 1517 romelius
288 1466 386 1517 umen
409 1457 529 1527 leceris,
553 1459 579 1518 si
601 1475 658 1517 nec
679 1455 744 1517 illas
765 1459 870 1536 iungas
892 1475 1006 1518 omnes.
1038 1473 1106 1517 nam
1129 1463 1159 1517 et
1182 1454 1326 1534 Vergilius
1347 1457 1451 1534 iungit,

170 1557 216 1618 sed
238 1577 295 1619 non
315 1559 389 1619 istas
411 1575 485 1636 quas
508 1558 650 1629 diximus,
673 1559 725 1620 sed
748 1558 819 1620 alias
840 1561 950 1638 iungit,

312 1669 383 1721 tam
405 1662 520 1739 magis
543 1658 608 1723 illa
630 1660 796 1723 lremens
817 1668 852 1721 et
875 1659 1054 1721 tristibus
1078 1659 1200 1719 ellera
1224 1658 1403 1730 flammis,

310 1759 426 1843 [quam
450 1762 567 1839 magis
591 1761 713 1823 elluso
738 1762 970 1823 crudescunt
992 1763 1174 1840 sanguine
1196 1761 1366 1840 pugnae]

171 1873 223 1924 tam
249 1865 352 1941 magis:
388 1881 459 1924 eece
486 1864 613 1925 diximus
641 1871 700 1925 tam
729 1883 790 1925 non
815 1864 999 1943 iungendum
1022 1882 1102 1934 esse,
1127 1872 1185 1924 tam
1208 1865 1303 1942 magis
1325 1865 1451 1924 maximo

142 1968 259 2025 ominus
285 1974 314 2024 et
342 1967 474 2026 minime.
518 1985 588 2028 ecce
615 1968 781 2028 invenimus
803 1966 852 2026 laic
878 1966 977 2028 iuncta
1000 1976 1147 2026 esserum
1168 1970 1273 2040 maan.
1318 1967 1451 2028 sednon

171 2075 210 2126 est
235 2065 302 2126 boc:
335 2066 414 2128 aliud
444 2075 488 2128 est
516 2069 706 2148 cooperative
733 2070 867 2129 iunctum
894 2067 1082 2136 adverbium,
1118 2067 1198 2128 aliud
1228 2065 1286 2127 duo
1314 2066 1452 2128 adverbia

170 2171 319 2246 iunguntur
344 2170 544 2248 conparativo.
590 2188 658 2230 nam
680 2177 712 2232 et
735 2169 739 2250 l
763 2178 823 2230 tam
851 2169 1024 2231 adverbium
1046 2177 1092 2228 est
1114 2176 1144 2229 et
1163 2171 1258 2248 magis
1280 2167 1451 2230 adverbium

172 2276 222 2336 ost:
244 2270 379 2349 quoniam
400 2281 559 2350 utrumque
581 2271 770 2340 adverbium,
793 2289 854 2332 uon
876 2271 992 2332 videtur
1015 2289 1080 2332 esse
1103 2269 1307 2332 soloecismus.
1345 2270 1451 2332 melius

171 2378 259 2430 umen
279 2372 449 2442 fecerimus,
473 2373 499 2432 si
521 2389 583 2433 non
605 2375 763 2452 iungamus
783 2375 912 2452 penitus.

141 2496 161 2534 n
246 2473 451 2552 Corrparativus
479 2475 590 2552 gradus
617 2477 748 2555 iungitur
782 2473 877 2535 tribus
910 2474 1036 2536 casibus.
1082 2475 1212 2536 Donatus
1246 2475 1286 2534 ait
1317 2471 1521 2558 ‘duobuato‘n
1535 2486 1568 2534 25

171 2574 310 2645 casibos';
337 2576 390 2637 sed
412 2585 443 2636 tu
472 2579 549 2637 scire
572 2577 664 2638 debes
687 2578 826 2656 quoniam
851 2595 920 2637 vore
941 2577 1036 2638 tribus
1057 2577 1188 2656 iungitur
1210 2574 1340 2644 casibus,
1370 2553 1550 2638 abia-49²⁵9

170 2677 235 2745 tivo,
256 2679 390 2758 septimo,
414 2685 444 2739 et
463 2680 644 2740 nominativo
666 2679 841 2759 interposita
863 2675 1007 2758 particula
1030 2695 1128 2756 quam.
1161 2676 1286 2739 ablativo
1308 2678 1448 2755 iungitur,

171 2779 275 2841 doctior
307 2783 346 2842 ab
378 2784 447 2851 illo;
479 2784 618 2859 septmro,
653 2780 769 2842 doctior
801 2779 869 2850 illo;
905 2783 1099 2851 nominativo,
1129 2780 1245 2842 doctior
1278 2780 1326 2840 bie
1361 2795 1448 2856 quam

169 2879 225 2947 ille,
253 2880 301 2941 sed
333 2885 412 2943 scire
439 2882 530 2943 debes
559 2884 637 2961 quod
667 2883 756 2945 bodie
783 2886 813 2944 in
836 2902 892 2945 usu
915 2882 1057 2944 babemus
1079 2884 1205 2962 septimo
1228 2884 1283 2952 uti;
1315 2900 1374 2943 noo
1398 2881 1448 2942 de·

141 2980 262 3043 abemus
282 2991 332 3044 aut
353 2982 480 3045 ablativo
511 2994 561 3046 aut
591 2986 780 3046 nominativo.
830 2985 946 3046 doctior
973 2984 1025 3046 illo
1053 2984 1148 3046 debeo
1177 2984 1293 3053 dicere,
1317 3001 1377 3045 non
1399 2990 1450 3044 aut

171 3083 270 3144 doctior
297 3084 335 3145 ab
367 3083 419 3145 illo
447 3094 497 3147 aut
524 3086 640 3151 doctior
674 3104 762 3165 quam
791 3085 850 3147 ille.
896 3089 921 3147 si
947 3088 990 3147 vis
1017 3088 1126 3148 iterum
1154 3086 1312 3147 adsumere
1339 3084 1448 3165 aliquid

170 3184 200 3244 ad
219 3184 378 3256 licentiam,
403 3194 489 3266 potos
511 3190 555 3248 uti
583 3197 613 3250 et
642 3190 837 3259 nominativo,
872 3188 987 3251 doctior
1015 3188 1063 3251 bic
1091 3206 1177 3268 quam
1204 3188 1263 3249 illc.
1308 3187 1448 3264 frequen·

169 3294 208 3346 ter
232 3287 318 3349 debes
345 3291 389 3351 uti
416 3290 544 3369 septimo
571 3291 607 3351 ad
636 3308 731 3351 usum.
776 3300 932 3370 praeterea
959 3292 1164 3371 conparativus
1188 3291 1297 3369 gradus
1317 3271 1450 3370 praeldrt

170 3406 215 3448 nos
234 3397 262 3450 et
281 3398 384 3452 nostro
406 3393 511 3469 generi
532 3398 563 3453 ct
576 3401 729 3453 extraneo.
761 3402 794 3453 ut
815 3401 886 3472 puta
909 3410 1003 3471 equus
1025 3400 1054 3454 et
1077 3395 1171 3453 canu:
1194 3408 1314 3472 possum
1339 3410 1447 3472 equum

143 3495 195 3550 root
218 3508 288 3570 equo
312 3494 483 3571 praeferre,
513 3512 635 3573 possum
663 3512 770 3574 equum
799 3502 829 3555 et
856 3497 923 3555 cani
949 3496 1117 3575 praeferre,
1147 3502 1179 3555 ut
1206 3501 1276 3573 puta
1299 3493 1448 3554 ‘velocior

172 3607 250 3668 equus
279 3599 373 3673 equo'
410 3602 441 3655 et
473 3600 585 3673 ‘equus
616 3595 747 3657 velocior
780 3602 881 3657 cane'.
932 3615 1001 3658 ecce
1035 3604 1064 3657 et
1096 3616 1151 3657 suo
1183 3598 1287 3675 generi
1319 3594 1447 3675 praeludi

171 3700 195 3751 et
213 3703 346 3757 extraneo
367 3698 400 3757 in
423 3700 613 3777 conparativo
637 3705 760 3760 tantum.
791 3698 987 3779 superlativus
1002 3717 1073 3761 vero
1095 3697 1281 3759 haecomnia
1297 3699 1446 3759 contraria

169 3792 251 3857 babet.
293 3816 363 3860 nam
389 3800 503 3859 nemini
527 3800 660 3879 iungitur
687 3819 742 3862 nec
770 3799 896 3862 ablativo
924 3820 979 3862 nee
1001 3802 1127 3880 septimo
1149 3818 1205 3861 nec
1228 3798 1232 3881 l
1256 3801 1444 3869 nominativo,

169 3896 212 3957 sed
234 3900 361 3977 iungitur
388 3900 526 3977 genetivo
552 3900 669 3980 plurali.
714 3884 870 3982 praeterea
897 3921 958 3965 nou
987 3921 1042 3965 nos
1068 3902 1202 3983 praefert
1229 3910 1260 3964 et
1285 3912 1388 3965 nostro
1416 3909 1446 3963 et

171 4049 175 4053 -
185 4050 388 4061 κ--.ψ
396 4056 401 4061 .
427 4058 453 4061 -.

225 4153 359 4206 luacuum
377 4156 433 4205 AB
452 4170 532 4205 uacuo
553 4156 593 4207 Cb
646 4158 765 4207 uerticem
784 4158 840 4207 ΑΒ
859 4160 955 4209 uertice
975 4159 1015 4209 Cb
1085 4160 1162 4210 2sed
1181 4176 1227 4212 om.
1246 4160 1279 4215 A.
1297 4160 1357 4209 add.
1374 4177 1390 4210 o

170 4227 189 4266 et
203 4223 298 4273 uimium
311 4226 399 4275 eadem
416 4225 499 4276 ABG
551 4226 634 4276 teate
648 4238 687 4277 est
705 4244 735 4276 ac
752 4229 775 4277 ei
787 4230 858 4277 ducas
872 4229 946 4279 valde
961 4228 1070 4279 lucidior
1086 4245 1133 4281 om.
1148 4230 1183 4287 A,
1202 4229 1263 4282 odd.
1285 4246 1301 4278 u
1353 4228 1443 4279 ileon-

170 4296 269 4352 paratiuo
285 4299 495 4361 autsupertatiuo
511 4297 536 4345 A
591 4298 624 4347 10
641 4297 766 4363 uergilius
781 4299 863 4349 iunxit
879 4300 900 4349 C
918 4300 1043 4364 uergilius
1061 4300 1156 4349 iuncxit
1169 4298 1194 4349 B
1248 4300 1279 4348 1²
1294 4310 1344 4348 tom
1359 4301 1441 4366 magis

170 4359 203 4408 illu
219 4360 322 4415 fremens
337 4392 372 4403 ·-
387 4381 490 4433 pugnae
510 4376 560 4416 tam
581 4367 665 4432 magis
682 4364 717 4416 a*
734 4403 741 4416 .
756 4402 783 4417 ..
804 4370 887 4435 magis
905 4368 950 4417 illa
968 4368 1079 4419 iremens
1098 4380 1121 4419 et
1137 4379 1155 4421 ι.
1172 4387 1193 4419 e.
1216 4369 1234 4420 l.
1253 4380 1303 4417 tom
1322 4370 1441 4435 magisA

170 4440 210 4478 ram
226 4435 303 4501 magia
322 4436 365 4485 ilia
382 4440 495 4486 tremens
507 4446 532 4485 et
551 4440 601 4500 qua
620 4447 636 4486 ι.
657 4437 675 4488 l.
694 4446 745 4486 tam
764 4440 849 4505 magis
868 4437 894 4488 B
913 4452 964 4489 tam
983 4440 1066 4505 magis
1085 4439 1127 4489 illa
1145 4440 1254 4489 fremens
1272 4450 1297 4489 et
1315 4450 1332 4488 ι.
1353 4440 1371 4491 l.
1390 4450 1441 4489 tam

170 4503 239 4566 nagia
258 4515 280 4553 et
304 4506 416 4556 tristibus
434 4505 510 4556 edera
527 4506 638 4557 llammis
655 4522 732 4569 quam
750 4510 833 4575 magis
856 4508 937 4560 effuso
960 4512 1113 4559 crudescunt
1136 4512 1263 4576 sanguiue
1284 4522 1387 4576 pugnae
1406 4512 1439 4561 G:

174 4568 237 4635 Verp.
250 4574 310 4626 Aen.
330 4576 376 4625 Vll
395 4575 447 4625 787
519 4577 550 4626 lo
568 4577 653 4626 iuncta
673 4592 730 4627 ease
748 4578 793 4627 aed
813 4592 862 4627 non
882 4589 920 4629 est
938 4580 975 4641 (et
996 4580 1020 4629 A
1037 4594 1103 4629 corr.
1123 4590 1162 4631 est
1179 4588 1207 4639 a)
1227 4580 1274 4629 boe
1292 4580 1373 4631 ABG

171 4638 197 4716 lb
210 4642 311 4693 iunctum
329 4646 479 4695 aduerbum
492 4646 516 4693 Α
533 4647 646 4695 iunctum
663 4655 701 4696 ast
714 4649 863 4697 aviuerbium
882 4649 955 4699 Rea
1005 4651 1120 4712 sortasse
1137 4650 1239 4714 quando
1255 4650 1305 4699 duo
1320 4648 1441 4699 adverbis

171 4720 290 4775 iunguntur
307 4717 495 4779 cooperationis
586 4717 618 4766 18
636 4732 687 4766 non
707 4717 805 4767 videaur
823 4718 910 4769 BCa:
930 4732 980 4768 non
998 4734 1044 4768 om.
1065 4719 1090 4768 Α
1177 4721 1210 4770 23
1230 4720 1327 4769 doctior
1345 4722 1377 4769 ab
1396 4720 1440 4769 illo

171 4780 262 4843 reprimo
278 4798 323 4833 ona.
341 4784 427 4835 Aac
496 4786 529 4835 24
553 4787 660 4851 septimo
685 4787 722 4835 uti
740 4785 799 4837 Ga*
822 4791 932 4854 septimo
952 4800 979 4839 ut
998 4787 1098 4856 At?)B
1115 4792 1250 4855 septimum
1269 4790 1337 4840 urio
1406 4791 1440 4843 27

173 4860 229 4910 poue
245 4852 325 4916 utique
341 4863 366 4905 et
380 4855 431 4905 BC
501 4855 534 4906 34
548 4856 641 4921 plurali
656 4872 702 4909 orn.
718 4858 752 4921 A,
771 4858 832 4912 odd.
853 4874 870 4908 (ι
