3525 5600
674 333 911 398 COllblldNTVll
1379 333 1443 397 249

1256 455 1277 496 p.
1291 443 1381 485 aro-o
1394 443 1418 483 1.

169 528 216 589 beo
235 523 330 586 dicere
352 522 389 584 de
411 525 500 593 intus,
525 521 561 584 de
584 523 665 593 loris,
690 531 722 584 ut
744 525 850 602 iungas
872 524 1117 604 praepositiones.
1148 541 1220 602 ergo
1242 540 1352 602 usurpa
1370 522 1443 584 illud

169 636 193 689 et
211 626 298 706 aliqua
320 626 363 686 sic
385 623 447 695 dic,
474 623 479 706 Ι
503 624 539 686 ad
569 609 647 686 int'ro
675 632 705 685 et
733 624 769 686 ad
791 624 880 686 loras.
927 643 1001 705 cogo
1031 634 1059 686 te
1082 643 1154 704 ergo
1177 632 1208 687 et
1229 626 1271 688 sic
1292 623 1389 703 loqui,
1418 627 1444 687 si

167 731 276 806 iungere
298 725 427 790 volueris
449 730 700 808 praepositiones:
732 734 764 787 ut
785 729 935 807 possimus
956 731 1087 808 apertius
1112 727 1302 807 intellegere,
1325 727 1443 809 quando

167 838 226 892 suot
243 831 296 890 ista
319 831 349 890 io
372 829 448 900 loco,
473 829 590 910 quando
613 829 649 892 de
678 828 758 898 loco,
788 827 932 890 debemus
954 828 1064 892 addere
1091 831 1341 910 praepositiones,
1369 847 1442 908 quo·

147 935 233 995 aniam
254 931 289 992 de
310 931 455 1011 significat
477 931 514 992 de
536 931 601 994 loco
624 951 698 1001 esse,
722 929 759 992 de
782 932 862 992 intus
885 939 914 991 et
936 929 973 992 de
994 933 1078 995 loris.
1112 951 1184 1011 ergo
1206 934 1232 993 si
1252 933 1310 994 boc
1332 939 1386 1002 est,
1410 939 1444 994 ut

166 1035 223 1096 ideo
247 1033 344 1096 dicant
372 1033 536 1096 addendam
566 1052 633 1094 esse
668 1035 931 1114 praepositionem,
967 1037 1106 1111 quoniam
1133 1035 1279 1114 significat
1307 1034 1344 1095 de
1376 1032 1442 1095 loco

165 1145 261 1218 aperte,
286 1153 342 1215 ego
364 1154 438 1215 cogo
462 1145 490 1198 te
512 1137 612 1198 dicere
633 1135 669 1196 ad
692 1137 781 1205 intro,
806 1135 841 1196 ad
866 1135 953 1206 loras,
977 1144 1011 1198 ut
1025 1139 1155 1217 apertius
1177 1137 1214 1198 ad
1235 1135 1333 1198 locum
1351 1137 1443 1214 sigui·

166 1241 232 1302 tices.
275 1241 409 1300 novimus
432 1240 512 1299 euim
534 1240 601 1318 quia
624 1238 660 1301 ad
684 1237 720 1300 ad
742 1223 840 1299 locum
862 1239 1017 1317 significat.
1063 1257 1135 1317 ergo
1164 1239 1256 1300 debes
1284 1236 1384 1299 dicere
1406 1237 1443 1299 ad

166 1344 247 1412 intro,
282 1348 315 1402 ut
342 1342 475 1420 apertius
503 1341 651 1420 significes
680 1339 716 1402 ad
744 1339 860 1403 locum.
905 1339 957 1401 sed
985 1341 1043 1402 hoe
1073 1357 1260 1420 nequaquam
1286 1359 1444 1421 possumus

138 1444 260 1511 volacere,
284 1451 314 1504 et
335 1444 446 1504 utimur
468 1444 532 1504 sine
554 1444 784 1523 praepositione.
821 1451 851 1502 et
872 1441 990 1520 quando
1014 1444 1053 1504 sit
1074 1444 1248 1522 significatio
1270 1443 1316 1504 rel
1331 1445 1362 1504 in
1376 1442 1443 1504 loco

166 1544 202 1605 rel
222 1545 256 1606 de
277 1543 353 1616 loco,
377 1544 415 1606 de
438 1544 536 1606 verbis
557 1545 715 1624 intellegis.

236 1647 348 1710 decidit
360 1649 449 1708 etiam
461 1649 632 1728 conparatio
643 1646 799 1710 adverbiis.
823 1648 1051 1727 cooperationes
1065 1647 1273 1710 adverbiorum
1282 1654 1345 1710 tres
1359 1655 1443 1710 suut:
1457 1653 1516 1713 415,
1528 1654 1561 1700 24

166 1758 207 1810 out
218 1751 291 1812 enim
305 1750 463 1831 positivum
474 1749 597 1828 gradum
611 1751 762 1830 recipiunt
776 1757 826 1811 aut
840 1751 1062 1829 cooperativum
1076 1757 1125 1811 aut
1140 1749 1361 1830 superlativum.
1385 1752 1445 1831 pri·
1457 1721 1517 1850 ἓξὲξ
1531 1721 1563 1837 1}

165 1871 234 1913 mum
253 1854 330 1914 scire
353 1851 444 1913 debes
466 1871 526 1914 non
549 1853 647 1914 omnia
670 1850 810 1914 adverbia
832 1854 969 1932 recipere
985 1854 1221 1932 conparationes,
1244 1853 1296 1914 sed
1320 1871 1445 1934 eaquae
1474 1860 1477 1867 '

137 1967 155 2006 u
166 1955 264 2016 vlucvvnt
278 1956 425 2033 originem
442 1973 457 2015 a
470 1954 641 2016 nominibus
655 1953 870 2034 recipientibus
886 1956 1141 2034 conparationem.
1163 1973 1222 2016 non
1238 1974 1327 2017 omne
1341 1955 1445 2016 adver·
1492 2029 1498 2040 ι

165 2058 235 2118 lium
248 2056 357 2137 recipit
371 2057 622 2136 conparationem,
648 2056 700 2118 sed
721 2056 750 2117 id
767 2055 949 2126 adverbium,
971 2056 1050 2138 quod
1066 2057 1172 2138 recipit
1194 2059 1445 2138 conparationem,

167 2161 233 2220 venit
248 2177 262 2220 a
279 2157 449 2220 nominibus
470 2158 683 2240 recipientibus
697 2145 950 2239 conparationem.
974 2167 1046 2239 puta
1061 2159 1165 2220 doctus
1181 2161 1288 2239 recipit
1300 2177 1445 2239 conpara·

165 2263 271 2332 tionem,
290 2260 377 2322 docte
398 2259 524 2323 doctius.
560 2280 594 2323 ea
610 2279 682 2340 ergo
700 2260 837 2322 adverbia
855 2262 1004 2340 recipiunt
1020 2263 1270 2342 conparationem,
1289 2278 1365 2340 quae
1381 2261 1445 2342 dul-

166 2371 227 2424 cunt
240 2363 384 2441 originem
400 2381 416 2422 a
431 2362 601 2424 nominibus
616 2361 828 2442 recipientibus
843 2365 1096 2443 conparationem.
1120 2362 1190 2442 quid
1206 2382 1277 2442 ergo
1293 2365 1446 2442 sequitur?
1507 2379 1511 2384 ’

136 2463 207 2524 uitta
227 2463 371 2535 adverbia,
396 2482 472 2544 quae
495 2464 606 2527 ducunt
628 2466 773 2544 originem
789 2483 804 2524 a
821 2464 922 2536 verbo,
945 2484 1006 2527 non
1028 2467 1177 2546 recipiunt
1193 2467 1444 2545 conparationem,

166 2568 291 2643 moniam
322 2567 444 2629 verbum
479 2585 539 2628 non
567 2569 674 2647 recipit
707 2569 959 2646 conparationem.
1010 2575 1043 2629 ut
1075 2577 1146 2648 puta
1178 2570 1290 2630 cursim
1319 2569 1445 2630 strictim

167 2687 218 2730 non
243 2671 392 2749 recipiunt
419 2672 679 2749 conparationem,
713 2671 851 2749 quonium
880 2669 992 2731 ducunt
1018 2672 1161 2748 originem
1190 2687 1206 2730 a
1231 2668 1337 2740 verbo,
1367 2668 1445 2748 quod

166 2769 276 2833 verbum
298 2789 356 2833 non
379 2774 487 2851 recipit
508 2773 760 2852 conparationem.
795 2771 864 2851 quid
888 2769 938 2833 illa
961 2770 1109 2842 adverbia,
1133 2789 1209 2851 quae
1231 2774 1376 2851 originem
1392 2770 1446 2832 du·

167 2880 229 2933 crint
252 2891 267 2933 a
293 2876 484 2953 pronomine,
516 2876 634 2935 meatim
663 2876 784 2935 tuatim?
818 2893 878 2935 nou
906 2876 1057 2953 recipiunt
1084 2876 1342 2954 conparationem,
1373 2891 1447 2952 quo·

135 2976 236 3037 auiam
262 2994 315 3037 nec
344 2995 510 3057 pronomen
540 2977 647 3057 recipit
675 2978 926 3056 conparationem.
972 2977 1042 3057 quid
1071 2979 1096 3037 si
1122 2986 1192 3057 puta
1226 2975 1276 3037 illa
1308 2975 1446 3037 adverbia

166 3078 298 3155 originem
320 3078 470 3141 ducante
494 3079 721 3140 coniunctionet
758 3096 818 3139 non
833 3081 997 3159 ¹recipiunt
1019 3080 1272 3159 conparationem.
1318 3096 1389 3158 ergo
1412 3098 1447 3139 ea

166 3179 290 3243 adverbia
311 3183 460 3261 recipiunt
482 3182 739 3261 conparationem,
764 3198 839 3260 quae
862 3180 975 3243 ducunt
997 3182 1143 3260 originem
1169 3199 1185 3241 a
1208 3180 1377 3243 nominibus
1398 3199 1446 3241 re·

167 3282 328 3360 cipicntibus
350 3284 600 3363 conparationem.
646 3290 675 3343 et
700 3284 757 3346 ista
784 3284 848 3362 ipsa
871 3281 1035 3352 adverbia,
1059 3301 1136 3363 quae
1161 3285 1310 3363 recipiunt
1337 3301 1446 3363 conpa-

167 3386 307 3454 rationem,
331 3387 361 3446 in
385 3372 510 3465 positivo
533 3406 551 3442 a
573 3404 661 3449 unam
686 3385 817 3463 regulam
840 3384 959 3447 babent.
989 3387 1020 3446 in
1043 3387 1232 3465 comparativo
1255 3383 1335 3446 illam
1358 3403 1446 3467 quarn

71 3541 80 3555 .,
138 3485 282 3548 nutrimus
303 3486 435 3566 regulam
459 3488 528 3549 inde
551 3486 711 3567 probamus
733 3486 770 3548 de
789 3487 846 3549 hoo
867 3488 934 3567 ipso
956 3489 1077 3548 nomine
1098 3486 1174 3548 bene
1197 3487 1303 3549 melius
1325 3489 1445 3566 optime.

168 3597 287 3650 nonest
315 3589 419 3661 breve,
455 3596 487 3651 ut
509 3591 583 3650 scias
606 3588 740 3667 regulam
763 3588 949 3669 superlativi,
982 3588 1061 3651 unde
1083 3590 1214 3659 venerit,
1248 3592 1310 3652 sive
1337 3608 1354 3651 a
1380 3608 1446 3651 cor·

168 3698 241 3770 rapto
261 3693 400 3771 positivo,
430 3694 491 3752 sive
514 3712 530 3753 a
552 3690 712 3771 producto;
743 3690 834 3754 nihilo
864 3693 961 3753 minus
990 3690 1040 3752 illa
1061 3690 1166 3769 regula
1188 3698 1330 3753 remanet.
1376 3708 1446 3769 ergo

169 3792 202 3852 ita
225 3812 256 3854 se
282 3793 391 3855 babent
421 3792 550 3871 regulae.
601 3795 630 3853 iu
659 3794 785 3873 positivo
812 3793 889 3856 duae
920 3801 991 3856 sunt
1021 3792 1157 3872 regulae,
1191 3795 1223 3853 in
1256 3794 1447 3873 cooperative

171 3910 217 3955 una
239 3903 289 3957 est.
1126 3965 1128 3974 ¹

140 4009 160 4048 ³⁵
241 3998 314 4059 Sunt
334 3995 432 4076 aliqua
455 3997 592 4059 adverbia
615 4016 692 4077 quae
714 4016 774 4060 non
797 4000 947 4078 recipiunt
964 3995 970 4083 Ι
988 4001 1240 4079 conparationem,
1264 3998 1564 4066 etvolomustau,1v

174 4098 197 4157 in
216 4100 284 4179 ipsis
304 4099 406 4160 lacere
429 4101 680 4179 conparationem.
726 4118 826 4171 mane,
852 4120 911 4163 non
933 4117 1091 4181 possumus
1113 4101 1213 4163 dicere
1241 4101 1320 4180 quod
1346 4078 1564 4161 diouot⁵¹2v²⁰

201 4254 255 4261 --4—
270 4254 426 4261 --n-—q
447 4256 459 4261 -

228 4355 378 4419 bquouiam
391 4356 571 4424 significanti)
624 4358 638 4407 'l
658 4368 745 4423 aperte
764 4365 788 4406 et
806 4372 855 4423 ego
868 4358 932 4409 BCo
950 4370 1036 4423 operte
1053 4367 1078 4406 et
1096 4370 1158 4423 ergo
1171 4358 1196 4406 Α
1246 4354 1264 4405 8
1282 4354 1362 4404 debeo
1376 4355 1449 4406 ABG

231 4426 259 4475 12
276 4428 351 4477 etiam
366 4441 413 4477 orn.
428 4427 461 4487 Α,
478 4428 538 4477 odd.
550 4424 584 4477 o*
639 4426 670 4477 13
686 4428 754 4477 enim
774 4443 819 4480 oni.
835 4426 871 4489 A,
884 4427 974 4481 adda
1028 4428 1061 4479 19
1075 4424 1235 4477 secunturA
1287 4423 1398 4491 idergo
1417 4442 1448 4475 ea

174 4494 277 4545 adverbia
288 4498 414 4564 recipiunt
427 4500 633 4562 conparationem
648 4512 693 4547 orn.
708 4498 742 4559 A,
756 4498 818 4547 add.
831 4513 847 4546 o
900 4496 934 4548 29
946 4498 972 4547 iu
988 4498 1098 4563 positiuo
1112 4511 1188 4548 onam
1201 4494 1286 4546 ABG
1297 4495 1321 4543 in
1334 4496 1446 4561 poeitiuo

174 4577 213 4612 noo
231 4580 299 4616 unam
312 4583 338 4620 a.
351 4570 499 4619 sententiam
514 4570 671 4634 praemorior·
685 4568 819 4619 ostendunt
830 4582 860 4617 ea
873 4582 938 4633 quae
951 4568 983 4618 de
993 4569 1087 4633 repulia
1098 4568 1200 4631 positivi
1211 4573 1236 4616 et
1247 4568 1407 4629 conparatioi
1420 4574 1447 4615 et
1479 4608 1482 4614 .

65 4656 70 4667 ·
175 4638 304 4699 superlativi
318 4638 423 4701 scripsit
440 4638 544 4689 Servius
560 4642 585 4690 in
599 4640 664 4689 Deo.
679 4656 705 4703 p.
720 4638 781 4697 415,
796 4638 840 4690 28.
860 4640 945 4702 itaque
961 4640 1074 4687 lacunam
1090 4638 1212 4699 indicavi,
1229 4637 1256 4686 t'n
1271 4637 1376 4702 reliquie
1389 4650 1445 4685 cor-

177 4710 259 4765 raptam
272 4708 380 4758 ecdicum
395 4710 547 4772 arripueram
564 4708 658 4759 retinui
743 4706 778 4759 30
800 4706 915 4772 regulam
933 4708 993 4759 inde
1012 4706 1093 4758 Aac
1115 4708 1231 4772 regulam
1249 4706 1276 4756 in
1292 4706 1333 4754 ius
1351 4706 1411 4756 iude
1428 4722 1446 4755 a

233 4774 262 4827 at
277 4792 326 4827 non
344 4788 382 4829 est
397 4778 481 4830 Aac
497 4780 565 4843 quod
580 4790 618 4829 est
635 4794 651 4828 a
730 4781 827 4828 venerit
845 4794 890 4831 ono
907 4777 941 4839 A,
961 4778 1023 4827 add.
1043 4776 1076 4826 a*
1154 4782 1271 4842 correpto
1288 4778 1399 4841 poeitino
1415 4777 1446 4826 a*

180 4847 302 4910 eorreptiuo
320 4849 401 4914 posito
420 4850 444 4899 Α
461 4851 603 4915 correptiuo
623 4850 733 4915 positiuo
751 4848 805 4901 BG
872 4846 906 4899 32
924 4848 968 4899 illa
986 4847 1074 4914 regula
1091 4846 1171 4897 nihilo
1189 4848 1274 4897 minus
1290 4846 1316 4895 B
