3525 5600
562 420 611 481 DE
634 419 856 482 economus
878 422 1014 480 att—53
1370 416 1433 481 565

1246 539 1267 578 p.
1283 527 1326 566 tto.
1340 528 1365 565 ll
1379 526 1408 565 V.

144 609 215 678 tria,
248 625 304 685 ego
327 615 358 667 tu
386 606 452 677 ille;
481 609 563 667 linita
591 607 752 667 derivativa
775 607 813 676 V,
842 625 967 666 numero
989 606 1132 684 singulari
1156 625 1240 667 nrcus
1260 613 1329 666 tuus
1351 625 1431 673 suus,

144 729 270 770 numero
292 708 400 788 plurali
423 716 525 769 noster
548 717 659 777 vester,
683 709 847 788 horumque
863 709 1006 769 feminina
1021 707 1137 768 scilicet
1151 716 1181 767 et
1195 715 1312 768 neutra.
1335 711 1434 768 minus

142 831 232 890 quam
261 814 342 872 linita
365 810 417 880 Vl,
446 813 503 871 iste
531 813 596 889 ipse
625 811 674 870 bic
703 813 729 870 is
757 811 837 870 idern
865 812 926 879 sui,
956 812 1026 870 item
1053 828 1120 870 cum
1143 812 1205 870 suis
1227 811 1381 870 femininis
1403 818 1434 868 et

141 916 269 974 neutris.
315 932 350 973 ex
382 913 492 992 quibus
525 913 605 972 idem
638 923 667 974 et
701 911 856 973 masculini
888 919 919 971 et
952 913 1050 971 neutri
1083 915 1203 989 generis
1231 920 1292 982 est;
1321 913 1373 972 scd
1402 915 1432 970 in

117 1015 309 1076 arnasculino
331 1017 342 1074 i
364 1015 554 1094 producitur,
583 1015 615 1073 in
644 1021 751 1074 neutro
779 1015 954 1092 corripitur.
998 1015 1045 1073 sui
1073 1031 1158 1073 casus
1179 1013 1270 1074 babet
1292 1012 1346 1074 llll
1367 1022 1432 1074 tan·

140 1124 219 1186 tum,
249 1119 413 1195 genitivum
441 1117 573 1177 dativum
601 1117 806 1204 accusativmu
827 1115 1002 1185 ablativum,
1030 1117 1195 1192 genitivum
1217 1117 1278 1185 sui,
1303 1116 1432 1177 datimm

139 1218 216 1288 sibi,
241 1221 439 1280 accusativum
462 1237 509 1288 se,
533 1217 693 1278 ablativum
715 1237 731 1278 a
754 1235 802 1288 se;
826 1225 856 1276 et
877 1226 924 1277 est
938 1219 1034 1277 omnis
1049 1220 1170 1293 generis
1184 1219 1301 1278 numeri
1321 1221 1431 1278 utrius·

139 1339 208 1399 que
241 1323 355 1382 indulta
378 1319 443 1389 Vll,
467 1321 534 1398 quis
557 1319 653 1399 qualis
673 1319 742 1380 talis
765 1326 894 1399 quantus
915 1327 1014 1380 tantus
1036 1327 1144 1396 quotus
1166 1327 1259 1389 totus,
1282 1339 1350 1380 curn
1369 1322 1432 1380 suis

140 1423 283 1482 videlicet
304 1424 456 1482 femininis
478 1430 507 1483 ct
530 1424 654 1482 neutris.
699 1421 746 1482 bis
769 1421 882 1481 addunt
903 1421 1024 1500 qaudam
1046 1428 1118 1499 quot
1138 1429 1169 1480 et
1190 1428 1242 1489 tot,
1265 1441 1301 1482 ex
1323 1421 1433 1501 quibus

104 1545 126 1580 ιιι
140 1531 251 1604 quotus
275 1533 304 1585 et
326 1533 406 1584 totus
428 1525 505 1584 lacta
529 1530 610 1592 suut,
634 1525 711 1583 sicut
734 1525 832 1602 aquus
854 1525 937 1583 cuias
952 1530 982 1582 et
997 1541 1012 1582 a
1028 1530 1129 1583 noster
1149 1531 1280 1594 nostras,
1304 1531 1432 1584 avestnr

139 1633 271 1696 vestras,
295 1627 402 1687 cuiatis
424 1627 565 1686 nostratis
587 1627 738 1693 vestratis,
762 1643 836 1704 quae
861 1625 965 1684 Graeci
988 1620 1138 1696 ποδαπός
1159 1618 1329 1704 ἡμεδαπός
1349 1618 1431 1704 ὑμε-

138 1723 247 1800 dende
269 1729 381 1788 dicunt.

225 1830 306 1899 Quae
329 1849 365 1889 ex
388 1829 615 1908 pronominibus
638 1847 738 1889 casum
761 1831 925 1889 vocativum
947 1828 1115 1907 recipiunt?
1138 1828 1251 1887 linitum
1267 1829 1431 1907 principale

137 1931 291 1991 secundae
319 1950 463 2010 personae
492 1933 613 1991 merito:
652 1930 687 1990 ad
717 1929 791 1990 banc
821 1931 901 1989 enim
923 1949 939 1989 a
962 1931 1056 2009 prima
1080 1930 1220 2006 dirigitur
1242 1949 1340 1990 sermo
1361 1949 1430 2009 pro-

102 2033 255 2101 nlectus,
280 2041 325 2103 tu,
349 2041 381 2094 ut

294 2143 332 2195 tu
354 2154 503 2214 quoquc
527 2134 712 2195 litoribus
734 2135 894 2202 nostris,
919 2135 1057 2193 Aeneia
1079 2135 1223 2203 nutrix,

293 2255 318 2297 a.
342 2255 381 2296 m.
404 2239 426 2298 l.
450 2255 476 2296 c.
501 2237 651 2296 dedisti.

137 2341 212 2398 item
237 2341 319 2399 linita
342 2339 503 2400 derivativa
531 2359 546 2399 a
575 2341 671 2418 prima
700 2355 827 2417 persona
854 2337 1017 2406 venientia,
1041 2355 1117 2415 quae
1140 2340 1273 2416 quamvis
1295 2357 1310 2397 a
1333 2341 1429 2417 prima

135 2441 344 2510 deducantur,
369 2441 516 2500 secundae
538 2448 637 2501 tamen
660 2439 796 2499 obtinent
818 2438 929 2507 locum,
954 2445 987 2497 ut
1008 2438 1044 2498 ad
1068 2457 1118 2498 eas
1139 2457 1255 2518 ‹puoque
1278 2442 1344 2499 iure
1366 2459 1429 2499 ser-

97 2563 121 2598 so
136 2561 188 2602 rrro
211 2544 365 2622 proiectus
386 2543 534 2620 dirigatur
556 2561 572 2602 a
595 2543 690 2621 prima
715 2539 791 2618 (nam
815 2543 845 2600 in
869 2541 1006 2620 hisquae
1022 2559 1057 2600 ex
1073 2541 1200 2601 secunda
1223 2550 1387 2602 nascuntur
1410 2564 1429 2598 ιι

128 2646 172 2704 'de
198 2644 248 2704 lris
270 2662 449 2704 sermonen
473 2644 509 2704 ad
532 2663 581 2705 eas
604 2641 769 2720 dirigitur),
799 2663 816 2700 o
839 2645 880 2702 mi
902 2643 948 2702 rel
970 2661 988 2701 o
1010 2661 1107 2711 meus,
1137 2661 1256 2712 cruca,
1280 2663 1298 2702 o
1320 2663 1427 2712 nterim,

132 2767 150 2803 ιι
175 2755 294 2817 noster,
319 2766 336 2806 o
360 2753 473 2822 nostra,
498 2763 515 2805 o
537 2753 686 2807 nostrum:
715 2744 875 2805 Terentius
898 2745 963 2805 ‘mi
985 2742 1205 2825 Pampbilc’,
1229 2747 1293 2806 ‘uni
1315 2745 1427 2807 Plrae·

132 2850 250 2917 dria’,
267 2847 416 2926 Vergilius
439 2849 586 2927 ‘proice
609 2847 683 2909 tela
706 2865 824 2917 manu,
849 2850 1004 2924 sanguis
1020 2849 1142 2916 meus',
1160 2846 1427 2909 Terentius‘mea

130 2951 371 3029 Glycerium,
395 2952 537 3029 inquit,
561 2956 681 3009 curte
706 2950 737 3009 is
759 2950 994 3027 perdituml',
1018 2950 1089 3008 item
1105 2948 1176 3009 alibi
1199 2948 1328 3009 ‘llinis
1350 2970 1426 3015 mea

90 3072 171 3112 ιιιιι.
200 3056 248 3121 s.',
273 3050 344 3111 alibi
368 3054 404 3111 ‘o
427 3060 555 3112 noster
577 3052 756 3113 Chreme'.

222 3152 335 3224 Quare,
359 3172 426 3213 cum
448 3152 497 3213 ille
520 3153 570 3215 illa
593 3153 665 3213 illud
689 3162 718 3213 et
740 3156 795 3213 iste
819 3154 874 3213 ista
890 3153 970 3213 istud
985 3159 1090 3213 neutra
1105 3172 1158 3213 sua
1178 3172 1233 3232 per
1255 3152 1272 3212 d
1296 3153 1426 3213 litteram

129 3258 264 3325 l'aciant,
289 3257 351 3334 ipse
373 3256 437 3333 ipsa
459 3258 556 3333 ipsum
581 3274 639 3315 non
662 3256 771 3334 perd,
795 3256 845 3313 sed
869 3272 924 3333 per
947 3274 976 3313 m
999 3254 1129 3315 litteram
1144 3256 1235 3314 tacit?
1256 3254 1325 3333 qula
1348 3256 1425 3334 apud

127 3362 275 3438 antiquos
298 3376 356 3417 non
379 3358 473 3419 solum
496 3360 574 3436 ipse,
599 3357 649 3417 sed
673 3359 762 3417 etiam
784 3355 887 3435 ipsusl
911 3355 1080 3424 dicebatur,
1104 3364 1133 3415 et
1155 3358 1233 3417 sicut
1255 3376 1338 3417 meus
1361 3377 1425 3417 moa

127 3479 251 3527 mcum,
276 3461 316 3520 ita
339 3462 421 3539 ipsus
443 3462 507 3539 ipsa
530 3460 626 3539 ipsum
649 3458 736 3529 lecit,
759 3477 817 3517 non
841 3457 937 3537 ipsud.

87 3580 112 3619 ιι
221 3560 319 3630 Quare
349 3560 476 3621 ablativo
504 3580 573 3622 casu
603 3560 762 3639 dupliciter
785 3580 800 3619 a
823 3578 881 3639 quo
905 3559 951 3619 vel
973 3578 989 3619 a
1011 3561 1062 3638 qui
1085 3566 1114 3619 et
1136 3580 1153 3620 a
1175 3579 1233 3639 qua
1255 3561 1301 3621 vel
1324 3580 1340 3621 a
1362 3564 1424 3641 qui,

125 3666 207 3723 item
231 3662 330 3723 dativo
358 3662 465 3742 plurali
494 3667 562 3742 quis
590 3663 634 3723 vel
662 3662 785 3741 quibus,
810 3680 825 3722 a
848 3664 915 3741 quis
936 3661 982 3720 vel
1004 3680 1020 3720 a
1042 3661 1152 3740 quibus
1173 3662 1317 3724 dicimus?
1352 3684 1425 3742 quo-

125 3768 214 3825 niam
245 3764 321 3844 apud
350 3767 488 3845 antiquos
516 3784 574 3825 non
604 3765 699 3825 solum
728 3764 779 3843 qui
808 3766 879 3832 viri,
908 3770 978 3842 puta
1007 3766 1058 3842 qui
1087 3765 1216 3834 iudices,
1249 3765 1301 3824 sed
1335 3768 1424 3825 ctiam

123 3884 207 3945 ques
232 3866 304 3934 viri,
333 3884 406 3945 ques
429 3865 558 3935 iudices,
587 3885 642 3926 nec
670 3865 764 3927 solum
778 3883 867 3944 ,quae
891 3866 1034 3934 feminac,
1058 3866 1109 3925 sed
1132 3868 1221 3927 etiam
1243 3884 1317 3945 ques
1338 3868 1423 3928 lerni-

123 3987 187 4029 nae
214 3966 385 4039 dicebatur,
414 3976 447 4028 ut
475 3969 555 4028 iuxta
583 3968 714 4046 regulam
744 3967 892 4027 secundae
920 3972 949 4023 et
973 3968 1077 4026 tertiae
1100 3966 1307 4028 dominationis
1327 3988 1343 4028 a
1365 3988 1424 4048 qtro

84 4092 110 4127 :u
124 4068 259 4149 quidem
281 4072 348 4147 quis
370 4066 456 4137 viris,
480 4088 495 4129 a
518 4072 569 4148 qui
591 4088 662 4129 vero
684 4068 793 4148 quibus
815 4070 889 4128 viris
912 4070 1019 4127 merito
1041 4070 1104 4129 fiat:
1135 4072 1235 4149 ‘quis
1257 4078 1339 4130 ante
1362 4089 1423 4130 ora

124 4175 301 4251 patrum'
325 4179 355 4231 et
376 4172 477 4250 ‘quis
500 4190 621 4250 neque
644 4189 718 4231 mos
740 4187 858 4248 neque
883 4170 1007 4230 cultus
1029 4174 1138 4231 erat'.

204 4341 237 4389 lb
256 4337 408 4405 ruquoquc]
433 4343 510 4405 Verp.
533 4341 597 4393 Aen,
619 4343 661 4389 Vll
686 4341 698 4390 l
770 4338 867 4401 aeneia]
890 4341 913 4387 in
934 4340 1003 4389 eaB
1073 4341 1158 4389 nutrix
1173 4340 1265 4389 dedisti
1282 4356 1306 4389 o.
1319 4356 1353 4390 nv.
1368 4342 1387 4392 l.
1400 4358 1421 4391 r.

122 4411 227 4459 dedisti
250 4408 274 4456 B
343 4410 377 4459 20
397 4408 542 4475 noscuntur]
562 4415 637 4475 ‘quae
653 4418 711 4475 post
727 4408 791 4458 done
808 4425 890 4458 uocem
903 4417 1041 4473 sequuntur
1057 4411 1122 4458 adeo
1136 4412 1256 4471 evanida,
1272 4418 1301 4459 ut
1318 4413 1424 4474 amplios

121 4483 181 4544 lepr'
200 4494 251 4526 non
267 4480 372 4541 possint,
387 4484 539 4543 carpatium
555 4489 610 4529 octo
625 4482 663 4529 nel
679 4496 762 4529 nouem
779 4481 909 4529 limorum
924 4477 1041 4543 explent'
1062 4481 1144 4528 editor
1164 4479 1363 4531 Vindoboaenric

122 4554 162 4599 22
185 4550 222 4597 ml
243 4546 383 4613 Pamphile]
409 4548 510 4601 Terent.
527 4550 610 4603 Audr.
632 4550 737 4609 15,n1
825 4550 858 4597 ml
877 4548 959 4597 ledrin
979 4550 1018 4599 B:
1041 4548 1141 4601 Terent.
1161 4550 1226 4599 Eun.
1247 4550 1256 4596 l
1275 4552 1300 4611 2,
1322 4551 1354 4601 15

122 4620 162 4670 23
180 4616 283 4683 proice]
309 4619 388 4681 Verp.
414 4622 475 4669 Aen.
495 4619 527 4667 Vl
547 4620 599 4670 836
685 4634 741 4668 meu
760 4619 885 4667 clicerlum
905 4618 994 4681 inquid
1011 4616 1050 4669 B:
1076 4618 1176 4668 Terent.
1194 4620 1278 4669 Andr.
1299 4622 1305 4668 l
1329 4621 1352 4674 1,
1374 4618 1422 4670 1οῖ

82 4685 91 4703 ⁰
203 4685 677 4753 eatinis]Terene.Ew1.lttt,2
733 4691 766 4738 25
786 4706 800 4735 o
817 4686 912 4751 noster]
930 4690 1028 4737 Terent.
1043 4689 1126 4744 Andr,
1144 4692 1167 4738 V
1185 4690 1245 4743 25
1297 4690 1330 4738 27
1351 4687 1420 4755 lacit]

122 4760 210 4809 l'ucint
227 4757 253 4806 B
323 4759 391 4821 apud
411 4760 509 4809 anticus
525 4758 551 4809 B
637 4758 670 4807 32
689 4760 757 4822 apud
775 4760 872 4807 anticus
890 4758 916 4806 B
996 4762 1068 4821 ‘puto
1085 4760 1165 4811 tribur
1179 4760 1278 4821 prmctr'or
1294 4760 1320 4807 in
1337 4761 1423 4809 codiee

121 4831 245 4879 notatur’
267 4830 348 4878 editor
370 4828 572 4881 Wodnbonensie
623 4826 657 4879 ³3
676 4829 721 4877 sed
741 4828 816 4877 etiem
831 4844 910 4889 quaes
929 4827 1038 4876 feminae
1050 4830 1075 4878 B
1126 4830 1160 4879 35
1178 4830 1236 4893 quis
1249 4827 1318 4895 onte]
1342 4831 1421 4893 Verp.

121 4901 196 4952 Aen.
217 4898 280 4948 195
350 4895 558 4965 adquisitoque]
585 4898 662 4963 Verp.
681 4898 746 4951 Aen.
766 4900 822 4949 Vlll
842 4897 893 4949 316
