3525 5600
344 411 408 476 590
774 409 825 472 DE
848 409 972 472 llVBllS
995 407 1201 472 NOMlNlBVS

372 520 516 576 pQfflst

431 601 534 683 Syrma
557 601 677 678 generis
700 601 813 670 neutri;
837 601 954 678 priores
975 599 1128 666 seminini,
1152 603 1185 657 ut
1198 596 1355 658 Cornelius
1368 597 1494 674 ‘tragica
1508 605 1607 676 sprna‘.

430 702 568 783 Supellex
592 703 713 780 generis
735 702 886 770 leminini,
909 708 942 760 ut
963 701 1146 761 Prudentius
1167 703 1246 760 ‘tota
1268 692 1634 781 supeantmnunsa)

431 806 513 866 Situs
535 805 590 865 loci
615 805 734 881 generis
757 803 930 872 masculini,
953 809 986 862 ut
1007 803 1132 862 Porcina
1154 800 1223 861 ‘ille
1245 803 1322 862 situs
1344 801 1442 862 lelix’.

429 907 591 968 Seabillum
621 906 740 984 generis
768 907 885 974 nentri,
921 906 999 966 sieut
1026 922 1194 972 scamnum,
1230 911 1263 965 ut
1290 904 1384 963 Varro
1411 905 1443 963 in
1468 905 1611 966 actionibus

346 1013 481 1072 scenicis.
1619 1035 1629 1060 ι

430 1111 505 1172 Sues
527 1127 637 1188 genere
659 1109 803 1170 lerninino
826 1109 967 1170 dixerunt
990 1111 1121 1188 antiqui,
1145 1108 1272 1168 utillud
1295 1104 1393 1185 (Petri
1408 1124 1455 1183 ep.
1478 1105 1610 1188 11222)

347 1221 416 1275 ‘sus
444 1213 502 1274 lota
531 1214 562 1272 in
591 1209 745 1272 volutabro
773 1210 826 1272 luti
835 1215 853 1270 ’.
900 1211 951 1271 sed
981 1210 1121 1289 Virgilius
1150 1207 1190 1288 [a.
1213 1210 1225 1270 Ι
1248 1205 1321 1289 400)
1343 1227 1454 1286 genere
1475 1209 1611 1270 masculino

347 1314 499 1376 ‘inmundi
522 1314 686 1374 meminere
710 1314 808 1372 sues’.
1707 1342 1708 1359 ι

432 1417 543 1477 Saccus
558 1418 678 1493 generis
695 1415 864 1484 masculini,
887 1421 920 1474 nt
936 1414 1029 1474 Varro
1044 1415 1161 1474 ‘vinum
1179 1415 1227 1474 rui
1243 1413 1320 1474 nibil
1336 1414 1470 1474 saccnlus
1484 1413 1610 1474 abstubi'.
1707 1368 1708 1455 l

431 1519 511 1598 Stips
534 1518 570 1577 de
594 1517 694 1595 stipite
717 1519 837 1594 generis
859 1518 1011 1584 leminini,
1041 1526 1073 1576 ut
1094 1519 1187 1596 stirps
1208 1515 1246 1576 ab
1267 1517 1371 1594 stirpe.
1413 1505 1419 1518 ’
1622 1539 1639 1571 u

432 1621 507 1700 Seps
529 1621 649 1697 generis
671 1619 822 1687 seminini,
847 1624 878 1678 ut
894 1619 1036 1697 Virgilius
1052 1615 1088 1697 (b.
1109 1616 1136 1688 1,
1152 1615 1204 1700 54)
1228 1619 1340 1678 ‘vicina
1363 1617 1401 1677 ab
1423 1618 1512 1678 liroite
1532 1621 1610 1697 seps’;
1707 1666 1708 1703 3

348 1722 399 1782 sed
422 1721 530 1782 melius
552 1722 647 1799 sepis,
670 1720 738 1798 quia
760 1723 929 1799 praesepis,
952 1740 1012 1782 non
1034 1739 1185 1800 praeseps.
1707 1706 1708 1721 ¹

433 1822 606 1884 Stomachus
634 1823 753 1898 generis
782 1822 951 1891 masculini,
979 1825 1115 1902 qrramvis
1136 1843 1154 1878 a
1191 1822 1347 1902 pluraliter
1374 1822 1455 1882 dicat
1475 1822 1612 1882 ‘stomachi
1707 1816 1708 1899 Ῐ

348 1944 444 2004 nuper
466 1926 611 2004 deeepti’.
638 1923 641 2003 l
1707 1912 1708 2005 l

433 2026 524 2088 Stiria
546 2027 687 2086 dicuntur
702 2023 739 2086 ab
760 2025 862 2096 stillis,
886 2046 962 2106 quac
978 2027 1119 2104 Virgilius
1142 2024 1182 2102 [a.
1199 2023 1327 2104 111360)
1350 2043 1460 2103 genere
1481 2029 1640 2095 lamiriaco
1707 2080 1708 2089 ,

348 2128 441 2188 Varro
464 2136 569 2189 neutro
592 2127 676 2190 dixit,
721 2129 772 2188 sed
797 2130 868 2190 vicit
890 2127 1007 2207 Virgilii
1030 2130 1199 2190 minoritas.

433 2231 538 2290 Strues
559 2232 680 2308 generis
702 2231 854 2298 feminini,
879 2238 911 2290 ut
934 2231 1084 2292 Fabianus
1106 2232 1295 2292 ‘coacervata
1318 2233 1446 2291 strues’.

435 2331 535 2394 Scalas
557 2339 587 2392 et
609 2350 713 2410 scopas
740 2340 850 2408 negant
871 2335 1057 2409 grammatici
1080 2333 1251 2412 pluralitem
1280 2332 1331 2392 sed
1354 2333 1530 2392 consuetudo
1549 2333 1612 2390 riuis.

433 2433 539 2494 Serum
567 2433 653 2494 laetis
680 2435 800 2510 generis
829 2437 943 2504 neutri,
973 2444 1005 2495 ut
1033 2433 1173 2494 Rabirius
1199 2436 1247 2495 ‘in
1276 2442 1413 2494 tenerum
1440 2441 1485 2493 est
1509 2434 1612 2493 deducta

349 2555 449 2596 serum
471 2554 541 2614 pars
563 2538 666 2596 intima
689 2534 801 2596 lactis'.
1060 2553 1071 2580 ⁴
1622 2561 1641 2595 s

434 2636 580 2698 Salientes
613 2654 756 2716 aquarum
790 2641 912 2714 generis
944 2638 1116 2708 masculini,
1150 2645 1184 2698 ut
1215 2639 1331 2700 Caelius
1364 2640 1550 2717 ‘perpetuum
1577 2657 1612 2696 sa-

349 2740 499 2801 lientem'.

435 2841 519 2903 Serta
543 2841 699 2922 pluraliter
721 2841 796 2902 dixit
812 2843 955 2921 Virgilius
975 2861 994 2896 s
1024 2843 1099 2902 ‘linc
1122 2844 1192 2903 ades
1207 2843 1299 2904 Aonia
1322 2845 1438 2903 crinem
1460 2842 1614 2902 circumdata

355 2944 461 3003 serta'.
509 2944 561 3004 sed
583 2943 757 3023 Propertius
780 2942 896 3021 (1133,
919 2941 971 3024 37)
994 2944 1068 3004 dicit
1090 2946 1175 3004 ‘eum
1198 2950 1248 3004 tua
1270 2946 1474 3024 praependent
1493 2944 1615 3005 demissae

353 3048 383 3106 in
408 3044 512 3125 poeula
535 3047 659 3107 sertae'.
705 3054 773 3107 sunt
797 3048 875 3107 eninr
899 3055 996 3107 sertae
1019 3049 1097 3107 sieut
1118 3064 1254 3106 coronae.

436 3146 601 3226 Simpulum
624 3149 743 3225 generis
764 3151 880 3217 neutri,
904 3156 937 3209 ut
960 3150 1051 3209 Varro
1073 3148 1109 3208 ad
1126 3148 1284 3208 Neronem.

423 3336 436 3386 l
455 3349 540 3400 syrma
555 3335 639 3387 Prisc.
655 3334 720 3399 200,
740 3336 753 3385 1
828 3333 861 3386 10
878 3338 943 3401 stips
959 3334 1035 3386 cuer.
1056 3334 1114 3395 100,
1130 3334 1165 3384 20
1237 3333 1268 3385 13
1285 3335 1431 3385 stomachus
1451 3335 1522 3385 ebor.
1537 3334 1574 3393 81,
1589 3334 1615 3381 21

420 3404 453 3455 23
472 3414 539 3455 serta
559 3406 635 3458 Cleua.
651 3404 709 3469 107,
730 3406 763 3455 25
780 3402 852 3456 Seru.
872 3408 899 3455 in
919 3407 998 3471 Verg.
1017 3406 1082 3457 Aen.
1103 3404 1181 3455 1417

425 3577 574 3628 lairmaL
644 3576 764 3625 cornilius
785 3576 818 3627 M
829 3578 854 3621 V
921 3578 1018 3643 tragica
1036 3592 1122 3641 syrma
1141 3577 1267 3639 Haupnue
1285 3576 1333 3625 tria
1349 3590 1428 3641 greca
1445 3576 1566 3641 sgrmaV
1578 3585 1616 3621 ιιι·

352 3660 441 3712 grenta
459 3660 532 3709 casyr
552 3646 584 3697 M
633 3645 802 3711 2anppellex
820 3647 892 3698 ML:
911 3647 1029 3712 supellex
1047 3674 1081 3683 -
1099 3656 1151 3695 tota
1168 3645 1284 3712 supellex
1301 3662 1348 3699 oar.
1369 3646 1397 3693 V
1466 3655 1515 3694 tota
1528 3645 1616 3709 supplex

353 3716 397 3765 M:
417 3716 488 3780 opud
500 3716 661 3765 Prudentiori
678 3716 755 3767 uerba
774 3732 822 3767 uon
835 3719 919 3769 inueni
985 3716 1002 3767 3
1022 3715 1064 3765 ille
1081 3717 1112 3768 H.
1130 3716 1253 3779 meyerus
1270 3724 1335 3766 orat.
1348 3716 1419 3765 Rosa.
1437 3718 1528 3780 frepus.
1543 3731 1567 3777 p.
1581 3711 1617 3763 100

353 3786 393 3839 ed.
414 3802 464 3839 sec.
484 3784 520 3835 illi
537 3786 570 3835 M
586 3786 636 3834 illia
655 3786 680 3833 V
767 3788 782 3836 5
801 3788 909 3836 scenicis
928 3786 1056 3850 Hauptius
1078 3788 1155 3836 seinis
1175 3786 1207 3835 M
1215 3788 1248 3839 V.
1273 3788 1385 3850 sepiatur
1401 3789 1429 3835 ise
1444 3788 1469 3836 L
1485 3786 1557 3851 stirps
1570 3796 1615 3848 geu.
1707 3815 1708 3820 ,

355 3856 414 3907 lem.
467 3855 630 3920 inclutapro
648 3855 707 3904 lutis
724 3856 789 3923 uirg.
810 3856 843 3904 M
892 3857 1056 3907 8miminere
1074 3858 1099 3905 V
1118 3856 1257 3905 mimineris
1273 3856 1307 3906 M
1356 3854 1485 3921 VVarro]
1506 3854 1616 3917 Mirari.
1707 3845 1709 3872 r

352 3927 422 3988 apud
435 3926 486 3976 otc.
501 3926 586 3989 defin.
604 3926 625 3974 ll
641 3924 665 3984 8,
679 3926 712 3977 23
750 3924 782 3975 10
799 3926 863 3989 stips
881 3944 928 3979 ora.
943 3928 967 3977 L
1020 3926 1052 3976 de
1070 3926 1163 3993 stipide
1180 3926 1249 3975 MV
1299 3935 1326 3975 ιιι
1343 3926 1430 3993 atirips
1446 3926 1479 3974 M
1528 3925 1553 3975 ll
1570 3938 1616 3985 sepe

353 3997 377 4046 L
429 3996 513 4045 uicina
526 3996 557 4045 ad
575 3996 668 4045 limites
684 4010 743 4061 seps
757 3996 788 4045 M
805 3996 889 4045 uicino
901 3998 933 4046 ab
953 3996 1046 4046 limites
1059 4012 1119 4062 sepa
1136 3998 1168 4045 V.
1186 4012 1246 4062 seps
1261 4003 1300 4046 est
1318 3995 1388 4058 apud
1404 3996 1537 4060 Vergiliana
1545 3994 1616 4057 legisse
1707 4049 1708 4052 Ἴ

350 4067 535 4131 pranuncticwu
552 4068 656 4115 coniecit
669 4065 798 4127 Haerptiue
870 4067 901 4116 12
919 4064 989 4133 qnia]
1010 4067 1026 4129 ξ
1046 4067 1079 4116 Μ
1150 4067 1179 4117 13
1198 4070 1320 4124 lacunam,
1336 4081 1386 4129 qua
1404 4081 1492 4117 annea
1505 4064 1617 4125 repunt

353 4136 457 4192 excidit,
476 4134 585 4185 indicaui
655 4136 686 4185 la
700 4136 771 4185 stiria
788 4150 835 4189 om.
855 4137 878 4186 L
961 4136 993 4185 ab
1013 4137 1087 4186 stillis
1107 4138 1234 4201 Hauptiua
1249 4138 1303 4185 coll.
1323 4134 1394 4185 Sero.
1414 4140 1439 4185 iu
1456 4137 1531 4199 Verg.
1546 4146 1616 4197 penn-
1707 4143 1708 4166 ι

353 4210 407 4258 bc.
425 4205 539 4255 obstitis
559 4204 626 4255 MV
694 4202 758 4269 ῆΜ
777 4205 837 4267 qnia
860 4202 887 4253 V
963 4206 995 4256 10
1013 4209 1079 4255 tricet
1095 4206 1129 4254 M
1205 4206 1237 4256 l‘l
1259 4205 1378 4255 lauiauus
1397 4205 1465 4254 MV
1529 4217 1617 4265 quare
1707 4195 1708 4210 ¹

354 4282 425 4325 ructa
443 4274 475 4322 M
546 4274 577 4325 10
592 4274 659 4323 scale
678 4274 813 4325 dicendum
833 4284 857 4323 et
875 4290 951 4339 scopa
969 4292 1029 4341 gen.
1047 4276 1108 4329 lem.
1124 4277 1162 4326 L:
1183 4291 1276 4339 scirpus
1294 4276 1360 4326 MV
1426 4272 1559 4338 regantll.
1573 4272 1617 4332 sor·
1707 4329 1708 4332 Ἴ

352 4353 421 4395 turae
440 4352 534 4410 negant
552 4346 711 4409 grammatici
728 4344 892 4409 singulariter
908 4345 969 4398 dici,
988 4362 1045 4396 mm
1061 4346 1154 4395 scalam
1177 4353 1204 4395 et
1219 4360 1321 4411 scopam
1337 4364 1354 4397 a
1373 4343 1546 4395 recensionem
1561 4342 1618 4391 edm
1707 4345 1708 4362 ³

351 4430 428 4480 saepe
446 4416 610 4478 singulariter
625 4412 716 4464 dietam
735 4430 790 4465 esee
802 4422 903 4465 constan
974 4416 1006 4467 10
1024 4417 1138 4466 lactantia
1154 4417 1187 4467 M
1252 4416 1287 4465 20
1302 4418 1327 4464 io
1346 4426 1461 4464 tenerum
1480 4426 1516 4463 eat
1529 4412 1616 4463 deducta
1707 4411 1709 4449 i

353 4500 436 4534 serum
459 4500 518 4549 pars
542 4486 630 4535 intima
654 4483 726 4535 lactis
743 4485 872 4547 Hmeptina
890 4486 916 4534 in
940 4494 1040 4535 teneura
1060 4496 1098 4536 est
1122 4486 1228 4536 deducta
1253 4488 1278 4533 in
1301 4485 1340 4549 (in
1360 4501 1406 4534 om.
1425 4484 1467 4547 V)
1485 4481 1616 4549 parsimonia
1707 4481 1708 4542 i

353 4556 424 4605 lactis
443 4554 510 4603 MV
559 4556 590 4604 21
610 4554 688 4603 celius
708 4555 734 4603 V
776 4555 810 4607 23
829 4556 918 4604 sirium
934 4570 995 4621 gen.
1016 4566 1083 4606 nent.
1102 4558 1127 4607 L
1181 4556 1243 4605 dicit
1262 4556 1287 4603 V
1336 4557 1429 4605 lamma
1445 4570 1515 4619 qum
1530 4550 1618 4601 eadm
1707 4585 1709 4624 ;

352 4626 449 4674 excidit
466 4639 553 4675 annu
575 4626 683 4688 Vergilii
698 4625 778 4680 bucol.
797 4624 821 4689 6,
842 4624 882 4688 10,
901 4642 971 4691 quem
989 4643 1039 4677 ama
1056 4642 1109 4676 cura
1127 4642 1201 4677 aerae
1218 4626 1327 4675 Cornelii
1341 4625 1440 4687 Seueri,
1458 4626 1501 4687 pei
1516 4623 1615 4687 regular,

353 4702 378 4745 et
395 4694 525 4757 Propertii
540 4696 624 4758 posuit
637 4694 766 4745 Charisius
835 4694 885 4744 huc
903 4696 964 4746 ades
983 4698 1145 4746 aumaerinae
1164 4696 1332 4745 circumdatae
1350 4703 1433 4744 sertae
1456 4694 1483 4741 V
1494 4693 1540 4742 buc
1555 4690 1616 4739 adies

352 4766 396 4817 air.
416 4766 501 4815 aerina
517 4764 670 4814 circumdate
684 4776 752 4815 serta
768 4766 800 4814 M
850 4766 885 4815 24
904 4769 946 4816 tua'a
963 4768 1136 4833 praependent
1154 4765 1187 4815 M
1202 4776 1245 4814 tua
1262 4766 1419 4830 praeandeut
1443 4766 1469 4814 V
1520 4761 1616 4810 clausisse

355 4834 386 4881 M
471 4835 504 4883 25
519 4834 609 4898 poculo
630 4834 694 4885 MV
772 4834 806 4885 20
825 4837 962 4901 simpulum
980 4837 1109 4901 Hauptius
1124 4836 1259 4885 simbolum
1281 4834 1348 4884 MV
1362 4834 1494 4884 simbolum
1512 4833 1533 4882 L
1591 4827 1615 4875 nd
1707 4839 1709 4884 ἒ

353 4902 476 4953 Neronem
496 4904 623 4969 Hauptiua
640 4904 665 4955 in
682 4919 799 4955 neronem
817 4905 849 4955 M
858 4907 884 4957 V
1707 4899 1709 4934 l
