<?xml version="1.0" encoding="UTF-8"?>
<!DOCTYPE html PUBLIC "-//W3C//DTD XHTML 1.0 Transitional//EN"
    "http://www.w3.org/TR/xhtml1/DTD/xhtml1-transitional.dtd">
<html xmlns="http://www.w3.org/1999/xhtml" xml:lang="en" lang="en">
 <head>
  <title>
</title>
<meta http-equiv="Content-Type" content="text/html;charset=utf-8" />
  <meta name='ocr-system' content='tesseract 3.04.00' />
  <meta name='ocr-capabilities' content='ocr_page ocr_carea ocr_par ocr_line ocrx_word'/>
</head>
<body>
  <div class='ocr_page' id='page_1' title='image "./grammaticilatin03hagagoog_0520.png"; bbox 0 0 3525 5600; ppageno 0'>
   <div class='ocr_carea' id='block_1_1' title="bbox 340 374 1085 442">
    <p class='ocr_par' dir='ltr' id='par_1_1' title="bbox 340 374 1085 442">
     <span class='ocr_line' id='line_1_1' title="bbox 340 374 1085 442; baseline -0.007 0"><span class='ocrx_word' id='word_1_1' title='bbox 340 377 404 442; x_wconf 87' lang='lat'><strong>510</strong></span> <span class='ocrx_word' id='word_1_2' title='bbox 762 387 767 398; x_wconf 81' lang='grc'><em>’</em></span> <span class='ocrx_word' id='word_1_3' title='bbox 886 374 1085 437; x_wconf 77' lang='lat' dir='ltr'><strong>nvcvsrmi</strong></span> 
     </span>
    </p>
   </div>
   <div class='ocr_carea' id='block_1_2' title="bbox 366 481 542 542">
    <p class='ocr_par' dir='ltr' id='par_1_2' title="bbox 366 481 542 542">
     <span class='ocr_line' id='line_1_2' title="bbox 366 481 542 542; baseline -0.011 -15"><span class='ocrx_word' id='word_1_4' title='bbox 366 501 389 542; x_wconf 72' lang='lat' dir='ltr'><strong>p.</strong></span> <span class='ocrx_word' id='word_1_5' title='bbox 403 486 505 530; x_wconf 81' lang='lat' dir='ltr'><strong>reno-er</strong></span> <span class='ocrx_word' id='word_1_6' title='bbox 520 481 542 525; x_wconf 84' lang='lat'><strong>1¹.</strong></span> 
     </span>
    </p>
   </div>
   <div class='ocr_carea' id='block_1_3' title="bbox 340 563 1700 4553">
    <p class='ocr_par' dir='ltr' id='par_1_3' title="bbox 340 563 1694 902">
     <span class='ocr_line' id='line_1_3' title="bbox 342 563 1694 648; baseline 0.001 -20"><span class='ocrx_word' id='word_1_7' title='bbox 342 569 488 648; x_wconf 87' lang='lat' dir='ltr'><strong>perfecto,</strong></span> <span class='ocrx_word' id='word_1_8' title='bbox 517 565 569 628; x_wconf 89' lang='lat' dir='ltr'><strong>ubi</strong></span> <span class='ocrx_word' id='word_1_9' title='bbox 597 567 798 643; x_wconf 84' lang='lat' dir='ltr'><strong>significamus</strong></span> <span class='ocrx_word' id='word_1_10' title='bbox 827 583 887 626; x_wconf 92' lang='lat' dir='ltr'><strong>uon</strong></span> <span class='ocrx_word' id='word_1_11' title='bbox 914 565 1009 626; x_wconf 91' lang='lat' dir='ltr'><strong>solum</strong></span> <span class='ocrx_word' id='word_1_12' title='bbox 1037 582 1091 624; x_wconf 91' lang='lat' dir='ltr'><strong>nos</strong></span> <span class='ocrx_word' id='word_1_13' title='bbox 1118 563 1231 644; x_wconf 91' lang='lat' dir='ltr'><strong>aliquid</strong></span> <span class='ocrx_word' id='word_1_14' title='bbox 1259 564 1436 644; x_wconf 82' lang='lat' dir='ltr'><strong>perfecisse,</strong></span> <span class='ocrx_word' id='word_1_15' title='bbox 1464 565 1596 630; x_wconf 85' lang='lat' dir='ltr'><strong>sedetiam</strong></span> <span class='ocrx_word' id='word_1_16' title='bbox 1693 582 1694 611; x_wconf 56' lang='grc' dir='ltr'>ι</span> 
     </span>
     <span class='ocr_line' id='line_1_4' title="bbox 341 642 1694 734; baseline 0.001 -20"><span class='ocrx_word' id='word_1_17' title='bbox 341 653 465 722; x_wconf 91' lang='lat' dir='ltr'><strong>dudmn,</strong></span> <span class='ocrx_word' id='word_1_18' title='bbox 490 659 519 712; x_wconf 94' lang='lat' dir='ltr'><strong>et</strong></span> <span class='ocrx_word' id='word_1_19' title='bbox 540 645 676 734; x_wconf 77' lang='lat' dir='ltr'><strong>diluimus</strong></span> <span class='ocrx_word' id='word_1_20' title='bbox 699 651 894 712; x_wconf 81' lang='lat' dir='ltr'><strong>clamaveram</strong></span> <span class='ocrx_word' id='word_1_21' title='bbox 916 667 971 729; x_wconf 77' lang='lat' dir='ltr'><strong>ego</strong></span> <span class='ocrx_word' id='word_1_22' title='bbox 993 649 1174 711; x_wconf 91' lang='lat' dir='ltr'><strong>clamaveras</strong></span> <span class='ocrx_word' id='word_1_23' title='bbox 1196 658 1229 710; x_wconf 92' lang='lat' dir='ltr'><strong>tu</strong></span> <span class='ocrx_word' id='word_1_24' title='bbox 1250 649 1428 710; x_wconf 87' lang='lat' dir='ltr'><strong>clamaverat</strong></span> <span class='ocrx_word' id='word_1_25' title='bbox 1450 648 1496 708; x_wconf 91' lang='lat' dir='ltr'><strong>ille</strong></span> <span class='ocrx_word' id='word_1_26' title='bbox 1514 652 1595 714; x_wconf 88' lang='lat' dir='ltr'><strong>ciana·</strong></span> <span class='ocrx_word' id='word_1_27' title='bbox 1693 642 1694 733; x_wconf 73' lang='lat' dir='ltr'><strong>l</strong></span> 
     </span>
     <span class='ocr_line' id='line_1_5' title="bbox 340 735 1694 815; baseline 0.001 -18"><span class='ocrx_word' id='word_1_28' title='bbox 340 757 476 800; x_wconf 83' lang='lat' dir='ltr'><strong>voramus</strong></span> <span class='ocrx_word' id='word_1_29' title='bbox 504 756 557 797; x_wconf 90' lang='lat' dir='ltr'><strong>nos</strong></span> <span class='ocrx_word' id='word_1_30' title='bbox 586 737 791 798; x_wconf 88' lang='lat' dir='ltr'><strong>clamaveratis</strong></span> <span class='ocrx_word' id='word_1_31' title='bbox 818 755 869 796; x_wconf 89' lang='lat' dir='ltr'><strong>vos</strong></span> <span class='ocrx_word' id='word_1_32' title='bbox 896 735 1094 797; x_wconf 78' lang='lat' dir='ltr'><strong>clamaverant</strong></span> <span class='ocrx_word' id='word_1_33' title='bbox 1113 735 1180 806; x_wconf 78' lang='lat' dir='ltr'><strong>&#39;illi;</strong></span> <span class='ocrx_word' id='word_1_34' title='bbox 1209 743 1344 815; x_wconf 88' lang='lat' dir='ltr'><strong>tempore</strong></span> <span class='ocrx_word' id='word_1_35' title='bbox 1372 735 1473 795; x_wconf 90' lang='lat' dir='ltr'><strong>iuturo</strong></span> <span class='ocrx_word' id='word_1_36' title='bbox 1492 736 1597 799; x_wconf 83' lang='lat' dir='ltr'><strong>clamabo</strong></span> <span class='ocrx_word' id='word_1_37' title='bbox 1693 744 1694 789; x_wconf 76' lang='lat' dir='ltr'><strong>l</strong></span> 
     </span>
     <span class='ocr_line' id='line_1_6' title="bbox 341 819 1597 902; baseline 0.001 -18"><span class='ocrx_word' id='word_1_38' title='bbox 341 841 396 902; x_wconf 87' lang='lat' dir='ltr'><strong>ego</strong></span> <span class='ocrx_word' id='word_1_39' title='bbox 418 821 561 883; x_wconf 90' lang='lat' dir='ltr'><strong>clamabis</strong></span> <span class='ocrx_word' id='word_1_40' title='bbox 588 830 620 882; x_wconf 92' lang='lat' dir='ltr'><strong>tu</strong></span> <span class='ocrx_word' id='word_1_41' title='bbox 650 821 789 883; x_wconf 88' lang='lat' dir='ltr'><strong>clamabit</strong></span> <span class='ocrx_word' id='word_1_42' title='bbox 815 821 864 882; x_wconf 92' lang='lat' dir='ltr'><strong>ille</strong></span> <span class='ocrx_word' id='word_1_43' title='bbox 893 819 1086 882; x_wconf 88' lang='lat' dir='ltr'><strong>clamabimus</strong></span> <span class='ocrx_word' id='word_1_44' title='bbox 1113 838 1166 881; x_wconf 89' lang='lat' dir='ltr'><strong>nos</strong></span> <span class='ocrx_word' id='word_1_45' title='bbox 1194 819 1360 881; x_wconf 91' lang='lat' dir='ltr'><strong>clamabitis</strong></span> <span class='ocrx_word' id='word_1_46' title='bbox 1389 839 1439 880; x_wconf 89' lang='lat' dir='ltr'><strong>vos</strong></span> <span class='ocrx_word' id='word_1_47' title='bbox 1460 819 1597 885; x_wconf 79' lang='lat' dir='ltr'><strong>eiavnalm</strong></span> 
     </span>
    </p>

    <p class='ocr_par' dir='ltr' id='par_1_4' title="bbox 341 905 1695 1584">
     <span class='ocr_line' id='line_1_7' title="bbox 341 905 1695 1001; baseline -0.001 -31"><span class='ocrx_word' id='word_1_48' title='bbox 341 910 396 970; x_wconf 93' lang='lat' dir='ltr'><strong>illi.</strong></span> <span class='ocrx_word' id='word_1_49' title='bbox 427 907 580 987; x_wconf 90' lang='lat' dir='ltr'><strong>hucusque</strong></span> <span class='ocrx_word' id='word_1_50' title='bbox 596 909 633 968; x_wconf 84' lang='lat' dir='ltr'><strong>dc</strong></span> <span class='ocrx_word' id='word_1_51' title='bbox 647 907 734 968; x_wconf 90' lang='lat' dir='ltr'><strong>modo</strong></span> <span class='ocrx_word' id='word_1_52' title='bbox 755 907 930 967; x_wconf 88' lang='lat' dir='ltr'><strong>indicativo:</strong></span> <span class='ocrx_word' id='word_1_53' title='bbox 959 906 1124 967; x_wconf 86' lang='lat' dir='ltr'><strong>totum-hcc</strong></span> <span class='ocrx_word' id='word_1_54' title='bbox 1138 905 1217 986; x_wconf 84' lang='lat' dir='ltr'><strong>qnod</strong></span> <span class='ocrx_word' id='word_1_55' title='bbox 1239 905 1369 966; x_wconf 86' lang='lat' dir='ltr'><strong>diximus</strong></span> <span class='ocrx_word' id='word_1_56' title='bbox 1390 905 1539 966; x_wconf 88' lang='lat' dir='ltr'><strong>indicantis</strong></span> <span class='ocrx_word' id='word_1_57' title='bbox 1556 918 1615 974; x_wconf 71' lang='lat' dir='ltr'><strong>ests</strong></span> <span class='ocrx_word' id='word_1_58' title='bbox 1694 960 1695 1001; x_wconf 34' lang='lat' dir='ltr'><strong>p</strong></span> 
     </span>
     <span class='ocr_line' id='line_1_8' title="bbox 341 988 1695 1071; baseline -0.001 -16"><span class='ocrx_word' id='word_1_59' title='bbox 341 988 419 1055; x_wconf 82' lang='lat' dir='ltr'><strong>nunc</strong></span> <span class='ocrx_word' id='word_1_60' title='bbox 442 992 478 1053; x_wconf 90' lang='lat' dir='ltr'><strong>de</strong></span> <span class='ocrx_word' id='word_1_61' title='bbox 501 992 587 1053; x_wconf 90' lang='lat' dir='ltr'><strong>modo</strong></span> <span class='ocrx_word' id='word_1_62' title='bbox 609 993 792 1071; x_wconf 89' lang='lat' dir='ltr'><strong>imperativo.</strong></span> <span class='ocrx_word' id='word_1_63' title='bbox 828 991 896 1052; x_wconf 91' lang='lat' dir='ltr'><strong>ideo</strong></span> <span class='ocrx_word' id='word_1_64' title='bbox 924 999 1022 1052; x_wconf 90' lang='lat' dir='ltr'><strong>autem</strong></span> <span class='ocrx_word' id='word_1_65' title='bbox 1050 991 1160 1052; x_wconf 90' lang='lat' dir='ltr'><strong>dicitur</strong></span> <span class='ocrx_word' id='word_1_66' title='bbox 1190 993 1398 1070; x_wconf 79' lang='lat' dir='ltr'><strong>imperativus,</strong></span> <span class='ocrx_word' id='word_1_67' title='bbox 1428 992 1494 1071; x_wconf 91' lang='lat' dir='ltr'><strong>qnia</strong></span> <span class='ocrx_word' id='word_1_68' title='bbox 1517 1009 1597 1054; x_wconf 80' lang='lat' dir='ltr'><strong>sonim</strong></span> <span class='ocrx_word' id='word_1_69' title='bbox 1694 1010 1695 1017; x_wconf 52' lang='lat'>¹</span> 
     </span>
     <span class='ocr_line' id='line_1_9' title="bbox 342 1075 1598 1158; baseline 0 -19"><span class='ocrx_word' id='word_1_70' title='bbox 342 1077 431 1140; x_wconf 87' lang='lat' dir='ltr'><strong>hahet</strong></span> <span class='ocrx_word' id='word_1_71' title='bbox 452 1077 630 1158; x_wconf 90' lang='lat' dir='ltr'><strong>imperandi.</strong></span> <span class='ocrx_word' id='word_1_72' title='bbox 661 1077 713 1139; x_wconf 87' lang='lat' dir='ltr'><strong>sed</strong></span> <span class='ocrx_word' id='word_1_73' title='bbox 729 1079 786 1139; x_wconf 89' lang='lat' dir='ltr'><strong>iste</strong></span> <span class='ocrx_word' id='word_1_74' title='bbox 802 1076 906 1137; x_wconf 93' lang='lat' dir='ltr'><strong>modus</strong></span> <span class='ocrx_word' id='word_1_75' title='bbox 920 1094 979 1136; x_wconf 95' lang='lat' dir='ltr'><strong>non</strong></span> <span class='ocrx_word' id='word_1_76' title='bbox 995 1075 1084 1136; x_wconf 90' lang='lat' dir='ltr'><strong>habet</strong></span> <span class='ocrx_word' id='word_1_77' title='bbox 1105 1077 1232 1156; x_wconf 88' lang='lat' dir='ltr'><strong>primam</strong></span> <span class='ocrx_word' id='word_1_78' title='bbox 1253 1093 1427 1155; x_wconf 88' lang='lat' dir='ltr'><strong>personam,</strong></span> <span class='ocrx_word' id='word_1_79' title='bbox 1450 1077 1513 1155; x_wconf 91' lang='lat' dir='ltr'><strong>quia</strong></span> <span class='ocrx_word' id='word_1_80' title='bbox 1531 1096 1598 1139; x_wconf 87' lang='lat' dir='ltr'><strong>uerno</strong></span> 
     </span>
     <span class='ocr_line' id='line_1_10' title="bbox 341 1161 1695 1242; baseline -0.005 -18"><span class='ocrx_word' id='word_1_81' title='bbox 341 1163 400 1224; x_wconf 87' lang='lat' dir='ltr'><strong>sibi</strong></span> <span class='ocrx_word' id='word_1_82' title='bbox 422 1165 563 1242; x_wconf 91' lang='lat' dir='ltr'><strong>imperat,</strong></span> <span class='ocrx_word' id='word_1_83' title='bbox 586 1162 638 1224; x_wconf 90' lang='lat' dir='ltr'><strong>sed</strong></span> <span class='ocrx_word' id='word_1_84' title='bbox 661 1162 698 1223; x_wconf 94' lang='lat' dir='ltr'><strong>ad</strong></span> <span class='ocrx_word' id='word_1_85' title='bbox 720 1161 880 1222; x_wconf 89' lang='lat' dir='ltr'><strong>secundam</strong></span> <span class='ocrx_word' id='word_1_86' title='bbox 901 1179 1060 1242; x_wconf 85' lang='lat' dir='ltr'><strong>personam</strong></span> <span class='ocrx_word' id='word_1_87' title='bbox 1082 1161 1214 1242; x_wconf 88' lang='lat' dir='ltr'><strong>loquitur</strong></span> <span class='ocrx_word' id='word_1_88' title='bbox 1234 1169 1265 1221; x_wconf 90' lang='lat' dir='ltr'><strong>et</strong></span> <span class='ocrx_word' id='word_1_89' title='bbox 1287 1161 1323 1221; x_wconf 88' lang='lat' dir='ltr'><strong>ad</strong></span> <span class='ocrx_word' id='word_1_90' title='bbox 1345 1162 1480 1222; x_wconf 81' lang='lat' dir='ltr'><strong>tertiam:</strong></span> <span class='ocrx_word' id='word_1_91' title='bbox 1500 1180 1598 1222; x_wconf 88' lang='lat' dir='ltr'><strong>numero</strong></span> <span class='ocrx_word' id='word_1_92' title='bbox 1694 1174 1695 1217; x_wconf 76' lang='grc' dir='ltr'><strong>ι</strong></span> 
     </span>
     <span class='ocr_line' id='line_1_11' title="bbox 341 1245 1598 1327; baseline -0.002 -17"><span class='ocrx_word' id='word_1_93' title='bbox 341 1247 484 1327; x_wconf 88' lang='lat' dir='ltr'><strong>singulari</strong></span> <span class='ocrx_word' id='word_1_94' title='bbox 513 1249 549 1308; x_wconf 95' lang='lat' dir='ltr'><strong>ad</strong></span> <span class='ocrx_word' id='word_1_95' title='bbox 578 1247 737 1310; x_wconf 88' lang='lat' dir='ltr'><strong>secundam</strong></span> <span class='ocrx_word' id='word_1_96' title='bbox 765 1247 871 1317; x_wconf 91' lang='lat' dir='ltr'><strong>clama,</strong></span> <span class='ocrx_word' id='word_1_97' title='bbox 901 1245 937 1307; x_wconf 92' lang='lat' dir='ltr'><strong>ad</strong></span> <span class='ocrx_word' id='word_1_98' title='bbox 965 1247 1084 1307; x_wconf 85' lang='lat' dir='ltr'><strong>tertiam</strong></span> <span class='ocrx_word' id='word_1_99' title='bbox 1111 1247 1231 1315; x_wconf 86' lang='lat' dir='ltr'><strong>clamet,</strong></span> <span class='ocrx_word' id='word_1_100' title='bbox 1264 1245 1303 1326; x_wconf 88' lang='lat' dir='ltr'><strong>pl.</strong></span> <span class='ocrx_word' id='word_1_101' title='bbox 1327 1246 1364 1307; x_wconf 95' lang='lat' dir='ltr'><strong>ad</strong></span> <span class='ocrx_word' id='word_1_102' title='bbox 1386 1245 1536 1306; x_wconf 89' lang='lat' dir='ltr'><strong>secundam</strong></span> <span class='ocrx_word' id='word_1_103' title='bbox 1554 1249 1598 1308; x_wconf 85' lang='lat' dir='ltr'><strong>cla·</strong></span> 
     </span>
     <span class='ocr_line' id='line_1_12' title="bbox 342 1331 1625 1411; baseline 0.002 -17"><span class='ocrx_word' id='word_1_104' title='bbox 342 1341 435 1404; x_wconf 88' lang='lat' dir='ltr'><strong>mate,</strong></span> <span class='ocrx_word' id='word_1_105' title='bbox 459 1333 495 1394; x_wconf 94' lang='lat' dir='ltr'><strong>ad</strong></span> <span class='ocrx_word' id='word_1_106' title='bbox 518 1335 636 1396; x_wconf 88' lang='lat' dir='ltr'><strong>tertiam</strong></span> <span class='ocrx_word' id='word_1_107' title='bbox 660 1333 788 1394; x_wconf 89' lang='lat' dir='ltr'><strong>clament</strong></span> <span class='ocrx_word' id='word_1_108' title='bbox 795 1353 802 1404; x_wconf 94' lang='lat'>;</span> <span class='ocrx_word' id='word_1_109' title='bbox 826 1333 927 1392; x_wconf 85' lang='lat' dir='ltr'><strong>futuro</strong></span> <span class='ocrx_word' id='word_1_110' title='bbox 947 1340 1081 1411; x_wconf 86' lang='lat' dir='ltr'><strong>tempore</strong></span> <span class='ocrx_word' id='word_1_111' title='bbox 1104 1331 1140 1392; x_wconf 93' lang='lat' dir='ltr'><strong>ad</strong></span> <span class='ocrx_word' id='word_1_112' title='bbox 1162 1331 1322 1392; x_wconf 89' lang='lat' dir='ltr'><strong>secundam</strong></span> <span class='ocrx_word' id='word_1_113' title='bbox 1345 1331 1484 1400; x_wconf 91' lang='lat' dir='ltr'><strong>clamato,</strong></span> <span class='ocrx_word' id='word_1_114' title='bbox 1505 1333 1536 1392; x_wconf 88' lang='lat' dir='ltr'><strong>ad</strong></span> <span class='ocrx_word' id='word_1_115' title='bbox 1553 1341 1625 1396; x_wconf 86' lang='lat' dir='ltr'><strong>ter-n</strong></span> 
     </span>
     <span class='ocr_line' id='line_1_13' title="bbox 344 1416 1600 1496; baseline -0.002 -16"><span class='ocrx_word' id='word_1_116' title='bbox 344 1421 413 1480; x_wconf 89' lang='lat' dir='ltr'><strong>liam</strong></span> <span class='ocrx_word' id='word_1_117' title='bbox 436 1419 575 1480; x_wconf 87' lang='lat' dir='ltr'><strong>similiter</strong></span> <span class='ocrx_word' id='word_1_118' title='bbox 597 1418 731 1480; x_wconf 91' lang='lat' dir='ltr'><strong>clamato.</strong></span> <span class='ocrx_word' id='word_1_119' title='bbox 762 1418 813 1479; x_wconf 88' lang='lat' dir='ltr'><strong>scd</strong></span> <span class='ocrx_word' id='word_1_120' title='bbox 835 1435 928 1496; x_wconf 89' lang='lat' dir='ltr'><strong>quare</strong></span> <span class='ocrx_word' id='word_1_121' title='bbox 951 1416 1091 1478; x_wconf 90' lang='lat' dir='ltr'><strong>similiter</strong></span> <span class='ocrx_word' id='word_1_122' title='bbox 1112 1418 1184 1478; x_wconf 88' lang='lat' dir='ltr'><strong>iacit</strong></span> <span class='ocrx_word' id='word_1_123' title='bbox 1204 1418 1236 1476; x_wconf 95' lang='lat' dir='ltr'><strong>in</strong></span> <span class='ocrx_word' id='word_1_124' title='bbox 1259 1416 1388 1478; x_wconf 90' lang='lat' dir='ltr'><strong>secunda</strong></span> <span class='ocrx_word' id='word_1_125' title='bbox 1411 1419 1600 1486; x_wconf 72' lang='lat' dir='ltr'><strong>clientium</strong></span> 
     </span>
     <span class='ocr_line' id='line_1_14' title="bbox 342 1501 1599 1584; baseline -0.001 -20"><span class='ocrx_word' id='word_1_126' title='bbox 342 1507 434 1573; x_wconf 74' lang='lat' dir='ltr'><strong>ratim</strong></span> <span class='ocrx_word' id='word_1_127' title='bbox 458 1503 509 1564; x_wconf 87' lang='lat' dir='ltr'><strong>scd</strong></span> <span class='ocrx_word' id='word_1_128' title='bbox 531 1522 609 1564; x_wconf 89' lang='lat' dir='ltr'><strong>nunc</strong></span> <span class='ocrx_word' id='word_1_129' title='bbox 631 1503 894 1584; x_wconf 87' lang='lat' dir='ltr'><strong>praetermittenda</strong></span> <span class='ocrx_word' id='word_1_130' title='bbox 917 1509 977 1572; x_wconf 88' lang='lat' dir='ltr'><strong>est,</strong></span> <span class='ocrx_word' id='word_1_131' title='bbox 1000 1521 1037 1562; x_wconf 89' lang='lat' dir='ltr'><strong>ne</strong></span> <span class='ocrx_word' id='word_1_132' title='bbox 1053 1502 1090 1563; x_wconf 96' lang='lat' dir='ltr'><strong>ad</strong></span> <span class='ocrx_word' id='word_1_133' title='bbox 1106 1501 1193 1563; x_wconf 94' lang='lat' dir='ltr'><strong>aliam</strong></span> <span class='ocrx_word' id='word_1_134' title='bbox 1215 1520 1281 1562; x_wconf 88' lang='lat' dir='ltr'><strong>rem</strong></span> <span class='ocrx_word' id='word_1_135' title='bbox 1303 1509 1494 1562; x_wconf 90' lang='lat' dir='ltr'><strong>transcamus.</strong></span> <span class='ocrx_word' id='word_1_136' title='bbox 1519 1503 1599 1564; x_wconf 87' lang='lat' dir='ltr'><strong>redca-</strong></span> 
     </span>
    </p>

    <p class='ocr_par' dir='ltr' id='par_1_5' title="bbox 342 1586 1627 1840">
     <span class='ocr_line' id='line_1_15' title="bbox 342 1586 1599 1668; baseline -0.003 -18"><span class='ocrx_word' id='word_1_137' title='bbox 342 1607 407 1650; x_wconf 90' lang='lat' dir='ltr'><strong>rnns</strong></span> <span class='ocrx_word' id='word_1_138' title='bbox 429 1589 464 1648; x_wconf 91' lang='lat' dir='ltr'><strong>ad</strong></span> <span class='ocrx_word' id='word_1_139' title='bbox 487 1588 648 1668; x_wconf 87' lang='lat' dir='ltr'><strong>pluralem:</strong></span> <span class='ocrx_word' id='word_1_140' title='bbox 673 1588 708 1650; x_wconf 90' lang='lat' dir='ltr'><strong>ad</strong></span> <span class='ocrx_word' id='word_1_141' title='bbox 731 1589 891 1650; x_wconf 91' lang='lat' dir='ltr'><strong>secundam</strong></span> <span class='ocrx_word' id='word_1_142' title='bbox 912 1588 1081 1657; x_wconf 87' lang='lat' dir='ltr'><strong>clamatole,</strong></span> <span class='ocrx_word' id='word_1_143' title='bbox 1106 1588 1142 1648; x_wconf 93' lang='lat' dir='ltr'><strong>ad</strong></span> <span class='ocrx_word' id='word_1_144' title='bbox 1164 1589 1284 1648; x_wconf 88' lang='lat' dir='ltr'><strong>tertiam</strong></span> <span class='ocrx_word' id='word_1_145' title='bbox 1305 1586 1462 1647; x_wconf 85' lang='lat' dir='ltr'><strong>clamante.</strong></span> <span class='ocrx_word' id='word_1_146' title='bbox 1490 1605 1557 1647; x_wconf 91' lang='lat' dir='ltr'><strong>nuuc</strong></span> <span class='ocrx_word' id='word_1_147' title='bbox 1572 1588 1599 1647; x_wconf 86' lang='lat' dir='ltr'><strong>de</strong></span> 
     </span>
     <span class='ocr_line' id='line_1_16' title="bbox 342 1670 1600 1754; baseline -0.003 -18"><span class='ocrx_word' id='word_1_148' title='bbox 342 1674 428 1736; x_wconf 92' lang='lat' dir='ltr'><strong>modo</strong></span> <span class='ocrx_word' id='word_1_149' title='bbox 450 1676 590 1754; x_wconf 88' lang='lat' dir='ltr'><strong>optativo.</strong></span> <span class='ocrx_word' id='word_1_150' title='bbox 635 1675 678 1734; x_wconf 91' lang='lat' dir='ltr'><strong>sic</strong></span> <span class='ocrx_word' id='word_1_151' title='bbox 706 1683 803 1735; x_wconf 90' lang='lat' dir='ltr'><strong>antem</strong></span> <span class='ocrx_word' id='word_1_152' title='bbox 832 1674 973 1742; x_wconf 83' lang='lat' dir='ltr'><strong>dicimus,</strong></span> <span class='ocrx_word' id='word_1_153' title='bbox 1002 1674 1071 1751; x_wconf 89' lang='lat' dir='ltr'><strong>quia</strong></span> <span class='ocrx_word' id='word_1_154' title='bbox 1098 1672 1229 1751; x_wconf 89' lang='lat' dir='ltr'><strong>optantis</strong></span> <span class='ocrx_word' id='word_1_155' title='bbox 1254 1670 1341 1732; x_wconf 88' lang='lat' dir='ltr'><strong>modo</strong></span> <span class='ocrx_word' id='word_1_156' title='bbox 1363 1672 1505 1752; x_wconf 86' lang='lat' dir='ltr'><strong>loquitur,</strong></span> <span class='ocrx_word' id='word_1_157' title='bbox 1525 1675 1600 1752; x_wconf 85' lang='lat' dir='ltr'><strong>prima</strong></span> 
     </span>
     <span class='ocr_line' id='line_1_17' title="bbox 342 1757 1627 1840; baseline -0.001 -20"><span class='ocrx_word' id='word_1_158' title='bbox 342 1777 468 1840; x_wconf 87' lang='lat' dir='ltr'><strong>persona</strong></span> <span class='ocrx_word' id='word_1_159' title='bbox 495 1765 627 1840; x_wconf 82' lang='lat' dir='ltr'><strong>ternpore</strong></span> <span class='ocrx_word' id='word_1_160' title='bbox 655 1761 804 1839; x_wconf 84' lang='lat' dir='ltr'><strong>praesenti</strong></span> <span class='ocrx_word' id='word_1_161' title='bbox 833 1760 946 1819; x_wconf 81' lang='lat' dir='ltr'><strong>nilnarn</strong></span> <span class='ocrx_word' id='word_1_162' title='bbox 975 1757 1147 1827; x_wconf 87' lang='lat' dir='ltr'><strong>clamarem,</strong></span> <span class='ocrx_word' id='word_1_163' title='bbox 1175 1757 1306 1817; x_wconf 88' lang='lat' dir='ltr'><strong>secunda</strong></span> <span class='ocrx_word' id='word_1_164' title='bbox 1333 1759 1448 1817; x_wconf 91' lang='lat' dir='ltr'><strong>utinam</strong></span> <span class='ocrx_word' id='word_1_165' title='bbox 1472 1757 1627 1826; x_wconf 77' lang='lat' dir='ltr'><strong>clamaresc</strong></span> 
     </span>
    </p>

    <p class='ocr_par' dir='ltr' id='par_1_6' title="bbox 343 1841 1697 2176">
     <span class='ocr_line' id='line_1_18' title="bbox 343 1841 1697 1963; baseline -0.003 -57"><span class='ocrx_word' id='word_1_166' title='bbox 343 1845 379 1906; x_wconf 95' lang='lat' dir='ltr'><strong>ad</strong></span> <span class='ocrx_word' id='word_1_167' title='bbox 408 1846 527 1905; x_wconf 88' lang='lat' dir='ltr'><strong>tertiam</strong></span> <span class='ocrx_word' id='word_1_168' title='bbox 554 1845 667 1905; x_wconf 90' lang='lat' dir='ltr'><strong>utinam</strong></span> <span class='ocrx_word' id='word_1_169' title='bbox 695 1844 849 1913; x_wconf 89' lang='lat' dir='ltr'><strong>clamaret,</strong></span> <span class='ocrx_word' id='word_1_170' title='bbox 878 1843 918 1923; x_wconf 87' lang='lat' dir='ltr'><strong>pl.</strong></span> <span class='ocrx_word' id='word_1_171' title='bbox 947 1841 983 1904; x_wconf 90' lang='lat' dir='ltr'><strong>ad</strong></span> <span class='ocrx_word' id='word_1_172' title='bbox 1010 1844 1136 1922; x_wconf 87' lang='lat' dir='ltr'><strong>primam</strong></span> <span class='ocrx_word' id='word_1_173' title='bbox 1164 1860 1322 1922; x_wconf 89' lang='lat' dir='ltr'><strong>personam</strong></span> <span class='ocrx_word' id='word_1_174' title='bbox 1350 1844 1464 1902; x_wconf 89' lang='lat' dir='ltr'><strong>utinam</strong></span> <span class='ocrx_word' id='word_1_175' title='bbox 1484 1843 1601 1902; x_wconf 89' lang='lat' dir='ltr'><strong>clamare·</strong></span> <span class='ocrx_word' id='word_1_176' title='bbox 1696 1878 1697 1963; x_wconf 50' lang='lat' dir='ltr'><strong>p</strong></span> 
     </span>
     <span class='ocr_line' id='line_1_19' title="bbox 343 1927 1697 2005; baseline -0.003 -14"><span class='ocrx_word' id='word_1_177' title='bbox 343 1947 421 1998; x_wconf 91' lang='lat' dir='ltr'><strong>mus,</strong></span> <span class='ocrx_word' id='word_1_178' title='bbox 456 1927 492 1989; x_wconf 93' lang='lat' dir='ltr'><strong>ad</strong></span> <span class='ocrx_word' id='word_1_179' title='bbox 527 1929 683 1990; x_wconf 90' lang='lat' dir='ltr'><strong>secundam</strong></span> <span class='ocrx_word' id='word_1_180' title='bbox 717 1931 829 1990; x_wconf 89' lang='lat' dir='ltr'><strong>utinam</strong></span> <span class='ocrx_word' id='word_1_181' title='bbox 863 1928 1049 1997; x_wconf 88' lang='lat' dir='ltr'><strong>clamaretis,</strong></span> <span class='ocrx_word' id='word_1_182' title='bbox 1084 1927 1120 1989; x_wconf 89' lang='lat' dir='ltr'><strong>ad</strong></span> <span class='ocrx_word' id='word_1_183' title='bbox 1153 1929 1272 1989; x_wconf 87' lang='lat' dir='ltr'><strong>tertiam</strong></span> <span class='ocrx_word' id='word_1_184' title='bbox 1302 1929 1419 1987; x_wconf 90' lang='lat' dir='ltr'><strong>utinam</strong></span> <span class='ocrx_word' id='word_1_185' title='bbox 1451 1927 1601 1996; x_wconf 90' lang='lat' dir='ltr'><strong>clamarent;</strong></span> <span class='ocrx_word' id='word_1_186' title='bbox 1696 1978 1697 2005; x_wconf 63' lang='lat'><strong>,</strong></span> 
     </span>
     <span class='ocr_line' id='line_1_20' title="bbox 343 2008 1697 2094; baseline -0.001 -20"><span class='ocrx_word' id='word_1_187' title='bbox 343 2015 505 2094; x_wconf 87' lang='lat' dir='ltr'><strong>praeterito</strong></span> <span class='ocrx_word' id='word_1_188' title='bbox 528 2021 661 2094; x_wconf 90' lang='lat' dir='ltr'><strong>tempore</strong></span> <span class='ocrx_word' id='word_1_189' title='bbox 684 2014 720 2075; x_wconf 91' lang='lat' dir='ltr'><strong>ad</strong></span> <span class='ocrx_word' id='word_1_190' title='bbox 747 2016 874 2094; x_wconf 91' lang='lat' dir='ltr'><strong>primam</strong></span> <span class='ocrx_word' id='word_1_191' title='bbox 902 2031 1060 2094; x_wconf 91' lang='lat' dir='ltr'><strong>personam</strong></span> <span class='ocrx_word' id='word_1_192' title='bbox 1081 2014 1194 2074; x_wconf 89' lang='lat' dir='ltr'><strong>utinam</strong></span> <span class='ocrx_word' id='word_1_193' title='bbox 1222 2013 1395 2074; x_wconf 85' lang='lat' dir='ltr'><strong>clamassem</strong></span> <span class='ocrx_word' id='word_1_194' title='bbox 1424 2029 1491 2088; x_wconf 75' lang='lat' dir='ltr'><strong>epo,</strong></span> <span class='ocrx_word' id='word_1_195' title='bbox 1518 2013 1550 2072; x_wconf 89' lang='lat' dir='ltr'><strong>ad</strong></span> <span class='ocrx_word' id='word_1_196' title='bbox 1567 2031 1603 2072; x_wconf 88' lang='lat' dir='ltr'><strong>se·</strong></span> <span class='ocrx_word' id='word_1_197' title='bbox 1696 2008 1697 2037; x_wconf 66' lang='lat'><em>³</em></span> 
     </span>
     <span class='ocr_line' id='line_1_21' title="bbox 343 2096 1603 2176; baseline -0.002 -17"><span class='ocrx_word' id='word_1_198' title='bbox 343 2099 469 2160; x_wconf 88' lang='lat' dir='ltr'><strong>cnudam</strong></span> <span class='ocrx_word' id='word_1_199' title='bbox 498 2101 609 2160; x_wconf 84' lang='lat' dir='ltr'><strong>uticam</strong></span> <span class='ocrx_word' id='word_1_200' title='bbox 638 2099 795 2161; x_wconf 89' lang='lat' dir='ltr'><strong>clamasses</strong></span> <span class='ocrx_word' id='word_1_201' title='bbox 822 2106 868 2168; x_wconf 88' lang='lat' dir='ltr'><strong>tu,</strong></span> <span class='ocrx_word' id='word_1_202' title='bbox 899 2098 935 2160; x_wconf 91' lang='lat' dir='ltr'><strong>ad</strong></span> <span class='ocrx_word' id='word_1_203' title='bbox 957 2099 1078 2159; x_wconf 89' lang='lat' dir='ltr'><strong>tertiam</strong></span> <span class='ocrx_word' id='word_1_204' title='bbox 1099 2099 1212 2158; x_wconf 90' lang='lat' dir='ltr'><strong>utinam</strong></span> <span class='ocrx_word' id='word_1_205' title='bbox 1234 2097 1391 2159; x_wconf 90' lang='lat' dir='ltr'><strong>clamasset</strong></span> <span class='ocrx_word' id='word_1_206' title='bbox 1414 2097 1477 2166; x_wconf 87' lang='lat' dir='ltr'><strong>ille,</strong></span> <span class='ocrx_word' id='word_1_207' title='bbox 1503 2096 1538 2176; x_wconf 93' lang='lat' dir='ltr'><strong>pl.</strong></span> <span class='ocrx_word' id='word_1_208' title='bbox 1558 2099 1603 2157; x_wconf 91' lang='lat' dir='ltr'><strong>nti·</strong></span> 
     </span>
    </p>

    <p class='ocr_par' dir='ltr' id='par_1_7' title="bbox 342 2183 1698 2775">
     <span class='ocr_line' id='line_1_22' title="bbox 343 2183 1630 2256; baseline -0.003 -11"><span class='ocrx_word' id='word_1_209' title='bbox 343 2203 411 2245; x_wconf 92' lang='lat' dir='ltr'><strong>nam</strong></span> <span class='ocrx_word' id='word_1_210' title='bbox 439 2183 647 2246; x_wconf 89' lang='lat' dir='ltr'><strong>clamassemus</strong></span> <span class='ocrx_word' id='word_1_211' title='bbox 675 2203 743 2256; x_wconf 84' lang='lat' dir='ltr'><strong>nos,</strong></span> <span class='ocrx_word' id='word_1_212' title='bbox 778 2187 892 2246; x_wconf 90' lang='lat' dir='ltr'><strong>utinam</strong></span> <span class='ocrx_word' id='word_1_213' title='bbox 919 2183 1103 2244; x_wconf 89' lang='lat' dir='ltr'><strong>clamassetis</strong></span> <span class='ocrx_word' id='word_1_214' title='bbox 1131 2201 1196 2252; x_wconf 88' lang='lat' dir='ltr'><strong>vos,</strong></span> <span class='ocrx_word' id='word_1_215' title='bbox 1225 2185 1339 2244; x_wconf 88' lang='lat' dir='ltr'><strong>utiuam</strong></span> <span class='ocrx_word' id='word_1_216' title='bbox 1366 2183 1536 2242; x_wconf 88' lang='lat' dir='ltr'><strong>clamassent</strong></span> <span class='ocrx_word' id='word_1_217' title='bbox 1557 2183 1630 2250; x_wconf 84' lang='lat' dir='ltr'><strong>illi;u</strong></span> 
     </span>
     <span class='ocr_line' id='line_1_23' title="bbox 342 2267 1698 2350; baseline -0.003 -20"><span class='ocrx_word' id='word_1_218' title='bbox 342 2270 443 2330; x_wconf 90' lang='lat' dir='ltr'><strong>luturo</strong></span> <span class='ocrx_word' id='word_1_219' title='bbox 471 2276 603 2350; x_wconf 90' lang='lat' dir='ltr'><strong>ternpore</strong></span> <span class='ocrx_word' id='word_1_220' title='bbox 632 2271 728 2349; x_wconf 90' lang='lat' dir='ltr'><strong>prima</strong></span> <span class='ocrx_word' id='word_1_221' title='bbox 755 2287 883 2350; x_wconf 89' lang='lat' dir='ltr'><strong>persona</strong></span> <span class='ocrx_word' id='word_1_222' title='bbox 917 2270 1030 2330; x_wconf 88' lang='lat' dir='ltr'><strong>utinam</strong></span> <span class='ocrx_word' id='word_1_223' title='bbox 1058 2268 1182 2328; x_wconf 88' lang='lat' dir='ltr'><strong>clamem</strong></span> <span class='ocrx_word' id='word_1_224' title='bbox 1210 2285 1279 2345; x_wconf 85' lang='lat' dir='ltr'><strong>ego,</strong></span> <span class='ocrx_word' id='word_1_225' title='bbox 1310 2269 1424 2328; x_wconf 87' lang='lat' dir='ltr'><strong>utinam</strong></span> <span class='ocrx_word' id='word_1_226' title='bbox 1450 2267 1549 2327; x_wconf 88' lang='lat' dir='ltr'><strong>clames</strong></span> <span class='ocrx_word' id='word_1_227' title='bbox 1572 2275 1604 2334; x_wconf 86' lang='lat' dir='ltr'><strong>lu,</strong></span> <span class='ocrx_word' id='word_1_228' title='bbox 1697 2338 1698 2341; x_wconf 8' lang='grc' dir='ltr'><strong>Ἴ</strong></span> 
     </span>
     <span class='ocr_line' id='line_1_24' title="bbox 343 2351 1698 2424; baseline -0.005 -8"><span class='ocrx_word' id='word_1_229' title='bbox 343 2356 455 2416; x_wconf 90' lang='lat' dir='ltr'><strong>utinam</strong></span> <span class='ocrx_word' id='word_1_230' title='bbox 484 2354 591 2416; x_wconf 91' lang='lat' dir='ltr'><strong>clamet</strong></span> <span class='ocrx_word' id='word_1_231' title='bbox 617 2354 682 2424; x_wconf 90' lang='lat' dir='ltr'><strong>ille,</strong></span> <span class='ocrx_word' id='word_1_232' title='bbox 712 2356 824 2416; x_wconf 90' lang='lat' dir='ltr'><strong>utinam</strong></span> <span class='ocrx_word' id='word_1_233' title='bbox 852 2353 1014 2414; x_wconf 86' lang='lat' dir='ltr'><strong>clamemus</strong></span> <span class='ocrx_word' id='word_1_234' title='bbox 1042 2351 1174 2415; x_wconf 89' lang='lat' dir='ltr'><strong>clametis</strong></span> <span class='ocrx_word' id='word_1_235' title='bbox 1202 2353 1339 2413; x_wconf 90' lang='lat' dir='ltr'><strong>clament.</strong></span> <span class='ocrx_word' id='word_1_236' title='bbox 1383 2371 1463 2414; x_wconf 91' lang='lat' dir='ltr'><strong>nunc</strong></span> <span class='ocrx_word' id='word_1_237' title='bbox 1484 2352 1517 2412; x_wconf 91' lang='lat' dir='ltr'><strong>de</strong></span> <span class='ocrx_word' id='word_1_238' title='bbox 1535 2352 1604 2412; x_wconf 88' lang='lat' dir='ltr'><strong>nodo</strong></span> <span class='ocrx_word' id='word_1_239' title='bbox 1697 2368 1698 2371; x_wconf 45' lang='lat'>¹</span> 
     </span>
     <span class='ocr_line' id='line_1_25' title="bbox 344 2431 1605 2518; baseline -0.004 -17"><span class='ocrx_word' id='word_1_240' title='bbox 344 2438 543 2501; x_wconf 90' lang='lat' dir='ltr'><strong>subiunctivo.</strong></span> <span class='ocrx_word' id='word_1_241' title='bbox 568 2431 635 2500; x_wconf 82' lang='lat' dir='ltr'><strong>ideo</strong></span> <span class='ocrx_word' id='word_1_242' title='bbox 657 2447 755 2500; x_wconf 89' lang='lat' dir='ltr'><strong>autem</strong></span> <span class='ocrx_word' id='word_1_243' title='bbox 778 2442 822 2500; x_wconf 93' lang='lat' dir='ltr'><strong>sic</strong></span> <span class='ocrx_word' id='word_1_244' title='bbox 844 2440 970 2510; x_wconf 87' lang='lat' dir='ltr'><strong>dicitur,</strong></span> <span class='ocrx_word' id='word_1_245' title='bbox 990 2441 1061 2518; x_wconf 90' lang='lat' dir='ltr'><strong>quia</strong></span> <span class='ocrx_word' id='word_1_246' title='bbox 1083 2446 1150 2516; x_wconf 85' lang='lat' dir='ltr'><strong>eget</strong></span> <span class='ocrx_word' id='word_1_247' title='bbox 1173 2437 1270 2517; x_wconf 91' lang='lat' dir='ltr'><strong>aliqua</strong></span> <span class='ocrx_word' id='word_1_248' title='bbox 1293 2456 1341 2506; x_wconf 93' lang='lat' dir='ltr'><strong>re,</strong></span> <span class='ocrx_word' id='word_1_249' title='bbox 1366 2445 1399 2497; x_wconf 92' lang='lat' dir='ltr'><strong>ut</strong></span> <span class='ocrx_word' id='word_1_250' title='bbox 1420 2437 1535 2517; x_wconf 89' lang='lat' dir='ltr'><strong>impleat</strong></span> <span class='ocrx_word' id='word_1_251' title='bbox 1553 2456 1605 2498; x_wconf 80' lang='lat' dir='ltr'><strong>seu·</strong></span> 
     </span>
     <span class='ocr_line' id='line_1_26' title="bbox 344 2520 1698 2604; baseline -0.004 -18"><span class='ocrx_word' id='word_1_252' title='bbox 344 2526 467 2586; x_wconf 88' lang='lat' dir='ltr'><strong>tentiam</strong></span> <span class='ocrx_word' id='word_1_253' title='bbox 493 2542 591 2595; x_wconf 91' lang='lat' dir='ltr'><strong>suam,</strong></span> <span class='ocrx_word' id='word_1_254' title='bbox 620 2533 653 2586; x_wconf 85' lang='lat' dir='ltr'><strong>nt</strong></span> <span class='ocrx_word' id='word_1_255' title='bbox 680 2533 751 2604; x_wconf 89' lang='lat' dir='ltr'><strong>puta</strong></span> <span class='ocrx_word' id='word_1_256' title='bbox 779 2543 847 2584; x_wconf 91' lang='lat' dir='ltr'><strong>cmn</strong></span> <span class='ocrx_word' id='word_1_257' title='bbox 874 2525 997 2585; x_wconf 90' lang='lat' dir='ltr'><strong>clamem</strong></span> <span class='ocrx_word' id='word_1_258' title='bbox 1026 2523 1135 2584; x_wconf 83' lang='lat' dir='ltr'><strong>clames</strong></span> <span class='ocrx_word' id='word_1_259' title='bbox 1163 2523 1284 2592; x_wconf 88' lang='lat' dir='ltr'><strong>clamet,</strong></span> <span class='ocrx_word' id='word_1_260' title='bbox 1314 2521 1424 2603; x_wconf 89' lang='lat' dir='ltr'><strong>pendet</strong></span> <span class='ocrx_word' id='word_1_261' title='bbox 1450 2522 1497 2582; x_wconf 88' lang='lat' dir='ltr'><strong>lric</strong></span> <span class='ocrx_word' id='word_1_262' title='bbox 1521 2540 1605 2582; x_wconf 75' lang='lat' dir='ltr'><strong>sensus</strong></span> <span class='ocrx_word' id='word_1_263' title='bbox 1697 2520 1698 2539; x_wconf 63' lang='lat'>³</span> 
     </span>
     <span class='ocr_line' id='line_1_27' title="bbox 343 2606 1633 2689; baseline -0.005 -18"><span class='ocrx_word' id='word_1_264' title='bbox 343 2609 514 2688; x_wconf 86' lang='lat' dir='ltr'><strong>indigetqne</strong></span> <span class='ocrx_word' id='word_1_265' title='bbox 538 2609 635 2689; x_wconf 90' lang='lat' dir='ltr'><strong>aliqua</strong></span> <span class='ocrx_word' id='word_1_266' title='bbox 657 2627 705 2679; x_wconf 88' lang='lat' dir='ltr'><strong>rc,</strong></span> <span class='ocrx_word' id='word_1_267' title='bbox 729 2617 762 2672; x_wconf 88' lang='lat' dir='ltr'><strong>ul</strong></span> <span class='ocrx_word' id='word_1_268' title='bbox 784 2611 931 2671; x_wconf 89' lang='lat' dir='ltr'><strong>sententia</strong></span> <span class='ocrx_word' id='word_1_269' title='bbox 947 2609 1143 2689; x_wconf 89' lang='lat' dir='ltr'><strong>compleatur,</strong></span> <span class='ocrx_word' id='word_1_270' title='bbox 1167 2615 1200 2668; x_wconf 89' lang='lat' dir='ltr'><strong>ut</strong></span> <span class='ocrx_word' id='word_1_271' title='bbox 1221 2609 1246 2668; x_wconf 89' lang='lat' dir='ltr'><strong>si</strong></span> <span class='ocrx_word' id='word_1_272' title='bbox 1270 2608 1366 2668; x_wconf 86' lang='lat' dir='ltr'><strong>dicam</strong></span> <span class='ocrx_word' id='word_1_273' title='bbox 1388 2606 1474 2669; x_wconf 75' lang='lat' dir='ltr'><strong>‘cum</strong></span> <span class='ocrx_word' id='word_1_274' title='bbox 1494 2609 1633 2673; x_wconf 78' lang='lat' dir='ltr'><strong>clamems</strong></span> 
     </span>
     <span class='ocr_line' id='line_1_28' title="bbox 344 2692 1606 2775; baseline -0.004 -21"><span class='ocrx_word' id='word_1_275' title='bbox 344 2712 436 2775; x_wconf 83' lang='lat' dir='ltr'><strong>qnare</strong></span> <span class='ocrx_word' id='word_1_276' title='bbox 465 2713 511 2755; x_wconf 89' lang='lat' dir='ltr'><strong>me</strong></span> <span class='ocrx_word' id='word_1_277' title='bbox 541 2702 640 2756; x_wconf 87' lang='lat' dir='ltr'><strong>tacere</strong></span> <span class='ocrx_word' id='word_1_278' title='bbox 669 2695 792 2756; x_wconf 82' lang='lat' dir='ltr'><strong>dicis&#39;l&#39;.</strong></span> <span class='ocrx_word' id='word_1_279' title='bbox 821 2695 889 2756; x_wconf 90' lang='lat' dir='ltr'><strong>ideo</strong></span> <span class='ocrx_word' id='word_1_280' title='bbox 912 2712 983 2772; x_wconf 83' lang='lat' dir='ltr'><strong>ergo</strong></span> <span class='ocrx_word' id='word_1_281' title='bbox 1006 2695 1211 2754; x_wconf 87' lang='lat' dir='ltr'><strong>coniunctivus</strong></span> <span class='ocrx_word' id='word_1_282' title='bbox 1232 2693 1337 2753; x_wconf 91' lang='lat' dir='ltr'><strong>modus</strong></span> <span class='ocrx_word' id='word_1_283' title='bbox 1360 2692 1457 2754; x_wconf 90' lang='lat' dir='ltr'><strong>dictus</strong></span> <span class='ocrx_word' id='word_1_284' title='bbox 1478 2701 1531 2762; x_wconf 89' lang='lat' dir='ltr'><strong>est,</strong></span> <span class='ocrx_word' id='word_1_285' title='bbox 1551 2694 1606 2771; x_wconf 83' lang='lat' dir='ltr'><strong>qnia</strong></span> 
     </span>
    </p>

    <p class='ocr_par' dir='ltr' id='par_1_8' title="bbox 344 2777 1700 3882">
     <span class='ocr_line' id='line_1_29' title="bbox 345 2777 1700 2861; baseline -0.002 -21"><span class='ocrx_word' id='word_1_286' title='bbox 345 2782 373 2841; x_wconf 92' lang='lat' dir='ltr'><strong>ei</strong></span> <span class='ocrx_word' id='word_1_287' title='bbox 397 2781 588 2858; x_wconf 80' lang='lat' dir='ltr'><strong>coniungitur</strong></span> <span class='ocrx_word' id='word_1_288' title='bbox 611 2779 736 2861; x_wconf 91' lang='lat' dir='ltr'><strong>aliquid,</strong></span> <span class='ocrx_word' id='word_1_289' title='bbox 761 2787 793 2841; x_wconf 87' lang='lat' dir='ltr'><strong>ul</strong></span> <span class='ocrx_word' id='word_1_290' title='bbox 815 2781 963 2842; x_wconf 90' lang='lat' dir='ltr'><strong>sententia</strong></span> <span class='ocrx_word' id='word_1_291' title='bbox 985 2778 1144 2842; x_wconf 87' lang='lat' dir='ltr'><strong>locutionis</strong></span> <span class='ocrx_word' id='word_1_292' title='bbox 1166 2777 1253 2859; x_wconf 88' lang='lat' dir='ltr'><strong>plena</strong></span> <span class='ocrx_word' id='word_1_293' title='bbox 1276 2781 1324 2840; x_wconf 88' lang='lat' dir='ltr'><strong>sit.</strong></span> <span class='ocrx_word' id='word_1_294' title='bbox 1353 2796 1425 2857; x_wconf 84' lang='lat' dir='ltr'><strong>ergo</strong></span> <span class='ocrx_word' id='word_1_295' title='bbox 1447 2777 1608 2839; x_wconf 80' lang='lat' dir='ltr'><strong>declinemus</strong></span> <span class='ocrx_word' id='word_1_296' title='bbox 1698 2794 1700 2844; x_wconf 76' lang='grc' dir='ltr'><strong>ι</strong></span> 
     </span>
     <span class='ocr_line' id='line_1_30' title="bbox 345 2849 1699 2945; baseline -0.004 -19"><span class='ocrx_word' id='word_1_297' title='bbox 345 2866 424 2927; x_wconf 91' lang='lat' dir='ltr'><strong>huuc</strong></span> <span class='ocrx_word' id='word_1_298' title='bbox 447 2866 581 2936; x_wconf 90' lang='lat' dir='ltr'><strong>modum,</strong></span> <span class='ocrx_word' id='word_1_299' title='bbox 605 2873 638 2926; x_wconf 95' lang='lat' dir='ltr'><strong>nt</strong></span> <span class='ocrx_word' id='word_1_300' title='bbox 660 2867 839 2945; x_wconf 81' lang='lat' dir='ltr'><strong>superiores</strong></span> <span class='ocrx_word' id='word_1_301' title='bbox 885 2866 1051 2927; x_wconf 89' lang='lat' dir='ltr'><strong>declinatur</strong></span> <span class='ocrx_word' id='word_1_302' title='bbox 1074 2872 1173 2925; x_wconf 90' lang='lat' dir='ltr'><strong>autem</strong></span> <span class='ocrx_word' id='word_1_303' title='bbox 1194 2884 1249 2944; x_wconf 88' lang='lat' dir='ltr'><strong>per</strong></span> <span class='ocrx_word' id='word_1_304' title='bbox 1271 2883 1414 2945; x_wconf 84' lang='lat' dir='ltr'><strong>personas</strong></span> <span class='ocrx_word' id='word_1_305' title='bbox 1436 2872 1509 2933; x_wconf 90' lang='lat' dir='ltr'><strong>tres,</strong></span> <span class='ocrx_word' id='word_1_306' title='bbox 1529 2866 1607 2943; x_wconf 87' lang='lat' dir='ltr'><strong>pn&#39;rnv</strong></span> <span class='ocrx_word' id='word_1_307' title='bbox 1698 2849 1699 2890; x_wconf 49' lang='grc' dir='ltr'>ι</span> 
     </span>
     <span class='ocr_line' id='line_1_31' title="bbox 344 2946 1699 3033; baseline -0.005 -22"><span class='ocrx_word' id='word_1_308' title='bbox 344 2946 349 3033; x_wconf 82' lang='grc' dir='ltr'>Ι</span> <span class='ocrx_word' id='word_1_309' title='bbox 373 2968 500 3030; x_wconf 90' lang='lat' dir='ltr'><strong>persona</strong></span> <span class='ocrx_word' id='word_1_310' title='bbox 524 2952 690 3030; x_wconf 87' lang='lat' dir='ltr'><strong>praesentis</strong></span> <span class='ocrx_word' id='word_1_311' title='bbox 712 2954 855 3031; x_wconf 88' lang='lat' dir='ltr'><strong>temporis</strong></span> <span class='ocrx_word' id='word_1_312' title='bbox 885 2969 952 3012; x_wconf 89' lang='lat' dir='ltr'><strong>curn</strong></span> <span class='ocrx_word' id='word_1_313' title='bbox 980 2951 1121 3020; x_wconf 90' lang='lat' dir='ltr'><strong>clamem,</strong></span> <span class='ocrx_word' id='word_1_314' title='bbox 1150 2949 1280 3011; x_wconf 85' lang='lat' dir='ltr'><strong>secunda</strong></span> <span class='ocrx_word' id='word_1_315' title='bbox 1306 2969 1374 3010; x_wconf 91' lang='lat' dir='ltr'><strong>cum</strong></span> <span class='ocrx_word' id='word_1_316' title='bbox 1395 2950 1516 3017; x_wconf 89' lang='lat' dir='ltr'><strong>clames,</strong></span> <span class='ocrx_word' id='word_1_317' title='bbox 1537 2949 1607 3009; x_wconf 89' lang='lat' dir='ltr'><strong>tertia</strong></span> <span class='ocrx_word' id='word_1_318' title='bbox 1698 3007 1699 3022; x_wconf 23' lang='lat' dir='ltr'><strong>p</strong></span> 
     </span>
     <span class='ocr_line' id='line_1_32' title="bbox 344 3034 1636 3116; baseline -0.005 -20"><span class='ocrx_word' id='word_1_319' title='bbox 344 3054 411 3096; x_wconf 91' lang='lat' dir='ltr'><strong>cum</strong></span> <span class='ocrx_word' id='word_1_320' title='bbox 440 3036 560 3105; x_wconf 89' lang='lat' dir='ltr'><strong>clamet,</strong></span> <span class='ocrx_word' id='word_1_321' title='bbox 590 3036 629 3116; x_wconf 94' lang='lat' dir='ltr'><strong>pl.</strong></span> <span class='ocrx_word' id='word_1_322' title='bbox 659 3038 753 3115; x_wconf 91' lang='lat' dir='ltr'><strong>prima</strong></span> <span class='ocrx_word' id='word_1_323' title='bbox 781 3054 908 3116; x_wconf 89' lang='lat' dir='ltr'><strong>persona</strong></span> <span class='ocrx_word' id='word_1_324' title='bbox 937 3054 1004 3099; x_wconf 88' lang='lat' dir='ltr'><strong>curn</strong></span> <span class='ocrx_word' id='word_1_325' title='bbox 1031 3035 1205 3104; x_wconf 90' lang='lat' dir='ltr'><strong>clamemus,</strong></span> <span class='ocrx_word' id='word_1_326' title='bbox 1233 3034 1364 3095; x_wconf 90' lang='lat' dir='ltr'><strong>secunda</strong></span> <span class='ocrx_word' id='word_1_327' title='bbox 1390 3054 1459 3095; x_wconf 91' lang='lat' dir='ltr'><strong>curn</strong></span> <span class='ocrx_word' id='word_1_328' title='bbox 1484 3034 1636 3100; x_wconf 73' lang='lat' dir='ltr'><strong>clametisn</strong></span> 
     </span>
     <span class='ocr_line' id='line_1_33' title="bbox 344 3121 1609 3200; baseline -0.006 -18"><span class='ocrx_word' id='word_1_329' title='bbox 344 3122 433 3182; x_wconf 87' lang='lat' dir='ltr'><strong>tertia</strong></span> <span class='ocrx_word' id='word_1_330' title='bbox 462 3138 529 3182; x_wconf 90' lang='lat' dir='ltr'><strong>cum</strong></span> <span class='ocrx_word' id='word_1_331' title='bbox 557 3121 700 3191; x_wconf 87' lang='lat' dir='ltr'><strong>clanrent;</strong></span> <span class='ocrx_word' id='word_1_332' title='bbox 729 3122 892 3200; x_wconf 89' lang='lat' dir='ltr'><strong>praeterito</strong></span> <span class='ocrx_word' id='word_1_333' title='bbox 920 3128 1052 3200; x_wconf 88' lang='lat' dir='ltr'><strong>tempore</strong></span> <span class='ocrx_word' id='word_1_334' title='bbox 1081 3122 1248 3200; x_wconf 88' lang='lat' dir='ltr'><strong>inpcrlecto</strong></span> <span class='ocrx_word' id='word_1_335' title='bbox 1274 3122 1371 3199; x_wconf 88' lang='lat' dir='ltr'><strong>prima</strong></span> <span class='ocrx_word' id='word_1_336' title='bbox 1404 3138 1527 3200; x_wconf 89' lang='lat' dir='ltr'><strong>persona</strong></span> <span class='ocrx_word' id='word_1_337' title='bbox 1555 3136 1609 3177; x_wconf 87' lang='lat' dir='ltr'><strong>cnm</strong></span> 
     </span>
     <span class='ocr_line' id='line_1_34' title="bbox 344 3204 1609 3285; baseline -0.005 -18"><span class='ocrx_word' id='word_1_338' title='bbox 344 3206 517 3277; x_wconf 87' lang='lat' dir='ltr'><strong>clamarem,</strong></span> <span class='ocrx_word' id='word_1_339' title='bbox 542 3206 670 3267; x_wconf 88' lang='lat' dir='ltr'><strong>secunda</strong></span> <span class='ocrx_word' id='word_1_340' title='bbox 693 3225 761 3267; x_wconf 91' lang='lat' dir='ltr'><strong>curn</strong></span> <span class='ocrx_word' id='word_1_341' title='bbox 776 3206 933 3277; x_wconf 86' lang='lat' dir='ltr'><strong>clamares,</strong></span> <span class='ocrx_word' id='word_1_342' title='bbox 956 3209 1045 3267; x_wconf 84' lang='lat' dir='ltr'><strong>tertia</strong></span> <span class='ocrx_word' id='word_1_343' title='bbox 1060 3225 1127 3267; x_wconf 92' lang='lat' dir='ltr'><strong>cum</strong></span> <span class='ocrx_word' id='word_1_344' title='bbox 1145 3205 1299 3274; x_wconf 89' lang='lat' dir='ltr'><strong>clamaret,</strong></span> <span class='ocrx_word' id='word_1_345' title='bbox 1322 3204 1362 3284; x_wconf 92' lang='lat' dir='ltr'><strong>pl.</strong></span> <span class='ocrx_word' id='word_1_346' title='bbox 1386 3207 1481 3285; x_wconf 90' lang='lat' dir='ltr'><strong>prima</strong></span> <span class='ocrx_word' id='word_1_347' title='bbox 1502 3220 1609 3283; x_wconf 89' lang='lat' dir='ltr'><strong>persona</strong></span> 
     </span>
     <span class='ocr_line' id='line_1_35' title="bbox 344 3290 1608 3366; baseline -0.005 -15"><span class='ocrx_word' id='word_1_348' title='bbox 344 3310 412 3351; x_wconf 92' lang='lat' dir='ltr'><strong>cum</strong></span> <span class='ocrx_word' id='word_1_349' title='bbox 434 3290 642 3361; x_wconf 68' lang='lat' dir='ltr'><strong>clamaremus</strong></span> <span class='ocrx_word' id='word_1_350' title='bbox 667 3292 794 3352; x_wconf 92' lang='lat' dir='ltr'><strong>secunda</strong></span> <span class='ocrx_word' id='word_1_351' title='bbox 817 3309 885 3352; x_wconf 91' lang='lat' dir='ltr'><strong>cnm</strong></span> <span class='ocrx_word' id='word_1_352' title='bbox 905 3291 1086 3361; x_wconf 90' lang='lat' dir='ltr'><strong>clamaretis,</strong></span> <span class='ocrx_word' id='word_1_353' title='bbox 1110 3292 1199 3352; x_wconf 90' lang='lat' dir='ltr'><strong>tertia</strong></span> <span class='ocrx_word' id='word_1_354' title='bbox 1214 3308 1281 3351; x_wconf 89' lang='lat' dir='ltr'><strong>cum</strong></span> <span class='ocrx_word' id='word_1_355' title='bbox 1297 3291 1474 3360; x_wconf 89' lang='lat' dir='ltr'><strong>clamarent;</strong></span> <span class='ocrx_word' id='word_1_356' title='bbox 1498 3298 1608 3366; x_wconf 84' lang='lat' dir='ltr'><strong>ternpore</strong></span> 
     </span>
     <span class='ocr_line' id='line_1_36' title="bbox 344 3375 1611 3457; baseline -0.006 -20"><span class='ocrx_word' id='word_1_357' title='bbox 344 3378 506 3457; x_wconf 89' lang='lat' dir='ltr'><strong>praeterito</strong></span> <span class='ocrx_word' id='word_1_358' title='bbox 533 3378 667 3456; x_wconf 86' lang='lat' dir='ltr'><strong>perlecto</strong></span> <span class='ocrx_word' id='word_1_359' title='bbox 695 3395 762 3437; x_wconf 90' lang='lat' dir='ltr'><strong>eum</strong></span> <span class='ocrx_word' id='word_1_360' title='bbox 790 3376 979 3439; x_wconf 90' lang='lat' dir='ltr'><strong>clamaverim</strong></span> <span class='ocrx_word' id='word_1_361' title='bbox 1007 3376 1181 3437; x_wconf 89' lang='lat' dir='ltr'><strong>clamaveris</strong></span> <span class='ocrx_word' id='word_1_362' title='bbox 1209 3375 1381 3436; x_wconf 88' lang='lat' dir='ltr'><strong>clamaverit</strong></span> <span class='ocrx_word' id='word_1_363' title='bbox 1408 3375 1611 3436; x_wconf 89' lang='lat' dir='ltr'><strong>clamaverimus</strong></span> 
     </span>
     <span class='ocr_line' id='line_1_37' title="bbox 345 3458 1638 3541; baseline -0.005 -20"><span class='ocrx_word' id='word_1_364' title='bbox 345 3462 543 3523; x_wconf 89' lang='lat' dir='ltr'><strong>clamaveritis</strong></span> <span class='ocrx_word' id='word_1_365' title='bbox 571 3462 778 3533; x_wconf 86' lang='lat' dir='ltr'><strong>clamaveriut;</strong></span> <span class='ocrx_word' id='word_1_366' title='bbox 807 3470 940 3541; x_wconf 89' lang='lat' dir='ltr'><strong>ternpore</strong></span> <span class='ocrx_word' id='word_1_367' title='bbox 968 3463 1131 3541; x_wconf 89' lang='lat' dir='ltr'><strong>praeterito</strong></span> <span class='ocrx_word' id='word_1_368' title='bbox 1159 3461 1450 3541; x_wconf 80' lang='lat' dir='ltr'><strong>plusquamperfecto</strong></span> <span class='ocrx_word' id='word_1_369' title='bbox 1476 3478 1540 3520; x_wconf 88' lang='lat' dir='ltr'><strong>cmu</strong></span> <span class='ocrx_word' id='word_1_370' title='bbox 1563 3458 1638 3517; x_wconf 76' lang='lat' dir='ltr'><strong>cla-c</strong></span> 
     </span>
     <span class='ocr_line' id='line_1_38' title="bbox 344 3546 1610 3622; baseline -0.005 -15"><span class='ocrx_word' id='word_1_371' title='bbox 344 3564 470 3607; x_wconf 86' lang='lat' dir='ltr'><strong>massenr</strong></span> <span class='ocrx_word' id='word_1_372' title='bbox 493 3546 650 3609; x_wconf 89' lang='lat' dir='ltr'><strong>clamasses</strong></span> <span class='ocrx_word' id='word_1_373' title='bbox 673 3547 829 3608; x_wconf 89' lang='lat' dir='ltr'><strong>clamasset</strong></span> <span class='ocrx_word' id='word_1_374' title='bbox 850 3546 1058 3609; x_wconf 88' lang='lat' dir='ltr'><strong>clamassernus</strong></span> <span class='ocrx_word' id='word_1_375' title='bbox 1080 3546 1262 3607; x_wconf 87' lang='lat' dir='ltr'><strong>clamassetis</strong></span> <span class='ocrx_word' id='word_1_376' title='bbox 1283 3546 1610 3622; x_wconf 59' lang='lat' dir='ltr'><strong>clamassentntcmpcre</strong></span> 
     </span>
     <span class='ocr_line' id='line_1_39' title="bbox 345 3628 1611 3693; baseline -0.006 -1"><span class='ocrx_word' id='word_1_377' title='bbox 345 3633 446 3692; x_wconf 88' lang='lat' dir='ltr'><strong>inturo</strong></span> <span class='ocrx_word' id='word_1_378' title='bbox 473 3650 541 3693; x_wconf 91' lang='lat' dir='ltr'><strong>cum</strong></span> <span class='ocrx_word' id='word_1_379' title='bbox 569 3632 733 3693; x_wconf 85' lang='lat' dir='ltr'><strong>clamavero</strong></span> <span class='ocrx_word' id='word_1_380' title='bbox 765 3632 937 3693; x_wconf 88' lang='lat' dir='ltr'><strong>clamaveris</strong></span> <span class='ocrx_word' id='word_1_381' title='bbox 970 3632 1142 3693; x_wconf 90' lang='lat' dir='ltr'><strong>clamaverit</strong></span> <span class='ocrx_word' id='word_1_382' title='bbox 1174 3630 1400 3692; x_wconf 89' lang='lat' dir='ltr'><strong>clamaverimus</strong></span> <span class='ocrx_word' id='word_1_383' title='bbox 1431 3628 1611 3691; x_wconf 86' lang='lat' dir='ltr'><strong>clamaveritis</strong></span> 
     </span>
     <span class='ocr_line' id='line_1_40' title="bbox 345 3715 1609 3796; baseline -0.004 -19"><span class='ocrx_word' id='word_1_384' title='bbox 345 3717 548 3778; x_wconf 87' lang='lat' dir='ltr'><strong>clamaverint.</strong></span> <span class='ocrx_word' id='word_1_385' title='bbox 593 3735 671 3777; x_wconf 90' lang='lat' dir='ltr'><strong>nunc</strong></span> <span class='ocrx_word' id='word_1_386' title='bbox 695 3717 730 3777; x_wconf 88' lang='lat' dir='ltr'><strong>de</strong></span> <span class='ocrx_word' id='word_1_387' title='bbox 756 3717 843 3777; x_wconf 86' lang='lat' dir='ltr'><strong>uredo</strong></span> <span class='ocrx_word' id='word_1_388' title='bbox 865 3718 998 3787; x_wconf 88' lang='lat' dir='ltr'><strong>induite,</strong></span> <span class='ocrx_word' id='word_1_389' title='bbox 1021 3718 1073 3796; x_wconf 92' lang='lat' dir='ltr'><strong>qui</strong></span> <span class='ocrx_word' id='word_1_390' title='bbox 1095 3715 1161 3777; x_wconf 88' lang='lat' dir='ltr'><strong>ideo</strong></span> <span class='ocrx_word' id='word_1_391' title='bbox 1184 3716 1318 3777; x_wconf 85' lang='lat' dir='ltr'><strong>infinitus</strong></span> <span class='ocrx_word' id='word_1_392' title='bbox 1340 3716 1467 3783; x_wconf 92' lang='lat' dir='ltr'><strong>dicitur,</strong></span> <span class='ocrx_word' id='word_1_393' title='bbox 1489 3716 1553 3795; x_wconf 82' lang='lat' dir='ltr'><strong>quia</strong></span> <span class='ocrx_word' id='word_1_394' title='bbox 1571 3730 1609 3773; x_wconf 89' lang='lat' dir='ltr'><strong>su·</strong></span> 
     </span>
     <span class='ocr_line' id='line_1_41' title="bbox 345 3800 1611 3882; baseline -0.006 -20"><span class='ocrx_word' id='word_1_395' title='bbox 345 3804 481 3882; x_wconf 89' lang='lat' dir='ltr'><strong>periores</strong></span> <span class='ocrx_word' id='word_1_396' title='bbox 503 3801 648 3865; x_wconf 90' lang='lat' dir='ltr'><strong>deliniunt</strong></span> <span class='ocrx_word' id='word_1_397' title='bbox 669 3820 812 3882; x_wconf 88' lang='lat' dir='ltr'><strong>personas</strong></span> <span class='ocrx_word' id='word_1_398' title='bbox 835 3805 965 3881; x_wconf 91' lang='lat' dir='ltr'><strong>primam</strong></span> <span class='ocrx_word' id='word_1_399' title='bbox 986 3801 1146 3863; x_wconf 88' lang='lat' dir='ltr'><strong>secundam</strong></span> <span class='ocrx_word' id='word_1_400' title='bbox 1168 3808 1197 3862; x_wconf 88' lang='lat' dir='ltr'><strong>et</strong></span> <span class='ocrx_word' id='word_1_401' title='bbox 1218 3803 1354 3871; x_wconf 90' lang='lat' dir='ltr'><strong>tertiam;</strong></span> <span class='ocrx_word' id='word_1_402' title='bbox 1377 3800 1426 3861; x_wconf 85' lang='lat' dir='ltr'><strong>iric</strong></span> <span class='ocrx_word' id='word_1_403' title='bbox 1448 3809 1542 3861; x_wconf 88' lang='lat' dir='ltr'><strong>autern</strong></span> <span class='ocrx_word' id='word_1_404' title='bbox 1562 3814 1611 3857; x_wconf 80' lang='lat' dir='ltr'><strong>mo</strong></span> 
     </span>
    </p>

    <p class='ocr_par' dir='ltr' id='par_1_9' title="bbox 344 3886 1641 4553">
     <span class='ocr_line' id='line_1_42' title="bbox 345 3886 1639 3967; baseline -0.007 -19"><span class='ocrx_word' id='word_1_405' title='bbox 345 3888 400 3949; x_wconf 92' lang='lat' dir='ltr'><strong>dus</strong></span> <span class='ocrx_word' id='word_1_406' title='bbox 423 3889 486 3947; x_wconf 93' lang='lat' dir='ltr'><strong>sine</strong></span> <span class='ocrx_word' id='word_1_407' title='bbox 509 3888 646 3967; x_wconf 89' lang='lat' dir='ltr'><strong>personis</strong></span> <span class='ocrx_word' id='word_1_408' title='bbox 669 3896 713 3949; x_wconf 90' lang='lat' dir='ltr'><strong>est</strong></span> <span class='ocrx_word' id='word_1_409' title='bbox 735 3894 766 3948; x_wconf 92' lang='lat' dir='ltr'><strong>et</strong></span> <span class='ocrx_word' id='word_1_410' title='bbox 786 3886 876 3949; x_wconf 86' lang='lat' dir='ltr'><strong>lrabet</strong></span> <span class='ocrx_word' id='word_1_411' title='bbox 898 3887 993 3949; x_wconf 90' lang='lat' dir='ltr'><strong>solum</strong></span> <span class='ocrx_word' id='word_1_412' title='bbox 1015 3894 1132 3966; x_wconf 89' lang='lat' dir='ltr'><strong>tempus</strong></span> <span class='ocrx_word' id='word_1_413' title='bbox 1154 3887 1358 3966; x_wconf 82' lang='lat' dir='ltr'><strong>praefinitum,</strong></span> <span class='ocrx_word' id='word_1_414' title='bbox 1381 3903 1521 3965; x_wconf 88' lang='lat' dir='ltr'><strong>praesens</strong></span> <span class='ocrx_word' id='word_1_415' title='bbox 1540 3898 1639 3962; x_wconf 83' lang='lat' dir='ltr'><strong>prae-n</strong></span> 
     </span>
     <span class='ocr_line' id='line_1_43' title="bbox 344 3970 1612 4053; baseline -0.007 -19"><span class='ocrx_word' id='word_1_416' title='bbox 344 3973 467 4034; x_wconf 87' lang='lat' dir='ltr'><strong>teritum</strong></span> <span class='ocrx_word' id='word_1_417' title='bbox 490 3980 520 4033; x_wconf 92' lang='lat' dir='ltr'><strong>et</strong></span> <span class='ocrx_word' id='word_1_418' title='bbox 541 3973 690 4041; x_wconf 80' lang='lat' dir='ltr'><strong>futurum,</strong></span> <span class='ocrx_word' id='word_1_419' title='bbox 714 3980 746 4033; x_wconf 91' lang='lat' dir='ltr'><strong>ut</strong></span> <span class='ocrx_word' id='word_1_420' title='bbox 768 3974 838 4053; x_wconf 85' lang='lat' dir='ltr'><strong>puta</strong></span> <span class='ocrx_word' id='word_1_421' title='bbox 860 3972 987 4033; x_wconf 90' lang='lat' dir='ltr'><strong>clamare</strong></span> <span class='ocrx_word' id='word_1_422' title='bbox 1010 3990 1152 4051; x_wconf 88' lang='lat' dir='ltr'><strong>praesens</strong></span> <span class='ocrx_word' id='word_1_423' title='bbox 1174 3979 1233 4041; x_wconf 90' lang='lat' dir='ltr'><strong>est,</strong></span> <span class='ocrx_word' id='word_1_424' title='bbox 1262 3971 1405 4033; x_wconf 88' lang='lat' dir='ltr'><strong>clamasse</strong></span> <span class='ocrx_word' id='word_1_425' title='bbox 1426 3970 1612 4049; x_wconf 82' lang='lat' dir='ltr'><strong>praeteritum,</strong></span> 
     </span>
     <span class='ocr_line' id='line_1_44' title="bbox 346 4056 1611 4135; baseline -0.006 -17"><span class='ocrx_word' id='word_1_426' title='bbox 346 4058 501 4119; x_wconf 90' lang='lat' dir='ltr'><strong>clamatum</strong></span> <span class='ocrx_word' id='word_1_427' title='bbox 527 4058 573 4117; x_wconf 89' lang='lat' dir='ltr'><strong>irc</strong></span> <span class='ocrx_word' id='word_1_428' title='bbox 601 4058 744 4119; x_wconf 79' lang='lat' dir='ltr'><strong>futurum.</strong></span> <span class='ocrx_word' id='word_1_429' title='bbox 789 4076 858 4118; x_wconf 89' lang='lat' dir='ltr'><strong>ecce</strong></span> <span class='ocrx_word' id='word_1_430' title='bbox 888 4056 968 4119; x_wconf 88' lang='lat' dir='ltr'><strong>vides</strong></span> <span class='ocrx_word' id='word_1_431' title='bbox 996 4056 1153 4135; x_wconf 82' lang='lat' dir='ltr'><strong>designare</strong></span> <span class='ocrx_word' id='word_1_432' title='bbox 1176 4064 1459 4135; x_wconf 84' lang='lat' dir='ltr'><strong>tantumtempora,</strong></span> <span class='ocrx_word' id='word_1_433' title='bbox 1483 4069 1611 4131; x_wconf 88' lang='lat' dir='ltr'><strong>nonper-</strong></span> 
     </span>
     <span class='ocr_line' id='line_1_45' title="bbox 347 4135 1614 4219; baseline -0.009 -15"><span class='ocrx_word' id='word_1_434' title='bbox 347 4161 449 4205; x_wconf 88' lang='lat' dir='ltr'><strong>sonas:</strong></span> <span class='ocrx_word' id='word_1_435' title='bbox 472 4142 599 4203; x_wconf 88' lang='lat' dir='ltr'><strong>clamare</strong></span> <span class='ocrx_word' id='word_1_436' title='bbox 623 4144 702 4203; x_wconf 91' lang='lat' dir='ltr'><strong>enirn</strong></span> <span class='ocrx_word' id='word_1_437' title='bbox 725 4150 755 4203; x_wconf 91' lang='lat' dir='ltr'><strong>et</strong></span> <span class='ocrx_word' id='word_1_438' title='bbox 777 4142 917 4205; x_wconf 89' lang='lat' dir='ltr'><strong>clamasse</strong></span> <span class='ocrx_word' id='word_1_439' title='bbox 939 4151 970 4204; x_wconf 88' lang='lat' dir='ltr'><strong>et</strong></span> <span class='ocrx_word' id='word_1_440' title='bbox 990 4142 1148 4203; x_wconf 87' lang='lat' dir='ltr'><strong>clamatum</strong></span> <span class='ocrx_word' id='word_1_441' title='bbox 1170 4144 1232 4212; x_wconf 92' lang='lat' dir='ltr'><strong>ire,</strong></span> <span class='ocrx_word' id='word_1_442' title='bbox 1255 4144 1389 4202; x_wconf 86' lang='lat' dir='ltr'><strong>nescitur</strong></span> <span class='ocrx_word' id='word_1_443' title='bbox 1410 4158 1545 4219; x_wconf 88' lang='lat' dir='ltr'><strong>persona,</strong></span> <span class='ocrx_word' id='word_1_444' title='bbox 1566 4135 1614 4195; x_wconf 89' lang='lat' dir='ltr'><strong>nisi</strong></span> 
     </span>
     <span class='ocr_line' id='line_1_46' title="bbox 346 4220 1613 4307; baseline -0.009 -18"><span class='ocrx_word' id='word_1_445' title='bbox 346 4228 419 4289; x_wconf 87' lang='lat' dir='ltr'><strong>velis</strong></span> <span class='ocrx_word' id='word_1_446' title='bbox 447 4230 571 4305; x_wconf 83' lang='lat' dir='ltr'><strong>iungere</strong></span> <span class='ocrx_word' id='word_1_447' title='bbox 599 4235 628 4288; x_wconf 93' lang='lat' dir='ltr'><strong>et</strong></span> <span class='ocrx_word' id='word_1_448' title='bbox 656 4226 756 4289; x_wconf 87' lang='lat' dir='ltr'><strong>dicere</strong></span> <span class='ocrx_word' id='word_1_449' title='bbox 784 4227 928 4289; x_wconf 80' lang='lat' dir='ltr'><strong>‘clamare</strong></span> <span class='ocrx_word' id='word_1_450' title='bbox 955 4226 1044 4288; x_wconf 83' lang='lat' dir='ltr'><strong>dehet</strong></span> <span class='ocrx_word' id='word_1_451' title='bbox 1072 4226 1156 4298; x_wconf 82' lang='lat' dir='ltr'><strong>illc’;</strong></span> <span class='ocrx_word' id='word_1_452' title='bbox 1185 4234 1255 4288; x_wconf 90' lang='lat' dir='ltr'><strong>tuuc</strong></span> <span class='ocrx_word' id='word_1_453' title='bbox 1277 4228 1362 4307; x_wconf 91' lang='lat' dir='ltr'><strong>qnasi</strong></span> <span class='ocrx_word' id='word_1_454' title='bbox 1384 4228 1416 4286; x_wconf 85' lang='grc' dir='ltr'><strong>ιιι</strong></span> <span class='ocrx_word' id='word_1_455' title='bbox 1438 4226 1556 4286; x_wconf 81' lang='lat' dir='ltr'><strong>finitum.</strong></span> <span class='ocrx_word' id='word_1_456' title='bbox 1592 4220 1613 4278; x_wconf 91' lang='lat' dir='ltr'><strong>si</strong></span> 
     </span>
     <span class='ocr_line' id='line_1_47' title="bbox 346 4305 1641 4392; baseline -0.011 -18"><span class='ocrx_word' id='word_1_457' title='bbox 346 4320 519 4375; x_wconf 88' lang='lat' dir='ltr'><strong>autemnon</strong></span> <span class='ocrx_word' id='word_1_458' title='bbox 536 4311 697 4391; x_wconf 81' lang='lat' dir='ltr'><strong>subiungas</strong></span> <span class='ocrx_word' id='word_1_459' title='bbox 719 4312 769 4373; x_wconf 88' lang='lat' dir='ltr'><strong>ille</strong></span> <span class='ocrx_word' id='word_1_460' title='bbox 792 4312 837 4373; x_wconf 90' lang='lat' dir='ltr'><strong>vel</strong></span> <span class='ocrx_word' id='word_1_461' title='bbox 859 4315 922 4392; x_wconf 94' lang='lat' dir='ltr'><strong>ipse</strong></span> <span class='ocrx_word' id='word_1_462' title='bbox 938 4311 983 4373; x_wconf 91' lang='lat' dir='ltr'><strong>vel</strong></span> <span class='ocrx_word' id='word_1_463' title='bbox 1000 4313 1134 4381; x_wconf 80' lang='lat' dir='ltr'><strong>istc,.fit,</strong></span> <span class='ocrx_word' id='word_1_464' title='bbox 1158 4319 1192 4372; x_wconf 92' lang='lat' dir='ltr'><strong>ut</strong></span> <span class='ocrx_word' id='word_1_465' title='bbox 1213 4313 1339 4381; x_wconf 87' lang='lat' dir='ltr'><strong>dicitur,</strong></span> <span class='ocrx_word' id='word_1_466' title='bbox 1362 4312 1496 4371; x_wconf 85' lang='lat' dir='ltr'><strong>inlinitus</strong></span> <span class='ocrx_word' id='word_1_467' title='bbox 1509 4305 1641 4369; x_wconf 77' lang='lat' dir='ltr'><strong>moduszs</strong></span> 
     </span>
     <span class='ocr_line' id='line_1_48' title="bbox 346 4393 1613 4478; baseline -0.009 -18"><span class='ocrx_word' id='word_1_468' title='bbox 346 4417 415 4460; x_wconf 90' lang='lat' dir='ltr'><strong>nam</strong></span> <span class='ocrx_word' id='word_1_469' title='bbox 437 4404 467 4457; x_wconf 89' lang='lat' dir='ltr'><strong>et</strong></span> <span class='ocrx_word' id='word_1_470' title='bbox 489 4416 614 4459; x_wconf 89' lang='lat' dir='ltr'><strong>numero</strong></span> <span class='ocrx_word' id='word_1_471' title='bbox 636 4398 779 4475; x_wconf 82' lang='lat' dir='ltr'><strong>singulari</strong></span> <span class='ocrx_word' id='word_1_472' title='bbox 802 4397 847 4458; x_wconf 89' lang='lat' dir='ltr'><strong>vel</strong></span> <span class='ocrx_word' id='word_1_473' title='bbox 869 4398 977 4478; x_wconf 89' lang='lat' dir='ltr'><strong>plurali</strong></span> <span class='ocrx_word' id='word_1_474' title='bbox 999 4398 1132 4459; x_wconf 89' lang='lat' dir='ltr'><strong>inlinitns</strong></span> <span class='ocrx_word' id='word_1_475' title='bbox 1147 4403 1203 4457; x_wconf 88' lang='lat' dir='ltr'><strong>est.</strong></span> <span class='ocrx_word' id='word_1_476' title='bbox 1226 4396 1303 4458; x_wconf 85' lang='lat' dir='ltr'><strong>cum¹</strong></span> <span class='ocrx_word' id='word_1_477' title='bbox 1316 4397 1395 4457; x_wconf 87' lang='lat' dir='ltr'><strong>enirn</strong></span> <span class='ocrx_word' id='word_1_478' title='bbox 1416 4395 1484 4456; x_wconf 90' lang='lat' dir='ltr'><strong>dico</strong></span> <span class='ocrx_word' id='word_1_479' title='bbox 1503 4393 1613 4454; x_wconf 85' lang='lat' dir='ltr'><strong>clamare</strong></span> 
     </span>
     <span class='ocr_line' id='line_1_49' title="bbox 349 4480 1613 4553; baseline -0.006 -10"><span class='ocrx_word' id='word_1_480' title='bbox 349 4484 506 4553; x_wconf 89' lang='lat' dir='ltr'><strong>clamasse,</strong></span> <span class='ocrx_word' id='word_1_481' title='bbox 530 4502 585 4544; x_wconf 90' lang='lat' dir='ltr'><strong>ncc</strong></span> <span class='ocrx_word' id='word_1_482' title='bbox 608 4485 725 4545; x_wconf 90' lang='lat' dir='ltr'><strong>linitum</strong></span> <span class='ocrx_word' id='word_1_483' title='bbox 748 4492 807 4553; x_wconf 90' lang='lat' dir='ltr'><strong>est,</strong></span> <span class='ocrx_word' id='word_1_484' title='bbox 831 4491 931 4545; x_wconf 90' lang='lat' dir='ltr'><strong>utrum</strong></span> <span class='ocrx_word' id='word_1_485' title='bbox 953 4482 990 4543; x_wconf 90' lang='lat' dir='ltr'><strong>de</strong></span> <span class='ocrx_word' id='word_1_486' title='bbox 1004 4501 1064 4543; x_wconf 92' lang='lat' dir='ltr'><strong>uno</strong></span> <span class='ocrx_word' id='word_1_487' title='bbox 1078 4502 1116 4543; x_wconf 93' lang='lat' dir='ltr'><strong>an</strong></span> <span class='ocrx_word' id='word_1_488' title='bbox 1138 4481 1174 4542; x_wconf 92' lang='lat' dir='ltr'><strong>de</strong></span> <span class='ocrx_word' id='word_1_489' title='bbox 1197 4482 1313 4544; x_wconf 88' lang='lat' dir='ltr'><strong>duobus</strong></span> <span class='ocrx_word' id='word_1_490' title='bbox 1334 4482 1441 4543; x_wconf 86' lang='lat' dir='ltr'><strong>dicam.</strong></span> <span class='ocrx_word' id='word_1_491' title='bbox 1470 4480 1519 4540; x_wconf 92' lang='lat' dir='ltr'><strong>isti</strong></span> <span class='ocrx_word' id='word_1_492' title='bbox 1531 4484 1613 4537; x_wconf 85' lang='lat' dir='ltr'><strong>autern</strong></span> 
     </span>
    </p>
   </div>
   <div class='ocr_carea' id='block_1_4' title="bbox 348 4717 1616 4929">
    <p class='ocr_par' dir='ltr' id='par_1_10' title="bbox 348 4717 1616 4929">
     <span class='ocr_line' id='line_1_50' title="bbox 422 4717 1616 4783; baseline -0.009 -12"><span class='ocrx_word' id='word_1_493' title='bbox 422 4722 433 4771; x_wconf 92' lang='grc' dir='ltr'><strong>ι</strong></span> <span class='ocrx_word' id='word_1_494' title='bbox 455 4719 535 4771; x_wconf 78' lang='lat' dir='ltr'><strong>solum</strong></span> <span class='ocrx_word' id='word_1_495' title='bbox 554 4736 600 4773; x_wconf 80' lang='lat' dir='ltr'><strong>orvi.</strong></span> <span class='ocrx_word' id='word_1_496' title='bbox 620 4720 645 4769; x_wconf 78' lang='lat' dir='ltr'><em>F</em></span> <span class='ocrx_word' id='word_1_497' title='bbox 707 4720 771 4771; x_wconf 74' lang='lat' dir='ltr'><strong>oca</strong></span> <span class='ocrx_word' id='word_1_498' title='bbox 784 4736 830 4774; x_wconf 84' lang='lat' dir='ltr'><strong>orn.</strong></span> <span class='ocrx_word' id='word_1_499' title='bbox 850 4720 894 4776; x_wconf 64' lang='lat' dir='ltr'><strong>re</strong></span> <span class='ocrx_word' id='word_1_500' title='bbox 965 4720 997 4770; x_wconf 75' lang='lat'><strong>12</strong></span> <span class='ocrx_word' id='word_1_501' title='bbox 1014 4734 1044 4767; x_wconf 83' lang='lat' dir='ltr'><strong>ne</strong></span> <span class='ocrx_word' id='word_1_502' title='bbox 1063 4720 1096 4768; x_wconf 85' lang='lat' dir='ltr'><strong>ad</strong></span> <span class='ocrx_word' id='word_1_503' title='bbox 1110 4718 1187 4767; x_wconf 77' lang='lat' dir='ltr'><strong>allam</strong></span> <span class='ocrx_word' id='word_1_504' title='bbox 1206 4719 1242 4783; x_wconf 82' lang='lat' dir='ltr'><strong>(et</strong></span> <span class='ocrx_word' id='word_1_505' title='bbox 1258 4734 1290 4767; x_wconf 86' lang='lat' dir='ltr'><strong>na</strong></span> <span class='ocrx_word' id='word_1_506' title='bbox 1309 4718 1407 4768; x_wconf 80' lang='lat' dir='ltr'><strong>adalia</strong></span> <span class='ocrx_word' id='word_1_507' title='bbox 1428 4717 1458 4783; x_wconf 81' lang='grc' dir='ltr'><strong>ς)</strong></span> <span class='ocrx_word' id='word_1_508' title='bbox 1476 4724 1616 4764; x_wconf 76' lang='lat' dir='ltr'><strong>naummus</strong></span> 
     </span>
     <span class='ocr_line' id='line_1_51' title="bbox 349 4780 1616 4855; baseline -0.003 -18"><span class='ocrx_word' id='word_1_509' title='bbox 349 4790 482 4840; x_wconf 81' lang='lat' dir='ltr'><strong>redeamus</strong></span> <span class='ocrx_word' id='word_1_510' title='bbox 500 4792 532 4841; x_wconf 81' lang='lat' dir='ltr'><strong>od</strong></span> <span class='ocrx_word' id='word_1_511' title='bbox 552 4806 603 4840; x_wconf 88' lang='lat' dir='ltr'><strong>rem</strong></span> <span class='ocrx_word' id='word_1_512' title='bbox 620 4788 742 4855; x_wconf 84' lang='lat' dir='ltr'><strong>pluralem</strong></span> <span class='ocrx_word' id='word_1_513' title='bbox 761 4792 809 4847; x_wconf 74' lang='lat' dir='ltr'><strong>Fr,-</strong></span> <span class='ocrx_word' id='word_1_514' title='bbox 879 4788 912 4841; x_wconf 84' lang='grc'><strong>13</strong></span> <span class='ocrx_word' id='word_1_515' title='bbox 928 4782 1063 4854; x_wconf 75' lang='lat' dir='ltr'><strong>clamauit]</strong></span> <span class='ocrx_word' id='word_1_516' title='bbox 1081 4788 1213 4839; x_wconf 84' lang='lat' dir='ltr'><strong>elamatote</strong></span> <span class='ocrx_word' id='word_1_517' title='bbox 1230 4788 1255 4837; x_wconf 82' lang='lat' dir='ltr'><em>F</em></span> <span class='ocrx_word' id='word_1_518' title='bbox 1322 4780 1616 4839; x_wconf 68' lang='lat' dir='ltr'><strong>announcement</strong></span> 
     </span>
     <span class='ocr_line' id='line_1_52' title="bbox 348 4857 1058 4929; baseline -0.003 -20"><span class='ocrx_word' id='word_1_519' title='bbox 348 4860 370 4909; x_wconf 80' lang='lat' dir='ltr'><strong>si</strong></span> <span class='ocrx_word' id='word_1_520' title='bbox 387 4860 492 4911; x_wconf 63' lang='grc' dir='ltr'><strong>ιιίιιιιιΡ</strong></span> <span class='ocrx_word' id='word_1_521' title='bbox 559 4862 591 4911; x_wconf 82' lang='grc'><strong>27</strong></span> <span class='ocrx_word' id='word_1_522' title='bbox 611 4857 644 4929; x_wconf 83' lang='lat' dir='ltr'><strong>ei]</strong></span> <span class='ocrx_word' id='word_1_523' title='bbox 666 4860 732 4911; x_wconf 86' lang='lat' dir='ltr'><strong>etF</strong></span> <span class='ocrx_word' id='word_1_524' title='bbox 798 4860 831 4910; x_wconf 80' lang='grc'><strong>47</strong></span> <span class='ocrx_word' id='word_1_525' title='bbox 848 4857 944 4926; x_wconf 79' lang='lat' dir='ltr'><strong>aurem]</strong></span> <span class='ocrx_word' id='word_1_526' title='bbox 964 4872 1058 4927; x_wconf 63' lang='lat' dir='ltr'><strong>ergon</strong></span> 
     </span>
    </p>
   </div>
   <div class='ocr_carea' id='block_1_5' title="bbox 0 0 1777 5600">
    <p class='ocr_par' dir='ltr' id='par_1_11' title="bbox 0 0 1777 5600">
     <span class='ocr_line' id='line_1_53' title="bbox 0 0 1777 5600; baseline 0 0"><span class='ocrx_word' id='word_1_527' title='bbox 0 0 1777 5600; x_wconf 95' lang='lat' dir='ltr'><strong> </strong></span> 
     </span>
    </p>
   </div>
  </div>
 </body>
</html>
