<?xml version="1.0" encoding="UTF-8"?>
<!DOCTYPE html PUBLIC "-//W3C//DTD XHTML 1.0 Transitional//EN"
    "http://www.w3.org/TR/xhtml1/DTD/xhtml1-transitional.dtd">
<html xmlns="http://www.w3.org/1999/xhtml" xml:lang="en" lang="en">
 <head>
  <title>
</title>
<meta http-equiv="Content-Type" content="text/html;charset=utf-8" />
  <meta name='ocr-system' content='tesseract 3.04.00' />
  <meta name='ocr-capabilities' content='ocr_page ocr_carea ocr_par ocr_line ocrx_word'/>
</head>
<body>
  <div class='ocr_page' id='page_1' title='image "./grammaticilatin03hagagoog/grammaticilatin03hagagoog_0303.png"; bbox 0 0 3525 5600; ppageno 0'>
   <div class='ocr_carea' id='block_1_1' title="bbox 704 329 1473 491">
    <p class='ocr_par' dir='ltr' id='par_1_1' title="bbox 704 329 1473 491">
     <span class='ocr_line' id='line_1_1' title="bbox 704 329 1473 394; baseline 0.005 -4"><span class='ocrx_word' id='word_1_1' title='bbox 704 329 941 392; x_wconf 71' lang='lat' dir='ltr'>denuntiavit</span> <span class='ocrx_word' id='word_1_2' title='bbox 1409 331 1473 394; x_wconf 85' lang='grc'>293</span> 
     </span>
     <span class='ocr_line' id='line_1_2' title="bbox 1286 439 1446 491; baseline 0 -9"><span class='ocrx_word' id='word_1_3' title='bbox 1286 453 1308 491; x_wconf 77' lang='lat' dir='ltr'>p.</span> <span class='ocrx_word' id='word_1_4' title='bbox 1321 443 1411 482; x_wconf 76' lang='lat' dir='ltr'>cta-to</span> <span class='ocrx_word' id='word_1_5' title='bbox 1423 439 1446 482; x_wconf 79' lang='lat' dir='ltr'>n</span> 
     </span>
    </p>
   </div>
   <div class='ocr_carea' id='block_1_2' title="bbox 646 533 1010 596">
    <p class='ocr_par' dir='ltr' id='par_1_2' title="bbox 646 533 1010 596">
     <span class='ocr_line' id='line_1_3' title="bbox 646 533 1010 596; baseline -0.003 0"><span class='ocrx_word' id='word_1_6' title='bbox 646 534 695 596; x_wconf 84' lang='lat' dir='ltr'>DE</span> <span class='ocrx_word' id='word_1_7' title='bbox 717 534 875 596; x_wconf 78' lang='lat' dir='ltr'>CE&#39;l&#39;lllilS</span> <span class='ocrx_word' id='word_1_8' title='bbox 899 533 1010 596; x_wconf 78' lang='lat' dir='ltr'>Vl&#39;l&#39;llS</span> 
     </span>
    </p>
   </div>
   <div class='ocr_carea' id='block_1_3' title="bbox 108 652 1589 3680">
    <p class='ocr_par' dir='ltr' id='par_1_3' title="bbox 161 652 1473 1450">
     <span class='ocr_line' id='line_1_4' title="bbox 255 652 1472 736; baseline 0.002 -21"><span class='ocrx_word' id='word_1_9' title='bbox 255 654 434 734; x_wconf 81' lang='lat' dir='ltr'>-Acyrologia</span> <span class='ocrx_word' id='word_1_10' title='bbox 470 655 673 736; x_wconf 71' lang='lat' dir='ltr'><strong>cacenphaton</strong></span> <span class='ocrx_word' id='word_1_11' title='bbox 709 652 897 734; x_wconf 81' lang='lat' dir='ltr'><strong>pleonasmos</strong></span> <span class='ocrx_word' id='word_1_12' title='bbox 933 653 1128 734; x_wconf 74' lang='lat' dir='ltr'>perissologia</span> <span class='ocrx_word' id='word_1_13' title='bbox 1163 656 1343 736; x_wconf 79' lang='lat' dir='ltr'>macrologia</span> <span class='ocrx_word' id='word_1_14' title='bbox 1377 666 1472 718; x_wconf 91' lang='lat' dir='ltr'>tauto·</span> 
     </span>
     <span class='ocr_line' id='line_1_5' title="bbox 182 733 1472 837; baseline 0.004 -22"><span class='ocrx_word' id='word_1_15' title='bbox 182 755 253 834; x_wconf 88' lang='lat' dir='ltr'>logia</span> <span class='ocrx_word' id='word_1_16' title='bbox 277 733 394 836; x_wconf 72' lang='lat' dir='ltr'>eclipsis</span> <span class='ocrx_word' id='word_1_17' title='bbox 416 757 558 837; x_wconf 81' lang='lat' dir='ltr'>tapinosis</span> <span class='ocrx_word' id='word_1_18' title='bbox 587 757 819 837; x_wconf 77' lang='lat' dir='ltr'><strong>cacosyntheton</strong></span> <span class='ocrx_word' id='word_1_19' title='bbox 847 757 1043 837; x_wconf 78' lang='lat' dir='ltr'>amphibolia:</span> <span class='ocrx_word' id='word_1_20' title='bbox 1088 757 1216 818; x_wconf 82' lang='lat' dir='ltr'>diximus</span> <span class='ocrx_word' id='word_1_21' title='bbox 1244 757 1472 832; x_wconf 81' lang='lat' dir='ltr'>barbarismum,</span> 
     </span>
     <span class='ocr_line' id='line_1_6' title="bbox 183 856 1472 941; baseline 0.005 -23"><span class='ocrx_word' id='word_1_22' title='bbox 183 858 305 919; x_wconf 71' lang='lat' dir='ltr'>diurnus</span> <span class='ocrx_word' id='word_1_23' title='bbox 327 858 550 928; x_wconf 66' lang='lat' dir='ltr'>soloecismum</span> <span class='ocrx_word' id='word_1_24' title='bbox 573 861 725 920; x_wconf 89' lang='lat' dir='ltr'>veniamus</span> <span class='ocrx_word' id='word_1_25' title='bbox 750 856 754 940; x_wconf 88' lang='grc' dir='ltr'>Ι</span> <span class='ocrx_word' id='word_1_26' title='bbox 778 859 814 920; x_wconf 90' lang='lat' dir='ltr'>ad</span> <span class='ocrx_word' id='word_1_27' title='bbox 843 859 893 920; x_wconf 89' lang='lat' dir='ltr'>illa</span> <span class='ocrx_word' id='word_1_28' title='bbox 921 859 1025 922; x_wconf 90' lang='lat' dir='ltr'>decem</span> <span class='ocrx_word' id='word_1_29' title='bbox 1049 861 1126 920; x_wconf 86' lang='lat' dir='ltr'>vitia.</span> <span class='ocrx_word' id='word_1_30' title='bbox 1171 861 1338 941; x_wconf 81' lang='lat' dir='ltr'>acyrologia</span> <span class='ocrx_word' id='word_1_31' title='bbox 1363 870 1407 924; x_wconf 92' lang='lat' dir='ltr'>est</span> <span class='ocrx_word' id='word_1_32' title='bbox 1427 864 1472 924; x_wconf 94' lang='lat' dir='ltr'>in·</span> 
     </span>
     <span class='ocr_line' id='line_1_7' title="bbox 161 960 1473 1042; baseline 0.005 -22"><span class='ocrx_word' id='word_1_33' title='bbox 161 962 297 1040; x_wconf 74' lang='lat' dir='ltr'>5propria</span> <span class='ocrx_word' id='word_1_34' title='bbox 321 960 425 1032; x_wconf 90' lang='lat' dir='ltr'>dictio,</span> <span class='ocrx_word' id='word_1_35' title='bbox 454 963 531 1042; x_wconf 91' lang='lat' dir='ltr'>siqui</span> <span class='ocrx_word' id='word_1_36' title='bbox 554 963 708 1042; x_wconf 81' lang='lat' dir='ltr'>inproprie</span> <span class='ocrx_word' id='word_1_37' title='bbox 731 960 811 1041; x_wconf 91' lang='lat' dir='ltr'>loqui</span> <span class='ocrx_word' id='word_1_38' title='bbox 833 961 996 1032; x_wconf 85' lang='lat' dir='ltr'>voluerint,</span> <span class='ocrx_word' id='word_1_39' title='bbox 1025 970 1058 1023; x_wconf 93' lang='lat' dir='ltr'>ut</span> <span class='ocrx_word' id='word_1_40' title='bbox 1079 963 1104 1022; x_wconf 92' lang='lat' dir='ltr'>si</span> <span class='ocrx_word' id='word_1_41' title='bbox 1127 961 1208 1023; x_wconf 89' lang='lat' dir='ltr'>dicas</span> <span class='ocrx_word' id='word_1_42' title='bbox 1237 963 1359 1026; x_wconf 72' lang='lat' dir='ltr'>‘dentes</span> <span class='ocrx_word' id='word_1_43' title='bbox 1389 985 1473 1026; x_wconf 92' lang='lat' dir='ltr'>meos</span> 
     </span>
     <span class='ocr_line' id='line_1_8' title="bbox 181 1052 1471 1145; baseline 0.004 -22"><span class='ocrx_word' id='word_1_44' title='bbox 181 1079 275 1143; x_wconf 89' lang='lat' dir='ltr'>pugno</span> <span class='ocrx_word' id='word_1_45' title='bbox 297 1063 404 1134; x_wconf 88' lang='lat' dir='ltr'>iudit’,</span> <span class='ocrx_word' id='word_1_46' title='bbox 428 1052 489 1124; x_wconf 79' lang='lat' dir='ltr'>non</span> <span class='ocrx_word' id='word_1_47' title='bbox 518 1071 564 1125; x_wconf 91' lang='lat' dir='ltr'>cst</span> <span class='ocrx_word' id='word_1_48' title='bbox 586 1065 754 1144; x_wconf 89' lang='lat' dir='ltr'>proprium,</span> <span class='ocrx_word' id='word_1_49' title='bbox 777 1063 829 1124; x_wconf 88' lang='lat' dir='ltr'>sed</span> <span class='ocrx_word' id='word_1_50' title='bbox 853 1062 976 1124; x_wconf 71' lang='lat' dir='ltr'>‘denws</span> <span class='ocrx_word' id='word_1_51' title='bbox 1001 1083 1086 1126; x_wconf 83' lang='lat' dir='ltr'>meos</span> <span class='ocrx_word' id='word_1_52' title='bbox 1112 1082 1214 1145; x_wconf 89' lang='lat' dir='ltr'>pugno</span> <span class='ocrx_word' id='word_1_53' title='bbox 1242 1066 1358 1144; x_wconf 87' lang='lat' dir='ltr'>lregit’:</span> <span class='ocrx_word' id='word_1_54' title='bbox 1403 1086 1471 1128; x_wconf 89' lang='lat' dir='ltr'>nam</span> 
     </span>
     <span class='ocr_line' id='line_1_9' title="bbox 182 1165 1473 1247; baseline 0.003 -21"><span class='ocrx_word' id='word_1_55' title='bbox 182 1185 241 1226; x_wconf 90' lang='lat' dir='ltr'>ossa</span> <span class='ocrx_word' id='word_1_56' title='bbox 263 1165 360 1245; x_wconf 90' lang='lat' dir='ltr'>lrangi</span> <span class='ocrx_word' id='word_1_57' title='bbox 381 1174 520 1247; x_wconf 89' lang='lat' dir='ltr'>possunt,</span> <span class='ocrx_word' id='word_1_58' title='bbox 544 1166 725 1234; x_wconf 80' lang='lat' dir='ltr'>conlundi:</span> <span class='ocrx_word' id='word_1_59' title='bbox 764 1167 821 1226; x_wconf 92' lang='lat' dir='ltr'>ista</span> <span class='ocrx_word' id='word_1_60' title='bbox 848 1165 1015 1245; x_wconf 79' lang='lat' dir='ltr'>acyrologia</span> <span class='ocrx_word' id='word_1_61' title='bbox 1038 1174 1091 1227; x_wconf 87' lang='lat' dir='ltr'>est</span> <span class='ocrx_word' id='word_1_62' title='bbox 1136 1177 1166 1228; x_wconf 93' lang='lat' dir='ltr'>et</span> <span class='ocrx_word' id='word_1_63' title='bbox 1193 1176 1225 1228; x_wconf 90' lang='lat' dir='ltr'>ut</span> <span class='ocrx_word' id='word_1_64' title='bbox 1253 1176 1322 1246; x_wconf 89' lang='lat' dir='ltr'>puta</span> <span class='ocrx_word' id='word_1_65' title='bbox 1343 1170 1370 1229; x_wconf 93' lang='lat' dir='ltr'>si</span> <span class='ocrx_word' id='word_1_66' title='bbox 1392 1168 1473 1230; x_wconf 90' lang='lat' dir='ltr'>dicas</span> 
     </span>
     <span class='ocr_line' id='line_1_10' title="bbox 180 1268 1471 1349; baseline 0.003 -22"><span class='ocrx_word' id='word_1_67' title='bbox 180 1268 270 1328; x_wconf 80' lang='lat' dir='ltr'>‘iuste</span> <span class='ocrx_word' id='word_1_68' title='bbox 299 1287 387 1329; x_wconf 90' lang='lat' dir='ltr'>crura</span> <span class='ocrx_word' id='word_1_69' title='bbox 410 1270 472 1330; x_wconf 91' lang='lat' dir='ltr'>eius</span> <span class='ocrx_word' id='word_1_70' title='bbox 500 1268 632 1347; x_wconf 90' lang='lat' dir='ltr'>pertudit</span> <span class='ocrx_word' id='word_1_71' title='bbox 640 1273 659 1338; x_wconf 84' lang='lat'>²,</span> <span class='ocrx_word' id='word_1_72' title='bbox 683 1287 739 1328; x_wconf 90' lang='lat' dir='ltr'>nec</span> <span class='ocrx_word' id='word_1_73' title='bbox 761 1268 819 1328; x_wconf 91' lang='lat' dir='ltr'>hoc</span> <span class='ocrx_word' id='word_1_74' title='bbox 841 1269 998 1349; x_wconf 88' lang='lat' dir='ltr'>proprium</span> <span class='ocrx_word' id='word_1_75' title='bbox 1021 1277 1074 1339; x_wconf 80' lang='lat' dir='ltr'>est,</span> <span class='ocrx_word' id='word_1_76' title='bbox 1097 1269 1151 1330; x_wconf 88' lang='lat' dir='ltr'>sed</span> <span class='ocrx_word' id='word_1_77' title='bbox 1178 1269 1272 1330; x_wconf 80' lang='lat' dir='ltr'>‘iuste</span> <span class='ocrx_word' id='word_1_78' title='bbox 1297 1289 1386 1334; x_wconf 89' lang='lat' dir='ltr'>crura</span> <span class='ocrx_word' id='word_1_79' title='bbox 1408 1272 1471 1333; x_wconf 92' lang='lat' dir='ltr'>eins</span> 
     </span>
     <span class='ocr_line' id='line_1_11' title="bbox 181 1369 1221 1450; baseline 0 -19"><span class='ocrx_word' id='word_1_80' title='bbox 181 1372 291 1448; x_wconf 82' lang='lat' dir='ltr'>tregit&#39;.</span> <span class='ocrx_word' id='word_1_81' title='bbox 337 1372 392 1432; x_wconf 89' lang='lat' dir='ltr'>ista</span> <span class='ocrx_word' id='word_1_82' title='bbox 415 1379 460 1432; x_wconf 91' lang='lat' dir='ltr'>cst</span> <span class='ocrx_word' id='word_1_83' title='bbox 481 1371 682 1450; x_wconf 90' lang='lat' dir='ltr'>inproprietas</span> <span class='ocrx_word' id='word_1_84' title='bbox 704 1369 878 1431; x_wconf 89' lang='lat' dir='ltr'>dictionum.</span> <span class='ocrx_word' id='word_1_85' title='bbox 923 1369 1017 1430; x_wconf 88' lang='lat' dir='ltr'>habes</span> <span class='ocrx_word' id='word_1_86' title='bbox 1038 1375 1069 1431; x_wconf 91' lang='lat' dir='ltr'>in</span> <span class='ocrx_word' id='word_1_87' title='bbox 1092 1371 1221 1450; x_wconf 86' lang='lat' dir='ltr'>Vergilio</span> 
     </span>
    </p>

    <p class='ocr_par' dir='ltr' id='par_1_4' title="bbox 150 1472 1472 1860">
     <span class='ocr_line' id='line_1_12' title="bbox 150 1472 1243 1552; baseline 0.002 -20"><span class='ocrx_word' id='word_1_88' title='bbox 150 1503 171 1542; x_wconf 60' lang='grc' dir='ltr'>ιο</span> <span class='ocrx_word' id='word_1_89' title='bbox 327 1472 423 1533; x_wconf 91' lang='lat' dir='ltr'>hunc</span> <span class='ocrx_word' id='word_1_90' title='bbox 446 1490 512 1552; x_wconf 90' lang='lat' dir='ltr'>ego</span> <span class='ocrx_word' id='word_1_91' title='bbox 534 1474 565 1532; x_wconf 92' lang='lat' dir='ltr'>si</span> <span class='ocrx_word' id='word_1_92' title='bbox 589 1473 692 1552; x_wconf 91' lang='lat' dir='ltr'>potui</span> <span class='ocrx_word' id='word_1_93' title='bbox 715 1481 858 1534; x_wconf 86' lang='lat' dir='ltr'>tanturn</span> <span class='ocrx_word' id='word_1_94' title='bbox 881 1491 1041 1552; x_wconf 90' lang='lat' dir='ltr'>sperare</span> <span class='ocrx_word' id='word_1_95' title='bbox 1062 1472 1243 1535; x_wconf 89' lang='lat' dir='ltr'>dolorem.</span> 
     </span>
     <span class='ocr_line' id='line_1_13' title="bbox 182 1570 1471 1654; baseline 0.002 -19"><span class='ocrx_word' id='word_1_96' title='bbox 182 1593 330 1654; x_wconf 85' lang='lat' dir='ltr'>speramus</span> <span class='ocrx_word' id='word_1_97' title='bbox 353 1573 440 1646; x_wconf 91' lang='lat' dir='ltr'>bona,</span> <span class='ocrx_word' id='word_1_98' title='bbox 464 1570 603 1636; x_wconf 89' lang='lat' dir='ltr'>timeinus</span> <span class='ocrx_word' id='word_1_99' title='bbox 625 1572 710 1634; x_wconf 90' lang='lat' dir='ltr'>mala.</span> <span class='ocrx_word' id='word_1_100' title='bbox 742 1591 814 1653; x_wconf 89' lang='lat' dir='ltr'>ergo</span> <span class='ocrx_word' id='word_1_101' title='bbox 836 1577 893 1636; x_wconf 90' lang='lat' dir='ltr'>ista</span> <span class='ocrx_word' id='word_1_102' title='bbox 915 1592 975 1635; x_wconf 90' lang='lat' dir='ltr'>non</span> <span class='ocrx_word' id='word_1_103' title='bbox 997 1577 1126 1654; x_wconf 80' lang='lat' dir='ltr'>proprie,</span> <span class='ocrx_word' id='word_1_104' title='bbox 1142 1574 1258 1638; x_wconf 89' lang='lat' dir='ltr'>locutos</span> <span class='ocrx_word' id='word_1_105' title='bbox 1280 1584 1326 1636; x_wconf 90' lang='lat' dir='ltr'>est</span> <span class='ocrx_word' id='word_1_106' title='bbox 1344 1577 1471 1639; x_wconf 90' lang='lat' dir='ltr'>dicendo</span> 
     </span>
     <span class='ocr_line' id='line_1_14' title="bbox 182 1675 1472 1759; baseline 0.002 -22"><span class='ocrx_word' id='word_1_107' title='bbox 182 1676 310 1738; x_wconf 86' lang='lat' dir='ltr'>dolorem</span> <span class='ocrx_word' id='word_1_108' title='bbox 332 1696 463 1757; x_wconf 89' lang='lat' dir='ltr'>sperare,</span> <span class='ocrx_word' id='word_1_109' title='bbox 487 1695 555 1737; x_wconf 89' lang='lat' dir='ltr'>cum</span> <span class='ocrx_word' id='word_1_110' title='bbox 577 1675 730 1738; x_wconf 77' lang='lat' dir='ltr'>debuisset</span> <span class='ocrx_word' id='word_1_111' title='bbox 744 1677 845 1737; x_wconf 91' lang='lat' dir='ltr'>dicere</span> <span class='ocrx_word' id='word_1_112' title='bbox 867 1675 1003 1737; x_wconf 93' lang='lat' dir='ltr'>dolorem</span> <span class='ocrx_word' id='word_1_113' title='bbox 1018 1677 1135 1747; x_wconf 90' lang='lat' dir='ltr'>timere,</span> <span class='ocrx_word' id='word_1_114' title='bbox 1159 1677 1258 1739; x_wconf 73' lang='lat' dir='ltr'>‘hunc</span> <span class='ocrx_word' id='word_1_115' title='bbox 1278 1698 1334 1758; x_wconf 88' lang='lat' dir='ltr'>ego</span> <span class='ocrx_word' id='word_1_116' title='bbox 1349 1681 1374 1740; x_wconf 91' lang='lat' dir='ltr'>si</span> <span class='ocrx_word' id='word_1_117' title='bbox 1388 1682 1472 1759; x_wconf 91' lang='lat' dir='ltr'>potui</span> 
     </span>
     <span class='ocr_line' id='line_1_15' title="bbox 182 1779 896 1860; baseline -0.006 -18"><span class='ocrx_word' id='word_1_118' title='bbox 182 1786 290 1842; x_wconf 89' lang='lat' dir='ltr'>tantum</span> <span class='ocrx_word' id='word_1_119' title='bbox 312 1783 453 1860; x_wconf 87' lang='lat' dir='ltr'>sperare&#39;</span> <span class='ocrx_word' id='word_1_120' title='bbox 474 1795 529 1856; x_wconf 93' lang='lat' dir='ltr'>pro</span> <span class='ocrx_word' id='word_1_121' title='bbox 553 1798 588 1839; x_wconf 91' lang='lat' dir='ltr'>eo</span> <span class='ocrx_word' id='word_1_122' title='bbox 611 1779 690 1858; x_wconf 88' lang='lat' dir='ltr'>quod</span> <span class='ocrx_word' id='word_1_123' title='bbox 713 1787 758 1839; x_wconf 92' lang='lat' dir='ltr'>est</span> <span class='ocrx_word' id='word_1_124' title='bbox 779 1782 896 1840; x_wconf 89' lang='lat' dir='ltr'>timere.</span> 
     </span>
    </p>

    <p class='ocr_par' dir='ltr' id='par_1_5' title="bbox 260 1880 1589 1964">
     <span class='ocr_line' id='line_1_16' title="bbox 260 1880 1589 1964; baseline 0 -21"><span class='ocrx_word' id='word_1_125' title='bbox 260 1882 468 1960; x_wconf 85' lang='lat' dir='ltr'>Cacenphaton</span> <span class='ocrx_word' id='word_1_126' title='bbox 490 1881 598 1942; x_wconf 90' lang='lat' dir='ltr'>dicitur</span> <span class='ocrx_word' id='word_1_127' title='bbox 621 1880 750 1942; x_wconf 92' lang='lat' dir='ltr'>obscena</span> <span class='ocrx_word' id='word_1_128' title='bbox 773 1882 948 1942; x_wconf 75' lang='lat' dir='ltr'>enuntiatio.</span> <span class='ocrx_word' id='word_1_129' title='bbox 992 1883 1145 1943; x_wconf 86' lang='lat' dir='ltr'>litantem</span> <span class='ocrx_word' id='word_1_130' title='bbox 1172 1890 1223 1943; x_wconf 92' lang='lat' dir='ltr'>aut</span> <span class='ocrx_word' id='word_1_131' title='bbox 1250 1884 1281 1943; x_wconf 95' lang='lat' dir='ltr'>in</span> <span class='ocrx_word' id='word_1_132' title='bbox 1304 1902 1362 1944; x_wconf 91' lang='lat' dir='ltr'>una</span> <span class='ocrx_word' id='word_1_133' title='bbox 1385 1893 1471 1964; x_wconf 91' lang='lat' dir='ltr'>parte</span> <span class='ocrx_word' id='word_1_134' title='bbox 1482 1897 1541 1957; x_wconf 80' lang='lat' dir='ltr'>ttt,</span> <span class='ocrx_word' id='word_1_135' title='bbox 1558 1897 1589 1944; x_wconf 85' lang='lat' dir='ltr'>to</span> 
     </span>
    </p>

    <p class='ocr_par' dir='ltr' id='par_1_6' title="bbox 108 1984 1552 3680">
     <span class='ocr_line' id='line_1_17' title="bbox 151 1984 1469 2063; baseline -0.002 -13"><span class='ocrx_word' id='word_1_136' title='bbox 151 1986 318 2050; x_wconf 85' lang='lat' dir='ltr'>norationis</span> <span class='ocrx_word' id='word_1_137' title='bbox 339 1993 389 2044; x_wconf 91' lang='lat' dir='ltr'>aut</span> <span class='ocrx_word' id='word_1_138' title='bbox 410 1985 441 2044; x_wconf 94' lang='lat' dir='ltr'>in</span> <span class='ocrx_word' id='word_1_139' title='bbox 464 1991 604 2044; x_wconf 90' lang='lat' dir='ltr'>contextu</span> <span class='ocrx_word' id='word_1_140' title='bbox 626 1985 755 2063; x_wconf 83' lang='lat' dir='ltr'>partiunt</span> <span class='ocrx_word' id='word_1_141' title='bbox 779 1985 921 2044; x_wconf 92' lang='lat' dir='ltr'>orationis</span> <span class='ocrx_word' id='word_1_142' title='bbox 943 1990 994 2044; x_wconf 92' lang='lat' dir='ltr'>aut</span> <span class='ocrx_word' id='word_1_143' title='bbox 1007 1985 1038 2045; x_wconf 92' lang='lat' dir='ltr'>in</span> <span class='ocrx_word' id='word_1_144' title='bbox 1057 2003 1158 2054; x_wconf 90' lang='lat' dir='ltr'>sensu,</span> <span class='ocrx_word' id='word_1_145' title='bbox 1182 1984 1261 2062; x_wconf 89' lang='lat' dir='ltr'>quod</span> <span class='ocrx_word' id='word_1_146' title='bbox 1285 1994 1331 2046; x_wconf 90' lang='lat' dir='ltr'>est</span> <span class='ocrx_word' id='word_1_147' title='bbox 1351 2005 1385 2046; x_wconf 89' lang='lat' dir='ltr'>re</span> <span class='ocrx_word' id='word_1_148' title='bbox 1401 2005 1469 2048; x_wconf 85' lang='lat' dir='ltr'>vera</span> 
     </span>
     <span class='ocr_line' id='line_1_18' title="bbox 182 2086 1469 2166; baseline 0.002 -20"><span class='ocrx_word' id='word_1_149' title='bbox 182 2086 336 2148; x_wconf 80' lang='lat' dir='ltr'>citandum.</span> <span class='ocrx_word' id='word_1_150' title='bbox 374 2087 406 2146; x_wconf 88' lang='lat' dir='ltr'>tit</span> <span class='ocrx_word' id='word_1_151' title='bbox 427 2093 526 2147; x_wconf 91' lang='lat' dir='ltr'>autem</span> <span class='ocrx_word' id='word_1_152' title='bbox 547 2086 579 2145; x_wconf 94' lang='lat' dir='ltr'>in</span> <span class='ocrx_word' id='word_1_153' title='bbox 601 2103 658 2145; x_wconf 91' lang='lat' dir='ltr'>una</span> <span class='ocrx_word' id='word_1_154' title='bbox 681 2093 767 2164; x_wconf 90' lang='lat' dir='ltr'>parte</span> <span class='ocrx_word' id='word_1_155' title='bbox 790 2087 942 2154; x_wconf 90' lang='lat' dir='ltr'>orationis,</span> <span class='ocrx_word' id='word_1_156' title='bbox 966 2093 1000 2147; x_wconf 92' lang='lat' dir='ltr'>ut</span> <span class='ocrx_word' id='word_1_157' title='bbox 1021 2093 1068 2146; x_wconf 91' lang='lat' dir='ltr'>est</span> <span class='ocrx_word' id='word_1_158' title='bbox 1088 2086 1161 2146; x_wconf 92' lang='lat' dir='ltr'>illud</span> <span class='ocrx_word' id='word_1_159' title='bbox 1184 2087 1261 2166; x_wconf 91' lang='lat' dir='ltr'>apud</span> <span class='ocrx_word' id='word_1_160' title='bbox 1285 2087 1469 2159; x_wconf 85' lang='lat' dir='ltr'>Terentium,</span> 
     </span>
     <span class='ocr_line' id='line_1_19' title="bbox 181 2185 1552 2268; baseline 0.001 -20"><span class='ocrx_word' id='word_1_161' title='bbox 181 2189 320 2267; x_wconf 82' lang='lat' dir='ltr'>‘arrige</span> <span class='ocrx_word' id='word_1_162' title='bbox 347 2206 456 2249; x_wconf 91' lang='lat' dir='ltr'>aures</span> <span class='ocrx_word' id='word_1_163' title='bbox 483 2185 706 2268; x_wconf 89' lang='lat' dir='ltr'>Pamphile&#39;;</span> <span class='ocrx_word' id='word_1_164' title='bbox 741 2194 838 2266; x_wconf 87' lang='lat' dir='ltr'>potest</span> <span class='ocrx_word' id='word_1_165' title='bbox 865 2195 895 2247; x_wconf 92' lang='lat' dir='ltr'>et</span> <span class='ocrx_word' id='word_1_166' title='bbox 922 2187 1083 2248; x_wconf 87' lang='lat' dir='ltr'>obscenam</span> <span class='ocrx_word' id='word_1_167' title='bbox 1110 2207 1176 2250; x_wconf 92' lang='lat' dir='ltr'>rem</span> <span class='ocrx_word' id='word_1_168' title='bbox 1205 2207 1327 2250; x_wconf 88' lang='lat' dir='ltr'>sonare:</span> <span class='ocrx_word' id='word_1_169' title='bbox 1358 2197 1411 2250; x_wconf 90' lang='lat' dir='ltr'>aut</span> <span class='ocrx_word' id='word_1_170' title='bbox 1438 2193 1469 2250; x_wconf 92' lang='lat' dir='ltr'>in</span> <span class='ocrx_word' id='word_1_171' title='bbox 1550 2254 1552 2257; x_wconf 69' lang='grc'><strong>,</strong></span> 
     </span>
     <span class='ocr_line' id='line_1_20' title="bbox 180 2288 1469 2370; baseline -0.002 -17"><span class='ocrx_word' id='word_1_172' title='bbox 180 2298 313 2353; x_wconf 86' lang='lat' dir='ltr'>contextu</span> <span class='ocrx_word' id='word_1_173' title='bbox 336 2291 464 2369; x_wconf 89' lang='lat' dir='ltr'>partium</span> <span class='ocrx_word' id='word_1_174' title='bbox 487 2290 638 2359; x_wconf 89' lang='lat' dir='ltr'>orationis,</span> <span class='ocrx_word' id='word_1_175' title='bbox 663 2291 872 2350; x_wconf 75' lang='lat' dir='ltr'>‘numerum</span> <span class='ocrx_word' id='word_1_176' title='bbox 901 2308 980 2352; x_wconf 90' lang='lat' dir='ltr'>cum</span> <span class='ocrx_word' id='word_1_177' title='bbox 1007 2288 1164 2350; x_wconf 85' lang='lat' dir='ltr'>navibus</span> <span class='ocrx_word' id='word_1_178' title='bbox 1186 2295 1353 2370; x_wconf 89' lang='lat' dir='ltr'>aequet’;</span> <span class='ocrx_word' id='word_1_179' title='bbox 1380 2289 1385 2370; x_wconf 89' lang='grc' dir='ltr'>Ι</span> <span class='ocrx_word' id='word_1_180' title='bbox 1408 2291 1469 2353; x_wconf 94' lang='lat' dir='ltr'>col-</span> 
     </span>
     <span class='ocr_line' id='line_1_21' title="bbox 180 2389 1469 2472; baseline 0 -18"><span class='ocrx_word' id='word_1_181' title='bbox 180 2393 270 2454; x_wconf 91' lang='lat' dir='ltr'>lidunt</span> <span class='ocrx_word' id='word_1_182' title='bbox 295 2395 378 2471; x_wconf 88' lang='lat' dir='ltr'>ipsae</span> <span class='ocrx_word' id='word_1_183' title='bbox 404 2400 505 2472; x_wconf 89' lang='lat' dir='ltr'>partes</span> <span class='ocrx_word' id='word_1_184' title='bbox 534 2397 564 2452; x_wconf 92' lang='lat' dir='ltr'>et</span> <span class='ocrx_word' id='word_1_185' title='bbox 591 2391 753 2452; x_wconf 91' lang='lat' dir='ltr'>obscenum</span> <span class='ocrx_word' id='word_1_186' title='bbox 782 2389 892 2471; x_wconf 90' lang='lat' dir='ltr'>aliquid</span> <span class='ocrx_word' id='word_1_187' title='bbox 921 2400 1037 2452; x_wconf 90' lang='lat' dir='ltr'>sonant.</span> <span class='ocrx_word' id='word_1_188' title='bbox 1086 2393 1142 2452; x_wconf 91' lang='lat' dir='ltr'>ista</span> <span class='ocrx_word' id='word_1_189' title='bbox 1171 2394 1203 2452; x_wconf 94' lang='lat' dir='ltr'>in</span> <span class='ocrx_word' id='word_1_190' title='bbox 1232 2411 1323 2454; x_wconf 90' lang='lat' dir='ltr'>sensu</span> <span class='ocrx_word' id='word_1_191' title='bbox 1350 2393 1469 2455; x_wconf 83' lang='lat' dir='ltr'>vitanda</span> 
     </span>
     <span class='ocr_line' id='line_1_22' title="bbox 150 2493 1470 2575; baseline -0.002 -16"><span class='ocrx_word' id='word_1_192' title='bbox 150 2504 246 2560; x_wconf 82' lang='lat' dir='ltr'>nsunt</span> <span class='ocrx_word' id='word_1_193' title='bbox 266 2513 300 2556; x_wconf 88' lang='lat' dir='ltr'>re</span> <span class='ocrx_word' id='word_1_194' title='bbox 320 2513 400 2556; x_wconf 82' lang='lat' dir='ltr'>vera.</span> <span class='ocrx_word' id='word_1_195' title='bbox 431 2493 481 2554; x_wconf 91' lang='lat' dir='ltr'>illa</span> <span class='ocrx_word' id='word_1_196' title='bbox 504 2494 583 2554; x_wconf 92' lang='lat' dir='ltr'>enim</span> <span class='ocrx_word' id='word_1_197' title='bbox 606 2494 695 2554; x_wconf 91' lang='lat' dir='ltr'>etiam</span> <span class='ocrx_word' id='word_1_198' title='bbox 717 2495 804 2572; x_wconf 91' lang='lat' dir='ltr'>pueri</span> <span class='ocrx_word' id='word_1_199' title='bbox 825 2501 952 2572; x_wconf 90' lang='lat' dir='ltr'>possunt</span> <span class='ocrx_word' id='word_1_200' title='bbox 973 2494 1060 2564; x_wconf 88' lang='lat' dir='ltr'>scire,</span> <span class='ocrx_word' id='word_1_201' title='bbox 1083 2496 1115 2554; x_wconf 94' lang='lat' dir='ltr'>in</span> <span class='ocrx_word' id='word_1_202' title='bbox 1137 2513 1197 2554; x_wconf 92' lang='lat' dir='ltr'>una</span> <span class='ocrx_word' id='word_1_203' title='bbox 1218 2503 1305 2575; x_wconf 90' lang='lat' dir='ltr'>parte</span> <span class='ocrx_word' id='word_1_204' title='bbox 1327 2498 1470 2557; x_wconf 90' lang='lat' dir='ltr'>orationis</span> 
     </span>
     <span class='ocr_line' id='line_1_23' title="bbox 181 2595 1468 2677; baseline 0.001 -19"><span class='ocrx_word' id='word_1_205' title='bbox 181 2599 253 2676; x_wconf 87' lang='lat' dir='ltr'>quod</span> <span class='ocrx_word' id='word_1_206' title='bbox 282 2599 314 2658; x_wconf 89' lang='lat' dir='ltr'>iit</span> <span class='ocrx_word' id='word_1_207' title='bbox 340 2604 392 2658; x_wconf 93' lang='lat' dir='ltr'>aut</span> <span class='ocrx_word' id='word_1_208' title='bbox 413 2599 444 2657; x_wconf 90' lang='lat' dir='ltr'>in</span> <span class='ocrx_word' id='word_1_209' title='bbox 472 2603 610 2658; x_wconf 92' lang='lat' dir='ltr'>contextu</span> <span class='ocrx_word' id='word_1_210' title='bbox 637 2595 766 2674; x_wconf 89' lang='lat' dir='ltr'>partium</span> <span class='ocrx_word' id='word_1_211' title='bbox 795 2596 947 2656; x_wconf 89' lang='lat' dir='ltr'>orationis.</span> <span class='ocrx_word' id='word_1_212' title='bbox 997 2596 1202 2676; x_wconf 89' lang='lat' dir='ltr'>cacenphaton</span> <span class='ocrx_word' id='word_1_213' title='bbox 1231 2613 1351 2677; x_wconf 87' lang='lat' dir='ltr'>quoque</span> <span class='ocrx_word' id='word_1_214' title='bbox 1379 2599 1411 2658; x_wconf 90' lang='lat' dir='ltr'>lit</span> <span class='ocrx_word' id='word_1_215' title='bbox 1437 2599 1468 2659; x_wconf 92' lang='lat' dir='ltr'>in</span> 
     </span>
     <span class='ocr_line' id='line_1_24' title="bbox 180 2696 1468 2780; baseline 0 -20"><span class='ocrx_word' id='word_1_216' title='bbox 180 2719 271 2769; x_wconf 90' lang='lat' dir='ltr'>sensu,</span> <span class='ocrx_word' id='word_1_217' title='bbox 294 2698 374 2780; x_wconf 89' lang='lat' dir='ltr'>quod</span> <span class='ocrx_word' id='word_1_218' title='bbox 396 2717 429 2759; x_wconf 91' lang='lat' dir='ltr'>re</span> <span class='ocrx_word' id='word_1_219' title='bbox 452 2716 520 2760; x_wconf 85' lang='lat' dir='ltr'>vera</span> <span class='ocrx_word' id='word_1_220' title='bbox 544 2696 693 2759; x_wconf 85' lang='lat' dir='ltr'>vitandum</span> <span class='ocrx_word' id='word_1_221' title='bbox 716 2703 769 2766; x_wconf 88' lang='lat' dir='ltr'>est,</span> <span class='ocrx_word' id='word_1_222' title='bbox 794 2705 826 2758; x_wconf 92' lang='lat' dir='ltr'>ut</span> <span class='ocrx_word' id='word_1_223' title='bbox 848 2704 894 2758; x_wconf 90' lang='lat' dir='ltr'>est</span> <span class='ocrx_word' id='word_1_224' title='bbox 915 2696 988 2758; x_wconf 92' lang='lat' dir='ltr'>illud</span> <span class='ocrx_word' id='word_1_225' title='bbox 1010 2697 1090 2778; x_wconf 90' lang='lat' dir='ltr'>apud</span> <span class='ocrx_word' id='word_1_226' title='bbox 1113 2697 1295 2771; x_wconf 86' lang='lat' dir='ltr'>Sallustium,</span> <span class='ocrx_word' id='word_1_227' title='bbox 1318 2699 1399 2780; x_wconf 89' lang='lat' dir='ltr'>quod</span> <span class='ocrx_word' id='word_1_228' title='bbox 1414 2719 1468 2760; x_wconf 94' lang='lat' dir='ltr'>no·</span> 
     </span>
     <span class='ocr_line' id='line_1_25' title="bbox 182 2796 1467 2883; baseline 0 -20"><span class='ocrx_word' id='word_1_229' title='bbox 182 2811 310 2864; x_wconf 85' lang='lat' dir='ltr'>taverunt</span> <span class='ocrx_word' id='word_1_230' title='bbox 331 2820 444 2871; x_wconf 86' lang='lat' dir='ltr'>omnes,</span> <span class='ocrx_word' id='word_1_231' title='bbox 468 2802 680 2883; x_wconf 84' lang='lat' dir='ltr'>‘proiectus</span> <span class='ocrx_word' id='word_1_232' title='bbox 702 2797 849 2878; x_wconf 83' lang='lat' dir='ltr'>quidam</span> <span class='ocrx_word' id='word_1_233' title='bbox 871 2800 985 2879; x_wconf 88' lang='lat' dir='ltr'>Ligus</span> <span class='ocrx_word' id='word_1_234' title='bbox 1007 2800 1048 2862; x_wconf 93' lang='lat' dir='ltr'>ad</span> <span class='ocrx_word' id='word_1_235' title='bbox 1070 2803 1257 2879; x_wconf 90' lang='lat' dir='ltr'>requisita</span> <span class='ocrx_word' id='word_1_236' title='bbox 1282 2796 1467 2865; x_wconf 87' lang='lat' dir='ltr'>naturae&#39;.</span> 
     </span>
     <span class='ocr_line' id='line_1_26' title="bbox 181 2903 1468 2982; baseline 0 -17"><span class='ocrx_word' id='word_1_237' title='bbox 181 2904 266 2966; x_wconf 81' lang='lat' dir='ltr'>voluit</span> <span class='ocrx_word' id='word_1_238' title='bbox 287 2904 386 2966; x_wconf 88' lang='lat' dir='ltr'>dicere</span> <span class='ocrx_word' id='word_1_239' title='bbox 409 2903 569 2965; x_wconf 90' lang='lat' dir='ltr'>obscenam</span> <span class='ocrx_word' id='word_1_240' title='bbox 591 2922 666 2964; x_wconf 81' lang='lat' dir='ltr'>rent.</span> <span class='ocrx_word' id='word_1_241' title='bbox 711 2918 787 2982; x_wconf 89' lang='lat' dir='ltr'>quae</span> <span class='ocrx_word' id='word_1_242' title='bbox 809 2905 974 2964; x_wconf 87' lang='lat' dir='ltr'>necessitas</span> <span class='ocrx_word' id='word_1_243' title='bbox 996 2905 1102 2973; x_wconf 89' lang='lat' dir='ltr'>luerat,</span> <span class='ocrx_word' id='word_1_244' title='bbox 1126 2912 1160 2966; x_wconf 92' lang='lat' dir='ltr'>nt</span> <span class='ocrx_word' id='word_1_245' title='bbox 1182 2904 1218 2965; x_wconf 91' lang='lat' dir='ltr'>ad</span> <span class='ocrx_word' id='word_1_246' title='bbox 1241 2914 1301 2965; x_wconf 75' lang='lat' dir='ltr'>mm</span> <span class='ocrx_word' id='word_1_247' title='bbox 1324 2904 1468 2967; x_wconf 89' lang='lat' dir='ltr'>humilem</span> 
     </span>
     <span class='ocr_line' id='line_1_27' title="bbox 149 3003 1469 3093; baseline -0.003 -22"><span class='ocrx_word' id='word_1_248' title='bbox 149 3016 208 3071; x_wconf 75' lang='lat' dir='ltr'>act</span> <span class='ocrx_word' id='word_1_249' title='bbox 229 3007 313 3069; x_wconf 85' lang='lat' dir='ltr'>rilem</span> <span class='ocrx_word' id='word_1_250' title='bbox 336 3007 568 3093; x_wconf 82' lang='lat' dir='ltr'>descriptionem</span> <span class='ocrx_word' id='word_1_251' title='bbox 592 3003 849 3083; x_wconf 87' lang='lat' dir='ltr'>historiographus</span> <span class='ocrx_word' id='word_1_252' title='bbox 872 3005 1085 3067; x_wconf 75' lang='lat' dir='ltr'>descenderet?</span> <span class='ocrx_word' id='word_1_253' title='bbox 1113 3024 1183 3067; x_wconf 90' lang='lat' dir='ltr'>ecce</span> <span class='ocrx_word' id='word_1_254' title='bbox 1205 3006 1408 3087; x_wconf 86' lang='lat' dir='ltr'>cacenphaton</span> <span class='ocrx_word' id='word_1_255' title='bbox 1424 3017 1469 3069; x_wconf 92' lang='lat' dir='ltr'>est</span> 
     </span>
     <span class='ocr_line' id='line_1_28' title="bbox 180 3106 1464 3187; baseline -0.001 -17"><span class='ocrx_word' id='word_1_256' title='bbox 180 3110 271 3179; x_wconf 89' lang='lat' dir='ltr'>modo,</span> <span class='ocrx_word' id='word_1_257' title='bbox 294 3110 399 3170; x_wconf 89' lang='lat' dir='ltr'>sedin</span> <span class='ocrx_word' id='word_1_258' title='bbox 422 3126 522 3169; x_wconf 90' lang='lat' dir='ltr'>sensu.</span> <span class='ocrx_word' id='word_1_259' title='bbox 567 3124 634 3168; x_wconf 91' lang='lat' dir='ltr'>nam</span> <span class='ocrx_word' id='word_1_260' title='bbox 657 3115 800 3187; x_wconf 88' lang='lat' dir='ltr'>quantum</span> <span class='ocrx_word' id='word_1_261' title='bbox 829 3106 865 3167; x_wconf 89' lang='lat' dir='ltr'>ad</span> <span class='ocrx_word' id='word_1_262' title='bbox 888 3106 978 3169; x_wconf 85' lang='lat' dir='ltr'>verba</span> <span class='ocrx_word' id='word_1_263' title='bbox 1000 3110 1144 3187; x_wconf 89' lang='lat' dir='ltr'>pertinet,</span> <span class='ocrx_word' id='word_1_264' title='bbox 1174 3107 1299 3169; x_wconf 90' lang='lat' dir='ltr'>honesta</span> <span class='ocrx_word' id='word_1_265' title='bbox 1328 3109 1464 3169; x_wconf 90' lang='lat' dir='ltr'>elocutio.</span> 
     </span>
     <span class='ocr_line' id='line_1_29' title="bbox 108 3208 1465 3290; baseline -0.001 -18"><span class='ocrx_word' id='word_1_266' title='bbox 108 3220 116 3243; x_wconf 79' lang='lat'><em>⁰</em></span> <span class='ocrx_word' id='word_1_267' title='bbox 182 3230 248 3290; x_wconf 85' lang='lat' dir='ltr'>ergo</span> <span class='ocrx_word' id='word_1_268' title='bbox 268 3213 323 3273; x_wconf 80' lang='lat' dir='ltr'>ista</span> <span class='ocrx_word' id='word_1_269' title='bbox 345 3210 463 3271; x_wconf 69' lang='lat' dir='ltr'>utenda</span> <span class='ocrx_word' id='word_1_270' title='bbox 485 3218 562 3281; x_wconf 91' lang='lat' dir='ltr'>sunt,</span> <span class='ocrx_word' id='word_1_271' title='bbox 586 3228 662 3287; x_wconf 87' lang='lat' dir='ltr'>qnae</span> <span class='ocrx_word' id='word_1_272' title='bbox 683 3210 782 3287; x_wconf 91' lang='lat' dir='ltr'>turpia</span> <span class='ocrx_word' id='word_1_273' title='bbox 805 3208 942 3270; x_wconf 84' lang='lat' dir='ltr'>videntur</span> <span class='ocrx_word' id='word_1_274' title='bbox 964 3229 1030 3271; x_wconf 90' lang='lat' dir='ltr'>esse</span> <span class='ocrx_word' id='word_1_275' title='bbox 1052 3212 1082 3271; x_wconf 93' lang='lat' dir='ltr'>in</span> <span class='ocrx_word' id='word_1_276' title='bbox 1106 3228 1204 3271; x_wconf 89' lang='lat' dir='ltr'>sensu.</span> <span class='ocrx_word' id='word_1_277' title='bbox 1239 3208 1355 3272; x_wconf 90' lang='lat' dir='ltr'>habetis</span> <span class='ocrx_word' id='word_1_278' title='bbox 1377 3213 1465 3271; x_wconf 92' lang='lat' dir='ltr'>etiam</span> 
     </span>
     <span class='ocr_line' id='line_1_30' title="bbox 181 3309 1467 3392; baseline 0 -19"><span class='ocrx_word' id='word_1_279' title='bbox 181 3312 251 3392; x_wconf 91' lang='lat' dir='ltr'>apud</span> <span class='ocrx_word' id='word_1_280' title='bbox 273 3312 426 3373; x_wconf 90' lang='lat' dir='ltr'>lloralium</span> <span class='ocrx_word' id='word_1_281' title='bbox 450 3314 504 3373; x_wconf 72' lang='lat' dir='ltr'>‘et</span> <span class='ocrx_word' id='word_1_282' title='bbox 527 3319 608 3373; x_wconf 92' lang='lat' dir='ltr'>tuos</span> <span class='ocrx_word' id='word_1_283' title='bbox 631 3310 766 3372; x_wconf 93' lang='lat' dir='ltr'>rubros</span> <span class='ocrx_word' id='word_1_284' title='bbox 789 3309 979 3371; x_wconf 81' lang='lat' dir='ltr'>obstetrix</span> <span class='ocrx_word' id='word_1_285' title='bbox 1000 3328 1139 3389; x_wconf 88' lang='lat' dir='ltr'>pannos</span> <span class='ocrx_word' id='word_1_286' title='bbox 1160 3312 1282 3374; x_wconf 83' lang='lat' dir='ltr'>lavit&#39;.</span> <span class='ocrx_word' id='word_1_287' title='bbox 1317 3332 1382 3374; x_wconf 87' lang='lat' dir='ltr'>rem</span> <span class='ocrx_word' id='word_1_288' title='bbox 1404 3320 1467 3373; x_wconf 89' lang='lat' dir='ltr'>tur-</span> 
     </span>
     <span class='ocr_line' id='line_1_31' title="bbox 180 3411 1464 3493; baseline -0.002 -17"><span class='ocrx_word' id='word_1_289' title='bbox 180 3417 322 3493; x_wconf 88' lang='lat' dir='ltr'>pissimam</span> <span class='ocrx_word' id='word_1_290' title='bbox 345 3415 432 3485; x_wconf 84' lang='lat' dir='ltr'>dixit,</span> <span class='ocrx_word' id='word_1_291' title='bbox 459 3411 552 3473; x_wconf 85' lang='lat' dir='ltr'>&#39;verba</span> <span class='ocrx_word' id='word_1_292' title='bbox 573 3416 689 3492; x_wconf 83' lang='lat' dir='ltr'>integra</span> <span class='ocrx_word' id='word_1_293' title='bbox 711 3419 781 3475; x_wconf 90' lang='lat' dir='ltr'>sunt</span> <span class='ocrx_word' id='word_1_294' title='bbox 803 3420 832 3473; x_wconf 89' lang='lat' dir='ltr'>et</span> <span class='ocrx_word' id='word_1_295' title='bbox 854 3431 938 3484; x_wconf 88' lang='lat' dir='ltr'>sana,</span> <span class='ocrx_word' id='word_1_296' title='bbox 968 3432 1073 3475; x_wconf 90' lang='lat' dir='ltr'>sensus</span> <span class='ocrx_word' id='word_1_297' title='bbox 1099 3416 1166 3493; x_wconf 90' lang='lat' dir='ltr'>ipsc</span> <span class='ocrx_word' id='word_1_298' title='bbox 1188 3417 1338 3493; x_wconf 90' lang='lat' dir='ltr'>pessimus</span> <span class='ocrx_word' id='word_1_299' title='bbox 1360 3424 1390 3475; x_wconf 91' lang='lat' dir='ltr'>et</span> <span class='ocrx_word' id='word_1_300' title='bbox 1411 3414 1464 3475; x_wconf 93' lang='lat' dir='ltr'>ob·</span> 
     </span>
     <span class='ocr_line' id='line_1_32' title="bbox 149 3515 1466 3596; baseline -0.002 -17"><span class='ocrx_word' id='word_1_301' title='bbox 149 3536 288 3579; x_wconf 85' lang='lat' dir='ltr'>sescenos.</span> <span class='ocrx_word' id='word_1_302' title='bbox 334 3534 406 3595; x_wconf 88' lang='lat' dir='ltr'>ergo</span> <span class='ocrx_word' id='word_1_303' title='bbox 433 3517 489 3576; x_wconf 90' lang='lat' dir='ltr'>ista</span> <span class='ocrx_word' id='word_1_304' title='bbox 512 3515 627 3575; x_wconf 87' lang='lat' dir='ltr'>vitanda</span> <span class='ocrx_word' id='word_1_305' title='bbox 649 3523 719 3576; x_wconf 90' lang='lat' dir='ltr'>sunt</span> <span class='ocrx_word' id='word_1_306' title='bbox 747 3516 890 3593; x_wconf 82' lang='lat' dir='ltr'>graviter,</span> <span class='ocrx_word' id='word_1_307' title='bbox 922 3534 982 3577; x_wconf 92' lang='lat' dir='ltr'>non</span> <span class='ocrx_word' id='word_1_308' title='bbox 1005 3534 1146 3577; x_wconf 89' lang='lat' dir='ltr'>concessa</span> <span class='ocrx_word' id='word_1_309' title='bbox 1174 3525 1243 3577; x_wconf 91' lang='lat' dir='ltr'>sunt</span> <span class='ocrx_word' id='word_1_310' title='bbox 1269 3518 1325 3579; x_wconf 92' lang='lat' dir='ltr'>ista</span> <span class='ocrx_word' id='word_1_311' title='bbox 1347 3519 1466 3596; x_wconf 91' lang='lat' dir='ltr'>penitus</span> 
     </span>
     <span class='ocr_line' id='line_1_33' title="bbox 181 3619 385 3680; baseline 0 -2"><span class='ocrx_word' id='word_1_312' title='bbox 181 3620 233 3679; x_wconf 92' lang='lat' dir='ltr'>nisi</span> <span class='ocrx_word' id='word_1_313' title='bbox 253 3619 385 3680; x_wconf 86' lang='lat' dir='ltr'>satiricis.</span> 
     </span>
    </p>
   </div>
   <div class='ocr_carea' id='block_1_4' title="bbox 181 3836 1467 4889">
    <p class='ocr_par' dir='ltr' id='par_1_7' title="bbox 181 3836 1466 3976">
     <span class='ocr_line' id='line_1_34' title="bbox 246 3836 1466 3905; baseline -0.002 -15"><span class='ocrx_word' id='word_1_314' title='bbox 246 3840 276 3891; x_wconf 87' lang='lat' dir='ltr'>to</span> <span class='ocrx_word' id='word_1_315' title='bbox 292 3836 369 3905; x_wconf 89' lang='lat' dir='ltr'>hunc]</span> <span class='ocrx_word' id='word_1_316' title='bbox 396 3840 476 3905; x_wconf 80' lang='lat' dir='ltr'>Verp.</span> <span class='ocrx_word' id='word_1_317' title='bbox 496 3838 562 3891; x_wconf 80' lang='lat' dir='ltr'>Aen.</span> <span class='ocrx_word' id='word_1_318' title='bbox 583 3838 697 3890; x_wconf 80' lang='grc'><strong>1111419</strong></span> <span class='ocrx_word' id='word_1_319' title='bbox 750 3840 783 3889; x_wconf 81' lang='lat'>14</span> <span class='ocrx_word' id='word_1_320' title='bbox 798 3848 841 3888; x_wconf 88' lang='lat' dir='ltr'>aut</span> <span class='ocrx_word' id='word_1_321' title='bbox 857 3842 938 3905; x_wconf 77' lang='lat' dir='ltr'>prbrio</span> <span class='ocrx_word' id='word_1_322' title='bbox 953 3842 1008 3889; x_wconf 84' lang='lat' dir='ltr'>loco</span> <span class='ocrx_word' id='word_1_323' title='bbox 1026 3854 1073 3889; x_wconf 75' lang='lat' dir='ltr'>oen.</span> <span class='ocrx_word' id='word_1_324' title='bbox 1089 3838 1167 3889; x_wconf 79' lang='lat' dir='ltr'>BOS</span> <span class='ocrx_word' id='word_1_325' title='bbox 1236 3838 1353 3904; x_wconf 81' lang='lat' dir='ltr'>ldapnd</span> <span class='ocrx_word' id='word_1_326' title='bbox 1370 3840 1466 3889; x_wconf 87' lang='lat' dir='ltr'>Teren-</span> 
     </span>
     <span class='ocr_line' id='line_1_35' title="bbox 181 3906 1465 3976; baseline 0.001 -17"><span class='ocrx_word' id='word_1_327' title='bbox 181 3908 249 3976; x_wconf 88' lang='lat' dir='ltr'>tium]</span> <span class='ocrx_word' id='word_1_328' title='bbox 268 3911 350 3962; x_wconf 82' lang='lat' dir='ltr'>Andr.</span> <span class='ocrx_word' id='word_1_329' title='bbox 366 3912 391 3960; x_wconf 92' lang='lat' dir='ltr'>V</span> <span class='ocrx_word' id='word_1_330' title='bbox 410 3913 437 3975; x_wconf 76' lang='grc'>4,</span> <span class='ocrx_word' id='word_1_331' title='bbox 455 3908 489 3959; x_wconf 92' lang='grc'>30</span> <span class='ocrx_word' id='word_1_332' title='bbox 559 3909 591 3961; x_wconf 90' lang='grc'>17</span> <span class='ocrx_word' id='word_1_333' title='bbox 610 3910 680 3959; x_wconf 85' lang='lat' dir='ltr'>auris</span> <span class='ocrx_word' id='word_1_334' title='bbox 699 3908 845 3975; x_wconf 85' lang='lat' dir='ltr'>phamplrile</span> <span class='ocrx_word' id='word_1_335' title='bbox 863 3910 889 3958; x_wconf 87' lang='lat' dir='ltr'><em>B</em></span> <span class='ocrx_word' id='word_1_336' title='bbox 977 3910 1010 3959; x_wconf 88' lang='grc'>18</span> <span class='ocrx_word' id='word_1_337' title='bbox 1029 3906 1173 3974; x_wconf 89' lang='lat' dir='ltr'>nnmerum]</span> <span class='ocrx_word' id='word_1_338' title='bbox 1199 3910 1278 3974; x_wconf 82' lang='lat' dir='ltr'>Verp.</span> <span class='ocrx_word' id='word_1_339' title='bbox 1300 3909 1365 3959; x_wconf 79' lang='lat' dir='ltr'>Aen.</span> <span class='ocrx_word' id='word_1_340' title='bbox 1385 3912 1396 3959; x_wconf 97' lang='lat' dir='ltr'>l</span> <span class='ocrx_word' id='word_1_341' title='bbox 1416 3908 1465 3960; x_wconf 80' lang='lat'>193</span> 
     </span>
    </p>

    <p class='ocr_par' dir='ltr' id='par_1_8' title="bbox 181 3978 1467 4889">
     <span class='ocr_line' id='line_1_36' title="bbox 244 3978 1465 4045; baseline -0.002 -16"><span class='ocrx_word' id='word_1_342' title='bbox 244 3988 333 4044; x_wconf 83' lang='lat' dir='ltr'>aequat</span> <span class='ocrx_word' id='word_1_343' title='bbox 350 3980 377 4029; x_wconf 91' lang='lat' dir='ltr'><em>P</em></span> <span class='ocrx_word' id='word_1_344' title='bbox 445 3978 576 4029; x_wconf 90' lang='lat' dir='ltr'>conlidunt</span> <span class='ocrx_word' id='word_1_345' title='bbox 599 3978 701 4043; x_wconf 86' lang='lat' dir='ltr'>ipsaeb</span> <span class='ocrx_word' id='word_1_346' title='bbox 725 3980 845 4029; x_wconf 87' lang='lat' dir='ltr'>callidum</span> <span class='ocrx_word' id='word_1_347' title='bbox 861 3982 933 4045; x_wconf 87' lang='lat' dir='ltr'>ipsae</span> <span class='ocrx_word' id='word_1_348' title='bbox 952 3980 978 4028; x_wconf 89' lang='lat' dir='ltr'><em>B</em></span> <span class='ocrx_word' id='word_1_349' title='bbox 996 3980 1088 4029; x_wconf 91' lang='lat' dir='ltr'>callide</span> <span class='ocrx_word' id='word_1_350' title='bbox 1106 3981 1176 4043; x_wconf 86' lang='lat' dir='ltr'>ipsas</span> <span class='ocrx_word' id='word_1_351' title='bbox 1195 3978 1325 4029; x_wconf 84' lang='lat' dir='ltr'>Goalidet</span> <span class='ocrx_word' id='word_1_352' title='bbox 1343 3980 1414 4044; x_wconf 88' lang='lat' dir='ltr'>ipsas</span> <span class='ocrx_word' id='word_1_353' title='bbox 1432 3978 1465 4027; x_wconf 82' lang='lat' dir='ltr'>S:</span> 
     </span>
     <span class='ocr_line' id='line_1_37' title="bbox 181 4048 1466 4117; baseline 0 -19"><span class='ocrx_word' id='word_1_354' title='bbox 181 4050 280 4099; x_wconf 82' lang='lat' dir='ltr'>callidae</span> <span class='ocrx_word' id='word_1_355' title='bbox 299 4052 371 4117; x_wconf 85' lang='lat' dir='ltr'>ipsae</span> <span class='ocrx_word' id='word_1_356' title='bbox 389 4058 475 4116; x_wconf 90' lang='lat' dir='ltr'>partes</span> <span class='ocrx_word' id='word_1_357' title='bbox 491 4050 628 4099; x_wconf 87' lang='lat' dir='ltr'>obscenum</span> <span class='ocrx_word' id='word_1_358' title='bbox 647 4050 744 4112; x_wconf 88' lang='lat' dir='ltr'>aliquid</span> <span class='ocrx_word' id='word_1_359' title='bbox 761 4059 852 4100; x_wconf 91' lang='lat' dir='ltr'>sonant</span> <span class='ocrx_word' id='word_1_360' title='bbox 869 4065 961 4100; x_wconf 86' lang='lat' dir='ltr'>reuera</span> <span class='ocrx_word' id='word_1_361' title='bbox 978 4050 1004 4099; x_wconf 93' lang='lat' dir='ltr'><em>P</em></span> <span class='ocrx_word' id='word_1_362' title='bbox 1074 4048 1107 4099; x_wconf 83' lang='lat' dir='ltr'>to</span> <span class='ocrx_word' id='word_1_363' title='bbox 1120 4059 1210 4099; x_wconf 89' lang='lat' dir='ltr'>sonant</span> <span class='ocrx_word' id='word_1_364' title='bbox 1227 4059 1270 4100; x_wconf 90' lang='lat' dir='ltr'>ant</span> <span class='ocrx_word' id='word_1_365' title='bbox 1288 4052 1337 4099; x_wconf 86' lang='lat' dir='ltr'>ista</span> <span class='ocrx_word' id='word_1_366' title='bbox 1351 4049 1378 4098; x_wconf 86' lang='lat' dir='ltr'><em>B</em></span> <span class='ocrx_word' id='word_1_367' title='bbox 1392 4058 1466 4100; x_wconf 86' lang='lat' dir='ltr'>sonat</span> 
     </span>
     <span class='ocr_line' id='line_1_38' title="bbox 181 4118 1465 4187; baseline 0.001 -20"><span class='ocrx_word' id='word_1_368' title='bbox 181 4129 220 4169; x_wconf 88' lang='lat' dir='ltr'>aut</span> <span class='ocrx_word' id='word_1_369' title='bbox 237 4121 283 4169; x_wconf 88' lang='lat' dir='ltr'>ists</span> <span class='ocrx_word' id='word_1_370' title='bbox 296 4120 317 4172; x_wconf 83' lang='grc'><em>0</em></span> <span class='ocrx_word' id='word_1_371' title='bbox 332 4130 406 4170; x_wconf 88' lang='lat' dir='ltr'>sonet</span> <span class='ocrx_word' id='word_1_372' title='bbox 423 4130 466 4169; x_wconf 88' lang='lat' dir='ltr'>aut</span> <span class='ocrx_word' id='word_1_373' title='bbox 486 4121 535 4169; x_wconf 90' lang='lat' dir='ltr'>ista</span> <span class='ocrx_word' id='word_1_374' title='bbox 551 4121 572 4171; x_wconf 87' lang='lat' dir='ltr'><strong><em>S</em></strong></span> <span class='ocrx_word' id='word_1_375' title='bbox 640 4120 672 4169; x_wconf 83' lang='lat'>21</span> <span class='ocrx_word' id='word_1_376' title='bbox 693 4118 804 4187; x_wconf 91' lang='lat' dir='ltr'>quoque]</span> <span class='ocrx_word' id='word_1_377' title='bbox 822 4120 890 4184; x_wconf 86' lang='lat' dir='ltr'>quod</span> <span class='ocrx_word' id='word_1_378' title='bbox 907 4120 933 4169; x_wconf 88' lang='lat' dir='ltr'><em>B</em></span> <span class='ocrx_word' id='word_1_379' title='bbox 939 4118 1014 4171; x_wconf 87' lang='lat' dir='ltr'>GSP</span> <span class='ocrx_word' id='word_1_380' title='bbox 1081 4118 1116 4169; x_wconf 76' lang='lat'>‘23</span> <span class='ocrx_word' id='word_1_381' title='bbox 1129 4118 1257 4184; x_wconf 89' lang='lat' dir='ltr'>perlectus</span> <span class='ocrx_word' id='word_1_382' title='bbox 1274 4120 1380 4183; x_wconf 88' lang='lat' dir='ltr'>quidam</span> <span class='ocrx_word' id='word_1_383' title='bbox 1396 4119 1465 4185; x_wconf 85' lang='lat' dir='ltr'>ligna</span> 
     </span>
     <span class='ocr_line' id='line_1_39' title="bbox 181 4188 1467 4257; baseline 0.003 -20"><span class='ocrx_word' id='word_1_384' title='bbox 181 4190 209 4239; x_wconf 92' lang='lat' dir='ltr'>ad</span> <span class='ocrx_word' id='word_1_385' title='bbox 226 4192 369 4257; x_wconf 81' lang='lat' dir='ltr'>requisitam</span> <span class='ocrx_word' id='word_1_386' title='bbox 394 4200 510 4239; x_wconf 88' lang='lat' dir='ltr'>naturam</span> <span class='ocrx_word' id='word_1_387' title='bbox 534 4190 566 4241; x_wconf 90' lang='lat' dir='ltr'>P.</span> <span class='ocrx_word' id='word_1_388' title='bbox 585 4190 700 4241; x_wconf 82' lang='lat' dir='ltr'>Sallustii</span> <span class='ocrx_word' id='word_1_389' title='bbox 715 4190 881 4256; x_wconf 63' lang='lat' dir='ltr'>fragmentum</span> <span class='ocrx_word' id='word_1_390' title='bbox 898 4190 976 4240; x_wconf 83' lang='lat' dir='ltr'>edidit</span> <span class='ocrx_word' id='word_1_391' title='bbox 994 4190 1139 4239; x_wconf 81' lang='lat' dir='ltr'>Lcdoot&#39;crta</span> <span class='ocrx_word' id='word_1_392' title='bbox 1153 4188 1245 4240; x_wconf 74' lang='lat' dir='ltr'>Carrio</span> <span class='ocrx_word' id='word_1_393' title='bbox 1266 4206 1302 4238; x_wconf 76' lang='lat' dir='ltr'>ex</span> <span class='ocrx_word' id='word_1_394' title='bbox 1318 4189 1467 4253; x_wconf 74' lang='lat' dir='ltr'>llodeporii</span> 
     </span>
     <span class='ocr_line' id='line_1_40' title="bbox 181 4258 1464 4327; baseline 0 -18"><span class='ocrx_word' id='word_1_395' title='bbox 181 4263 343 4311; x_wconf 78' lang='lat' dir='ltr'>mooaenterio</span> <span class='ocrx_word' id='word_1_396' title='bbox 360 4263 386 4311; x_wconf 80' lang='lat' dir='ltr'>in</span> <span class='ocrx_word' id='word_1_397' title='bbox 405 4262 536 4321; x_wconf 83' lang='lat' dir='ltr'>Donatum,</span> <span class='ocrx_word' id='word_1_398' title='bbox 554 4262 586 4312; x_wconf 89' lang='lat' dir='ltr'>de</span> <span class='ocrx_word' id='word_1_399' title='bbox 606 4274 654 4327; x_wconf 81' lang='lat' dir='ltr'>quo</span> <span class='ocrx_word' id='word_1_400' title='bbox 672 4262 707 4310; x_wconf 81' lang='lat' dir='ltr'>isc</span> <span class='ocrx_word' id='word_1_401' title='bbox 725 4263 827 4326; x_wconf 76' lang='lat' dir='ltr'>scripsit</span> <span class='ocrx_word' id='word_1_402' title='bbox 844 4258 921 4313; x_wconf 82' lang='lat' dir='ltr'>schol.</span> <span class='ocrx_word' id='word_1_403' title='bbox 940 4262 966 4308; x_wconf 82' lang='lat' dir='ltr'>ia</span> <span class='ocrx_word' id='word_1_404' title='bbox 979 4260 1083 4311; x_wconf 74' lang='lat' dir='ltr'>Sallust.</span> <span class='ocrx_word' id='word_1_405' title='bbox 1100 4260 1185 4309; x_wconf 81' lang='lat' dir='ltr'>histor.</span> <span class='ocrx_word' id='word_1_406' title='bbox 1198 4275 1225 4322; x_wconf 88' lang='lat' dir='ltr'>p.</span> <span class='ocrx_word' id='word_1_407' title='bbox 1245 4258 1296 4310; x_wconf 78' lang='lat'>234</span> <span class='ocrx_word' id='word_1_408' title='bbox 1315 4259 1368 4323; x_wconf 85' lang='lat' dir='ltr'>(ed.</span> <span class='ocrx_word' id='word_1_409' title='bbox 1387 4260 1464 4311; x_wconf 79' lang='lat' dir='ltr'>Anto.</span> 
     </span>
     <span class='ocr_line' id='line_1_41' title="bbox 182 4329 1466 4397; baseline 0.002 -19"><span class='ocrx_word' id='word_1_410' title='bbox 182 4346 204 4379; x_wconf 87' lang='lat' dir='ltr'>n.</span> <span class='ocrx_word' id='word_1_411' title='bbox 217 4330 292 4393; x_wconf 73' lang='lat'>1579)</span> <span class='ocrx_word' id='word_1_412' title='bbox 309 4330 502 4397; x_wconf 57' lang='lat' dir='ltr'>‘blodegorim</span> <span class='ocrx_word' id='word_1_413' title='bbox 517 4331 549 4381; x_wconf 85' lang='lat' dir='ltr'>de</span> <span class='ocrx_word' id='word_1_414' title='bbox 567 4348 614 4397; x_wconf 81' lang='lat' dir='ltr'>pao</span> <span class='ocrx_word' id='word_1_415' title='bbox 629 4329 690 4381; x_wconf 82' lang='lat' dir='ltr'>olibi</span> <span class='ocrx_word' id='word_1_416' title='bbox 707 4330 767 4381; x_wconf 84' lang='lat' dir='ltr'>nibil</span> <span class='ocrx_word' id='word_1_417' title='bbox 784 4333 868 4396; x_wconf 79' lang='lat' dir='ltr'>tepere</span> <span class='ocrx_word' id='word_1_418' title='bbox 883 4332 988 4395; x_wconf 73' lang='grc' dir='ltr'>ηιεηιίηἰ,</span> <span class='ocrx_word' id='word_1_419' title='bbox 1005 4332 1030 4379; x_wconf 82' lang='lat' dir='ltr'>in</span> <span class='ocrx_word' id='word_1_420' title='bbox 1047 4330 1225 4380; x_wconf 66' lang='lat' dir='ltr'>ommam</span> <span class='ocrx_word' id='word_1_421' title='bbox 1239 4330 1275 4379; x_wconf 86' lang='lat' dir='ltr'>od</span> <span class='ocrx_word' id='word_1_422' title='bbox 1285 4329 1466 4381; x_wconf 69' lang='lat' dir='ltr'>Barbaricum</span> 
     </span>
     <span class='ocr_line' id='line_1_42' title="bbox 183 4398 1464 4467; baseline 0 -18"><span class='ocrx_word' id='word_1_423' title='bbox 183 4402 278 4465; x_wconf 62' lang='lat' dir='ltr'>noum,</span> <span class='ocrx_word' id='word_1_424' title='bbox 294 4402 336 4467; x_wconf 77' lang='lat' dir='ltr'>qui</span> <span class='ocrx_word' id='word_1_425' title='bbox 356 4404 383 4451; x_wconf 85' lang='lat' dir='ltr'>in</span> <span class='ocrx_word' id='word_1_426' title='bbox 400 4400 549 4453; x_wconf 79' lang='lat' dir='ltr'>bibliothece</span> <span class='ocrx_word' id='word_1_427' title='bbox 564 4402 705 4453; x_wconf 83' lang='lat' dir='ltr'>Ehtonensi</span> <span class='ocrx_word' id='word_1_428' title='bbox 721 4402 817 4451; x_wconf 82' lang='lat' dir='ltr'>calcato</span> <span class='ocrx_word' id='word_1_429' title='bbox 836 4409 961 4450; x_wconf 73' lang='lat' dir='ltr'>exarante</span> <span class='ocrx_word' id='word_1_430' title='bbox 977 4408 1079 4462; x_wconf 77' lang='lat' dir='ltr'>exstet,</span> <span class='ocrx_word' id='word_1_431' title='bbox 1101 4400 1143 4464; x_wconf 90' lang='lat' dir='ltr'>tit,</span> <span class='ocrx_word' id='word_1_432' title='bbox 1162 4401 1241 4465; x_wconf 82' lang='lat' dir='ltr'>inquit</span> <span class='ocrx_word' id='word_1_433' title='bbox 1262 4398 1419 4464; x_wconf 84' lang='lat' dir='ltr'>cacophaton</span> <span class='ocrx_word' id='word_1_434' title='bbox 1438 4402 1464 4449; x_wconf 93' lang='lat' dir='ltr'>in</span> 
     </span>
     <span class='ocr_line' id='line_1_43' title="bbox 183 4468 1464 4537; baseline 0.002 -20"><span class='ocrx_word' id='word_1_435' title='bbox 183 4486 268 4527; x_wconf 84' lang='lat' dir='ltr'>senen,</span> <span class='ocrx_word' id='word_1_436' title='bbox 291 4486 347 4520; x_wconf 91' lang='lat' dir='ltr'>cum</span> <span class='ocrx_word' id='word_1_437' title='bbox 366 4471 463 4535; x_wconf 79' lang='lat' dir='ltr'>aliquid</span> <span class='ocrx_word' id='word_1_438' title='bbox 481 4472 662 4537; x_wconf 85' lang='lat' dir='ltr'>turpitudinis,</span> <span class='ocrx_word' id='word_1_439' title='bbox 680 4471 749 4535; x_wconf 88' lang='lat' dir='ltr'>quod</span> <span class='ocrx_word' id='word_1_440' title='bbox 768 4486 818 4519; x_wconf 92' lang='lat' dir='ltr'>non</span> <span class='ocrx_word' id='word_1_441' title='bbox 833 4471 952 4519; x_wconf 79' lang='lat' dir='ltr'>contrenit</span> <span class='ocrx_word' id='word_1_442' title='bbox 969 4472 1020 4519; x_wconf 90' lang='lat' dir='ltr'>nisi</span> <span class='ocrx_word' id='word_1_443' title='bbox 1039 4469 1206 4519; x_wconf 85' lang='lat' dir='ltr'>histrionibus</span> <span class='ocrx_word' id='word_1_444' title='bbox 1222 4469 1263 4518; x_wconf 85' lang='lat' dir='ltr'>vel</span> <span class='ocrx_word' id='word_1_445' title='bbox 1282 4468 1413 4534; x_wconf 67' lang='lat' dir='ltr'>satyricis,</span> <span class='ocrx_word' id='word_1_446' title='bbox 1432 4472 1464 4519; x_wconf 88' lang='lat' dir='ltr'>ab</span> 
     </span>
     <span class='ocr_line' id='line_1_44' title="bbox 183 4538 1464 4607; baseline 0.001 -19"><span class='ocrx_word' id='word_1_447' title='bbox 183 4538 379 4607; x_wconf 85' lang='lat' dir='ltr'>historiographo</span> <span class='ocrx_word' id='word_1_448' title='bbox 402 4542 440 4590; x_wconf 85' lang='lat' dir='ltr'>vel</span> <span class='ocrx_word' id='word_1_449' title='bbox 462 4542 579 4605; x_wconf 88' lang='lat' dir='ltr'>prudenti</span> <span class='ocrx_word' id='word_1_450' title='bbox 598 4551 722 4591; x_wconf 86' lang='lat' dir='ltr'>narratur.</span> <span class='ocrx_word' id='word_1_451' title='bbox 751 4542 818 4591; x_wconf 92' lang='lat' dir='ltr'>unde</span> <span class='ocrx_word' id='word_1_452' title='bbox 838 4539 985 4589; x_wconf 85' lang='lat' dir='ltr'>Sallustius:</span> <span class='ocrx_word' id='word_1_453' title='bbox 1004 4538 1134 4605; x_wconf 84' lang='lat' dir='ltr'>proiectus</span> <span class='ocrx_word' id='word_1_454' title='bbox 1152 4540 1255 4603; x_wconf 90' lang='lat' dir='ltr'>quidam</span> <span class='ocrx_word' id='word_1_455' title='bbox 1274 4540 1354 4605; x_wconf 88' lang='lat' dir='ltr'>Ligus</span> <span class='ocrx_word' id='word_1_456' title='bbox 1372 4541 1406 4589; x_wconf 92' lang='lat' dir='ltr'>ad</span> <span class='ocrx_word' id='word_1_457' title='bbox 1424 4556 1464 4589; x_wconf 87' lang='lat' dir='ltr'>re-</span> 
     </span>
     <span class='ocr_line' id='line_1_45' title="bbox 184 4609 1465 4675; baseline 0.001 -18"><span class='ocrx_word' id='word_1_458' title='bbox 184 4610 269 4671; x_wconf 88' lang='lat' dir='ltr'>quisita</span> <span class='ocrx_word' id='word_1_459' title='bbox 288 4620 402 4663; x_wconf 86' lang='lat' dir='ltr'>naturae.</span> <span class='ocrx_word' id='word_1_460' title='bbox 425 4612 486 4662; x_wconf 88' lang='lat' dir='ltr'>item</span> <span class='ocrx_word' id='word_1_461' title='bbox 506 4612 638 4675; x_wconf 84' lang='lat' dir='ltr'>Horatius,</span> <span class='ocrx_word' id='word_1_462' title='bbox 659 4620 683 4661; x_wconf 90' lang='lat' dir='ltr'>et</span> <span class='ocrx_word' id='word_1_463' title='bbox 698 4622 754 4661; x_wconf 89' lang='lat' dir='ltr'>tuos</span> <span class='ocrx_word' id='word_1_464' title='bbox 774 4611 863 4659; x_wconf 86' lang='lat' dir='ltr'>rubros</span> <span class='ocrx_word' id='word_1_465' title='bbox 882 4610 1004 4661; x_wconf 83' lang='lat' dir='ltr'>obstetrix</span> <span class='ocrx_word' id='word_1_466' title='bbox 1024 4624 1122 4675; x_wconf 78' lang='lat' dir='ltr'>panum</span> <span class='ocrx_word' id='word_1_467' title='bbox 1137 4610 1207 4661; x_wconf 85' lang='lat' dir='ltr'>lauit.</span> <span class='ocrx_word' id='word_1_468' title='bbox 1240 4610 1266 4658; x_wconf 92' lang='lat' dir='ltr'>in</span> <span class='ocrx_word' id='word_1_469' title='bbox 1284 4609 1378 4671; x_wconf 87' lang='lat' dir='ltr'>quibas</span> <span class='ocrx_word' id='word_1_470' title='bbox 1396 4610 1465 4672; x_wconf 90' lang='lat' dir='ltr'>qnod</span> 
     </span>
     <span class='ocr_line' id='line_1_46' title="bbox 185 4678 1464 4745; baseline 0.001 -19"><span class='ocrx_word' id='word_1_471' title='bbox 185 4678 213 4727; x_wconf 90' lang='lat' dir='ltr'>ad</span> <span class='ocrx_word' id='word_1_472' title='bbox 230 4681 302 4729; x_wconf 86' lang='lat' dir='ltr'>verba</span> <span class='ocrx_word' id='word_1_473' title='bbox 319 4682 418 4744; x_wconf 85' lang='lat' dir='ltr'>attinet,</span> <span class='ocrx_word' id='word_1_474' title='bbox 436 4680 543 4731; x_wconf 87' lang='lat' dir='ltr'>honesta</span> <span class='ocrx_word' id='word_1_475' title='bbox 561 4690 599 4733; x_wconf 89' lang='lat' dir='ltr'>est</span> <span class='ocrx_word' id='word_1_476' title='bbox 618 4681 735 4745; x_wconf 86' lang='lat' dir='ltr'>elocutio,</span> <span class='ocrx_word' id='word_1_477' title='bbox 755 4682 788 4731; x_wconf 90' lang='lat' dir='ltr'>de</span> <span class='ocrx_word' id='word_1_478' title='bbox 805 4697 831 4729; x_wconf 89' lang='lat' dir='ltr'>re</span> <span class='ocrx_word' id='word_1_479' title='bbox 851 4692 936 4730; x_wconf 85' lang='lat' dir='ltr'>temen</span> <span class='ocrx_word' id='word_1_480' title='bbox 956 4680 1121 4743; x_wconf 85' lang='lat' dir='ltr'>turpissima’</span> <span class='ocrx_word' id='word_1_481' title='bbox 1191 4680 1225 4729; x_wconf 81' lang='lat' dir='ltr'>tt</span> <span class='ocrx_word' id='word_1_482' title='bbox 1241 4694 1306 4742; x_wconf 87' lang='lat' dir='ltr'>quae</span> <span class='ocrx_word' id='word_1_483' title='bbox 1325 4681 1464 4729; x_wconf 86' lang='lat' dir='ltr'>necessitas</span> 
     </span>
     <span class='ocr_line' id='line_1_47' title="bbox 186 4747 1463 4818; baseline 0 -21"><span class='ocrx_word' id='word_1_484' title='bbox 186 4748 260 4797; x_wconf 82' lang='lat' dir='ltr'>RSP</span> <span class='ocrx_word' id='word_1_485' title='bbox 277 4751 320 4801; x_wconf 86' lang='lat' dir='ltr'>sad</span> <span class='ocrx_word' id='word_1_486' title='bbox 339 4766 404 4813; x_wconf 87' lang='lat' dir='ltr'>quae</span> <span class='ocrx_word' id='word_1_487' title='bbox 420 4753 555 4801; x_wconf 85' lang='lat' dir='ltr'>necessitas</span> <span class='ocrx_word' id='word_1_488' title='bbox 575 4752 616 4803; x_wconf 84' lang='lat' dir='ltr'>Cb</span> <span class='ocrx_word' id='word_1_489' title='bbox 669 4752 703 4801; x_wconf 83' lang='lat'>28</span> <span class='ocrx_word' id='word_1_490' title='bbox 718 4752 787 4818; x_wconf 91' lang='lat' dir='ltr'>apud</span> <span class='ocrx_word' id='word_1_491' title='bbox 805 4747 947 4817; x_wconf 86' lang='lat' dir='ltr'>Horatium]</span> <span class='ocrx_word' id='word_1_492' title='bbox 968 4750 1041 4813; x_wconf 87' lang='lat' dir='ltr'>epod.</span> <span class='ocrx_word' id='word_1_493' title='bbox 1060 4750 1102 4811; x_wconf 85' lang='lat' dir='ltr'>tt,</span> <span class='ocrx_word' id='word_1_494' title='bbox 1116 4748 1151 4799; x_wconf 83' lang='lat'>50</span> <span class='ocrx_word' id='word_1_495' title='bbox 1165 4756 1190 4798; x_wconf 91' lang='lat' dir='ltr'>et</span> <span class='ocrx_word' id='word_1_496' title='bbox 1203 4759 1248 4799; x_wconf 90' lang='lat' dir='ltr'>tuo</span> <span class='ocrx_word' id='word_1_497' title='bbox 1264 4764 1354 4799; x_wconf 90' lang='lat' dir='ltr'>cruore</span> <span class='ocrx_word' id='word_1_498' title='bbox 1372 4750 1463 4801; x_wconf 86' lang='lat' dir='ltr'>rubros</span> 
     </span>
     <span class='ocr_line' id='line_1_48' title="bbox 188 4818 492 4889; baseline -0.007 -18"><span class='ocrx_word' id='word_1_499' title='bbox 188 4818 298 4871; x_wconf 79' lang='lat' dir='ltr'>obstetrix</span> <span class='ocrx_word' id='word_1_500' title='bbox 315 4834 412 4889; x_wconf 80' lang='lat' dir='ltr'>pannos</span> <span class='ocrx_word' id='word_1_501' title='bbox 432 4821 492 4871; x_wconf 89' lang='lat' dir='ltr'>lavit</span> 
     </span>
    </p>
   </div>
   <div class='ocr_carea' id='block_1_5' title="bbox 0 0 1777 5600">
    <p class='ocr_par' dir='ltr' id='par_1_9' title="bbox 0 0 1777 5600">
     <span class='ocr_line' id='line_1_49' title="bbox 0 0 1777 5600; baseline 0 0"><span class='ocrx_word' id='word_1_502' title='bbox 0 0 1777 5600; x_wconf 95' lang='lat' dir='ltr'> </span> 
     </span>
    </p>
   </div>
  </div>
 </body>
</html>
