3525 5600
720 418 793 480 ΑΗΒ
1361 414 1400 480 13

1202 537 1223 579 p.
1238 523 1340 568 roco-ce
1353 523 1376 565 r.

124 606 289 691 proconsule
310 608 415 668 renio’
437 606 483 667 rel
506 611 645 668 ‘carruca
674 613 719 665 est
745 603 956 684 proconsule':
986 613 1132 668 sectantes
1154 603 1401 666 chartulariorum
1505 593 1509 602 ’

124 710 349 790 'aliquantorum
363 705 378 792 ΙΙ
392 711 561 788 inperitiam
579 706 720 768 deserunt
741 706 978 769 doctissimorum
1002 715 1132 768 vetermn
1155 707 1185 767 in
1209 713 1271 768 arte
1294 714 1401 768 tracta·

124 821 174 880 tns;
200 813 312 890 quippe
340 829 408 872 enm
436 812 515 872 inter
541 808 736 870 chartularios
759 808 1015 889 eloquentissimos
1037 811 1169 888 reperias
1191 807 1333 890 quosdam
1357 808 1401 870 vel

121 933 218 994 pancos
238 913 386 974 indoctos.
432 911 537 974 melius
559 928 631 990 ergo
654 917 699 971 est
725 911 809 988 sequi
837 929 888 970 eos
915 913 994 971 inter
1017 928 1091 987 quos
1115 909 1212 971 nrrllus
1233 912 1401 990 reperiatur

101 1017 267 1096 sinperitus,
291 1034 381 1094 qnam
403 1013 458 1075 bos
479 1018 558 1075 inter
580 1031 654 1094 quos
673 1012 828 1073 rideantur
851 1031 916 1074 esse
938 1010 983 1072 vel
1006 1013 1101 1091 pauci.
1134 1029 1205 1090 ergo
1220 1013 1244 1072 si
1261 1013 1309 1072 bic
1332 1031 1400 1092 pro·

121 1115 228 1176 consule
253 1117 379 1178 voluero
407 1117 521 1186 dicere,
550 1113 708 1176 declinabo
729 1115 788 1182 sic,
812 1115 880 1194 quia
903 1116 960 1174 erit
981 1121 1188 1193 monoptoton:
1221 1115 1402 1176 nominativo

121 1218 160 1278 bic
179 1218 374 1297 proconsule,
402 1219 539 1297 genetivo
561 1217 649 1278 buius
671 1214 865 1296 proconsule,
890 1214 986 1276 dativo
1009 1215 1078 1276 bnic
1100 1214 1291 1296 proconsule,
1316 1233 1401 1276 accu-

120 1320 200 1380 satiro
226 1318 309 1380 bunc
337 1319 531 1400 proconsule,
560 1320 691 1380 vocativo
719 1325 738 1378 ‘o
764 1316 957 1397 proconsule,
988 1317 1114 1380 ablativo
1137 1317 1174 1379 ab
1197 1318 1252 1378 boc
1275 1335 1402 1396 procon-

120 1420 181 1482 sule.
225 1421 298 1501 quid
322 1439 393 1500 ergo
416 1440 481 1482 cnm
505 1440 521 1481 a
544 1437 592 1480 me
614 1420 774 1500 quaesierit
801 1421 955 1499 quisquam
985 1420 1052 1496 ‘qui
1074 1420 1270 1501 processit‘l',
1294 1437 1401 1500 nempe

92 1523 240 1583 edicturus
267 1541 336 1583 sum
363 1521 553 1602 proconsule:
589 1521 644 1582 ‘de
670 1523 754 1582 cuins
780 1524 929 1601 praetorio
958 1522 1074 1582 venisl’
1108 1519 1300 1602 proconsule;
1335 1522 1402 1582 ‘cni

119 1623 239 1684 libellum
263 1610 434 1685 obtulistil’
456 1622 648 1704 proconsule;
678 1626 785 1702 ‘quem
814 1622 910 1685 vidisti
937 1621 1186 1704 procedenteml'
1209 1620 1399 1703 proconsule;

119 1727 197 1784 ‘roca
223 1725 311 1786 illum
338 1727 458 1786 nomine
485 1727 566 1796 suo',
596 1721 602 1804 Ι
632 1744 650 1784 o
678 1723 872 1804 proconsule;
902 1729 935 1786 ‘a
963 1745 1022 1806 quo
1051 1744 1137 1786 cansa
1167 1733 1214 1786 tna
1238 1726 1401 1786 examinata

120 1829 188 1887 estl’
209 1845 229 1886 n
250 1827 438 1907 proconsule.
484 1827 550 1888 ride
573 1845 660 1908 qnam
684 1828 723 1888 sit
744 1826 907 1889 absurdum
931 1846 985 1907 per
1007 1835 1050 1888 tot
1072 1846 1156 1888 casus
1179 1845 1291 1888 errare.
1322 1827 1401 1908 quod

117 1931 139 1987 si
159 1929 276 1990 voluero
300 1937 382 1992 recte
406 1928 571 2000 declinare,
595 1930 637 1990 sic
654 1928 810 1990 declinabo
832 1929 958 2009 simplex
982 1947 1104 2000 nomeu,
1128 1948 1187 2008 quo
1209 1929 1298 1992 modo
1320 1948 1401 1991 eom·

89 2033 247 2110 cpositum,
278 2033 348 2112 quia
375 2032 571 2114 praepositio,
598 2033 623 2092 si
651 2029 731 2091 illam
754 2048 813 2092 non
836 2037 979 2111 sequatur
1001 2049 1088 2092 casus
1110 2049 1196 2101 suns,
1224 2031 1322 2112 perdit
1344 2033 1401 2094 rim

117 2151 191 2192 snam
212 2140 242 2192 et
263 2136 370 2194 transit
393 2135 423 2194 in
451 2151 570 2194 nomen.
607 2131 764 2194 declinabo
786 2133 876 2212 igitur
899 2130 1024 2213 simplex
1046 2151 1154 2194 nomen
1178 2133 1238 2202 sic,
1267 2135 1400 2194 nomina·
1472 2129 1476 2135 ’

116 2235 167 2294 tiro
192 2234 240 2296 bic
267 2234 387 2306 consul,
415 2235 553 2313 genetivo
579 2235 667 2296 buius
694 2233 839 2304 consulis,
866 2234 963 2295 dativo
991 2233 1059 2296 huic
1081 2233 1210 2304 consuli,
1235 2237 1401 2296 accusativo
1506 2310 1510 2319 Ι

117 2335 186 2396 hunc
207 2336 376 2405 consulem,
398 2339 531 2398 vocativo
553 2356 570 2398 o
593 2335 710 2407 consul,
733 2335 859 2397 ablativo
882 2335 919 2398 ab
941 2335 998 2398 boe
1020 2334 1151 2398 consule.
1182 2335 1219 2396 ad
1242 2337 1318 2398 banc
1340 2338 1400 2398 lor·

118 2457 184 2497 mam
211 2441 411 2519 compositum
438 2438 635 2509 declinamus,
664 2439 843 2500 nominativo
872 2438 922 2499 bic
950 2437 1123 2518 proconsul,
1153 2441 1289 2518 genetivo
1313 2441 1401 2501 buius

89 2540 310 2618 oprocousulis,
334 2541 431 2601 danto
445 2539 516 2600 buic
531 2538 716 2621 proconsuli,
739 2543 905 2602 accusativo
927 2541 1006 2603 hune
1027 2541 1252 2621 proconsulem,
1269 2544 1400 2604 vocativo

117 2663 132 2702 o
150 2642 318 2721 proconsul,
341 2642 467 2704 ablativo
488 2643 527 2703 ab
548 2642 605 2704 boc
626 2641 813 2722 proconsule.
845 2661 953 2704 nomen
978 2653 1023 2704 est
1046 2645 1125 2704 enim
1148 2643 1298 2723 dignitatis
1319 2663 1399 2716 snae,

26 2768 27 2795 t
117 2763 169 2807 non
193 2754 276 2807 actus
305 2745 457 2807 cniusdam
486 2746 544 2815 rei,
573 2744 618 2806 vel
647 2743 717 2807 belli
744 2743 914 2825 specialiter
941 2743 998 2807 sibi
1026 2745 1164 2808 mandati.
1210 2745 1287 2826 qnod
1316 2747 1341 2807 si
1363 2746 1400 2808 ad

26 2863 27 2866 ¹
117 2856 186 2907 tanta
209 2844 215 2930 Ι
239 2849 411 2909 testimonia
439 2847 622 2923 persuadere
650 2849 794 2927 pertinaci
822 2866 881 2908 non
905 2866 995 2929 queo,
1020 2848 1147 2909 sulliciat
1168 2846 1211 2908 illi
1234 2847 1269 2909 ad
1293 2850 1398 2911 confir-

26 3009 27 3032 1
117 2948 244 3010 mandam
274 2948 395 3028 regulae
423 2948 607 3029 qualitatem,
636 2949 715 3030 qnod
745 2948 890 3028 simplicia
914 2952 1048 3019 nomina,
1073 2953 1103 3011 in
1127 2968 1185 3031 qna
1207 2949 1316 3029 syllaba
1340 2960 1400 3013 ter-

86 3053 286 3112 seminaverint
313 3053 539 3120 nominativum,
567 3053 598 3113 in
626 3050 751 3112 eandem
785 3052 905 3111 mittunt
936 3070 987 3113 sna
1022 3055 1198 3132 composita,
1232 3061 1265 3113 nt
1292 3053 1400 3117 decens

26 3197 27 3200 ,
116 3152 265 3228 indecens,
295 3161 401 3233 potens
426 3155 580 3233 inpotens,
610 3160 728 3214 curator
754 3160 944 3233 procurator,
974 3156 1013 3216 ita
1043 3162 1072 3215 et
1098 3154 1200 3215 consul
1228 3157 1398 3236 proconsul.

118 3255 215 3315 deinde
237 3254 355 3316 nullum
376 3256 589 3317 nominativum
611 3254 766 3315 masculini
788 3257 908 3333 generis
930 3257 1070 3335 reperies,
1094 3258 1119 3317 si
1141 3260 1290 3338 requiras,
1316 3278 1331 3319 e
1355 3259 1400 3322 lit·

117 3367 170 3416 tera
191 3360 393 3418 terminatum.

190 3459 287 3539 Saepe
310 3460 475 3537 quaesitum
497 3468 557 3525 est,
581 3467 680 3520 utrum
702 3460 828 3520 vicarius
849 3458 908 3519 diei
929 3455 942 3543 ΙΙ
958 3459 1066 3522 debeat
1080 3462 1168 3522 etiam
1182 3464 1208 3523 is
1223 3465 1272 3523 cni
1287 3464 1399 3541 magni·

87 3561 292 3622 nocentissimi
314 3562 456 3639 praelecti
473 3562 551 3621 vices
573 3579 643 3622 snas
657 3564 688 3621 in
704 3560 823 3641 speciali
839 3579 925 3622 rausa
943 3563 1164 3625 mandaverunt.
1196 3583 1397 3645 nequaquam:

116 3680 175 3723 nam
203 3663 332 3724 vicarius
364 3662 472 3723 dicitur
504 3664 530 3723 is
556 3664 608 3742 qui
636 3662 741 3724 ordine
769 3661 973 3725 codicillorum
1002 3666 1081 3726 vices
1109 3668 1169 3743 agit
1201 3667 1398 3747 amplissimae

116 3766 321 3841 praefecturae.
365 3764 415 3824 ille
437 3782 507 3824 vero
530 3766 578 3824 cui
599 3767 678 3825 vices
701 3764 879 3826 mandantur
902 3774 1025 3845 propter
1047 3768 1209 3831 absentiam
1233 3770 1398 3848 praelecto-

117 3884 189 3934 rum,
211 3886 273 3927 non
296 3868 439 3934 vicarius,
463 3866 515 3927 sed
538 3867 617 3927 vices
639 3885 745 3945 agens,
771 3886 828 3927 non
852 3869 1073 3947 praefecturae,
1103 3870 1155 3931 sed
1177 3872 1398 3950 praefectorum

116 3966 214 4027 dicitnr
235 3973 362 4028 tantum.
706 4034 712 4046 ,

90 4088 109 4124 n
193 4068 386 4134 2l'raeiectns
401 4069 538 4147 vigilibus
552 4070 630 4131 bene
644 4070 761 4140 dicitur,
779 4073 847 4149 quia
870 4070 918 4132 bic
940 4074 1129 4153 participium
1152 4082 1198 4136 est
1219 4077 1397 4156 praelectus,

118 4186 168 4229 non
194 4188 315 4231 nomen.
355 4173 551 4251 praeponitur
578 4174 656 4234 enim
684 4172 857 4253 disciplinae
883 4182 1057 4237 nocturnae.
1102 4184 1131 4237 et
1162 4179 1188 4239 is
1217 4180 1267 4259 qni
1303 4177 1397 4239 eidem

178 4342 237 4394 eod.
255 4341 339 4396 ΒΜ,
358 4342 368 4390 Ι
386 4340 492 4395 6-Θὶ
551 4344 714 4410 3repperies
782 4346 981 4411 trepperiatur
1049 4347 1132 4411 tiqui
1157 4351 1203 4399 erit
1225 4356 1398 4415 monoptotnm

119 4410 191 4467 (corr.
208 4414 267 4475 -on)
339 4412 517 4463 incorrectibo
536 4413 595 4463 baie
614 4415 766 4481 proconsule
784 4418 902 4465 uocatinu
921 4418 1106 4483 npproconsule
1177 4419 1207 4470 ll
1226 4420 1340 4485 optulisti

120 4480 884 4551 mffllfflamwmmmm.wmmstm
937 4484 1345 4553 wmdmc2mwm

120 4548 148 4599 tt
163 4553 329 4601 testimoniam
344 4554 428 4617 (corr.
444 4551 487 4617 -a)
500 4555 608 4605 suadere
655 4555 689 4605 26
708 4564 794 4604 corato
811 4565 959 4621 procurator
1010 4560 1044 4609 et
1062 4560 1190 4623 repperies
1242 4559 1398 4609 2llbicarlus

179 4619 212 4686 is]
230 4622 270 4671 bis
340 4622 376 4671 30
399 4624 530 4673 mandauit
598 4626 629 4675 31
649 4622 683 4689 is]
703 4624 744 4674 his
813 4626 847 4676 32
869 4627 1011 4691 apsentiarn
1081 4628 1115 4679 33
1138 4628 1248 4678 binarius
1264 4631 1310 4680 sed
1328 4632 1398 4679 uices

122 4686 139 4734 is
154 4704 230 4755 egens
298 4690 334 4742 35
351 4692 397 4754 qni
413 4692 456 4743 bic
524 4694 560 4745 ab
577 4702 710 4744 nocturree
780 4694 869 4745 ecdem
940 4694 973 4761 is]
995 4696 1034 4746 liis

157 4794 272 4803 —--—.-
281 4798 309 4803 .-

133 4912 138 4923 .
178 4846 271 4909 bqnia
292 4850 342 4897 erit
359 4848 493 4899 Paucum
565 4851 595 4901 17
611 4850 725 4911 sortaere
742 4851 780 4900 sic
804 4848 936 4901 declinabo
958 4853 1123 4917 compositum
1144 4869 1302 4921 nomenque
1322 4857 1397 4909 modu

123 4916 222 4981 simplex
288 4919 324 4969 2⁴
342 4918 522 4985 aequalitatem
540 4920 664 4987 Hcpeans
732 4918 767 4975 35
785 4922 847 4987 quie
865 4920 908 4972 hic
927 4920 1060 4975 Pet-sellim
