3525 5600
701 410 771 472 lits
801 411 838 470 lV
862 415 932 471 1.2
1396 405 1460 472 465

198 536 219 578 p.
234 521 290 560 arca.
305 519 331 560 es
346 517 367 558 r.
1274 531 1294 571 p.
1309 519 1397 558 1u-7a
1411 516 1433 556 tn

322 600 463 668 intuor,
488 599 633 660 lnacbii
657 607 744 661 sunt
765 599 804 660 hi
827 599 915 669 tibi,
939 603 1108 679 concipe,
1132 617 1256 677 reges:

174 703 251 762 idern
274 704 364 763 etiam
386 703 466 763 aliud
489 701 526 763 ab
550 722 585 762 eto
608 705 804 782 compositum
826 706 857 764 in
876 702 940 763 Vlll
964 701 1040 763 libro
1055 701 1224 763 Thebaidos
1245 702 1364 771 extulit,
1388 719 1458 762 con·

173 813 253 874 tuor,
275 812 309 865 ut

322 925 474 987 namque
498 907 600 968 niodo
623 908 796 968 intensos
818 915 929 968 utero
951 907 1042 969 milri
1065 915 1223 967 contuor
1245 925 1363 968 enses.
1393 901 1398 988 1

148 1025 160 1063 s
256 1009 322 1069 Sola
351 1011 450 1089 itaque
479 1012 574 1090 prima
603 1010 769 1087 coniugatio
792 1007 919 1090 syllabas
941 1010 1139 1087 genitivorum
1155 997 1289 1070 ⁴nominis
1310 1008 1458 1070 custodire

174 1110 246 1170 solet
269 1113 300 1172 in
323 1111 406 1172 verbi
430 1111 630 1181 traductione,
656 1114 765 1172 notatis
787 1111 844 1172 illis
866 1113 971 1189 paucis
992 1111 1250 1173 tenninationibus
1263 1113 1295 1172 in
1310 1130 1345 1171 co
1360 1111 1407 1171 rel
1427 1112 1458 1170 in

173 1221 201 1273 to
223 1212 271 1272 vel
293 1215 323 1274 in
346 1214 374 1274 lo
395 1213 440 1274 vel
462 1216 493 1274 in
516 1215 599 1274 cinor
623 1213 667 1273 rel
690 1215 720 1273 in
751 1215 810 1274 cito
833 1213 878 1274 vel
901 1215 932 1274 in
955 1231 993 1274 uo
1015 1232 1031 1274 a
1053 1222 1157 1294 quarta
1179 1214 1376 1274 declinatione
1399 1218 1457 1273 tra·

173 1315 270 1375 ductis
294 1312 339 1394 [et
366 1317 397 1376 in
419 1317 447 1375 io
469 1335 485 1376 a
508 1313 640 1396 quinta],
669 1323 699 1375 et
726 1316 829 1395 siquae
857 1323 927 1376 sunt
947 1316 1023 1377 tales
1044 1316 1258 1386 derivationes,
1280 1334 1353 1396 quas
1375 1317 1459 1395 quasi

172 1424 292 1495 praeter
315 1418 439 1478 aliarum
462 1436 574 1478 morem
589 1425 759 1478 crescentes
774 1418 912 1497 superius
935 1416 1171 1488 observavimus:
1194 1418 1245 1479 illo
1267 1436 1385 1499 quoque
1407 1435 1458 1496 ge·

135 1535 159 1574 10
172 1519 327 1588 neraliter,
352 1527 385 1580 ut
406 1521 501 1580 omnis
524 1517 701 1598 ambiguitas
722 1520 856 1590 tollatur,
880 1520 1028 1590 addendo,
1053 1517 1067 1601 ΙΙ
1090 1520 1178 1600 quod,
1201 1521 1270 1581 licet
1291 1519 1399 1601 duplex
1420 1521 1460 1581 sit

172 1621 342 1682 terminatio
364 1621 524 1683 latinorum
539 1623 569 1682 in
584 1623 728 1702 positione
744 1621 918 1691 verborum,
942 1622 973 1683 id
995 1630 1039 1682 est
1061 1624 1112 1683 aui
1133 1641 1151 1682 o
1173 1629 1224 1683 aut
1246 1640 1280 1682 or
1301 1622 1458 1684 indicativo

172 1724 323 1802 praesenti
352 1724 505 1794 desinenS,
535 1723 646 1804 absque
675 1725 838 1804 corruptis,
868 1743 945 1804 quae
974 1723 1086 1802 regulis
1113 1723 1264 1802 andcgiae
1285 1731 1404 1794 carent,
1427 1731 1461 1784 ut

171 1843 238 1885 sum
261 1843 293 1885 es
316 1833 375 1896 est,
398 1845 519 1906 possum
541 1845 662 1906 prosum
687 1827 743 1886 edo
758 1835 788 1888 et
803 1825 964 1896 similibus,
987 1826 1141 1887 sciendum
1163 1834 1209 1887 est
1230 1828 1261 1886 in
1283 1845 1318 1886 or
1339 1825 1460 1906 quidem

170 1927 335 1988 desinentia
358 1926 458 1997 verba,
481 1929 506 1988 si
528 1930 642 2009 passiva
664 1930 733 1998 sint,
756 1947 877 1991 suorum
893 1930 1056 1990 activorum
1071 1929 1308 2006 coniugationem
1330 1946 1459 1998 servare,

135 2053 157 2092 15
171 2029 200 2088 id
223 2037 285 2098 est,
309 2029 371 2090 sive
393 2031 500 2091 vocalis
522 2047 575 2091 seu
597 2049 763 2092 consonans
786 2033 824 2092 sit
846 2038 914 2091 ante
936 2051 969 2100 o,
1001 2031 1101 2092 addita
1123 2049 1138 2090 r
1160 2030 1260 2091 littera
1282 2048 1341 2090 non
1364 2037 1460 2091 muta·

172 2138 220 2190 tur
243 2132 426 2209 coniugatio,
450 2135 474 2192 si
498 2141 669 2212 permaneat
691 2133 795 2193 eadem
818 2132 902 2192 verbi
924 2134 1115 2212 significatio,
1138 2140 1171 2194 ut
1192 2150 1264 2192 curo
1286 2151 1385 2203 curor,
1409 2133 1459 2192 do·

171 2251 224 2292 ceo
247 2232 373 2303 doceor,
402 2235 501 2296 scribo
529 2234 659 2305 scribor,
688 2235 773 2296 audio
796 2235 915 2306 audior;
939 2243 1052 2298 mutato
1074 2254 1144 2295 rem
1166 2252 1277 2313 genere
1299 2235 1345 2296 rel
1368 2235 1460 2312 signi-

171 2336 308 2396 ficatione
330 2334 428 2408 verbi,
453 2338 522 2398 licet
545 2337 617 2398 nihil
640 2337 717 2398 aliud
739 2339 797 2398 nisi
819 2356 835 2397 r
857 2338 1006 2408 adsumat,
1030 2345 1129 2398 tamen
1151 2355 1210 2398 non
1233 2336 1371 2398 observat
1391 2354 1459 2396 ean·

170 2438 239 2497 dem
258 2440 505 2516 coniugationem
521 2448 555 2500 ut
566 2457 675 2519 sperno
690 2443 808 2519 spernis
820 2457 947 2520 spernor
961 2441 1128 2520 sperneris,
1149 2457 1293 2519 aspernor
1310 2438 1461 2518 deponens

133 2565 157 2604 ao
170 2541 360 2619 aspernaris;
382 2542 532 2622 conspicio
555 2543 703 2622 conspicis
725 2544 837 2622 aspicio
859 2544 967 2622 aspicis
989 2543 1157 2623 conspicior
1179 2541 1361 2620 conspiceris
1383 2542 1460 2619 aspi·

169 2644 234 2702 cior
265 2643 420 2722 aspiceris,
456 2646 612 2723 conspicor
645 2644 796 2724 deponens
830 2645 1027 2724 conspicaris;
1062 2653 1164 2706 sterno
1200 2643 1308 2705 sternis
1343 2650 1461 2702 sternor

169 2745 334 2816 sterneris,
357 2753 533 2807 consternor
556 2753 653 2808 autern
677 2747 828 2827 deponens
850 2748 1068 2819 constemaris;
1091 2746 1167 2809 lacio
1190 2752 1345 2817 neutrum,
1368 2746 1460 2824 grati·

170 2849 244 2908 licor
265 2850 455 2925 gratificaris,
479 2849 614 2910 ludificor
635 2849 812 2921 ludificaris;
835 2852 933 2911 sentio
947 2850 1018 2909 item
1034 2851 1141 2919 sentis,
1157 2834 1295 2910 adsentor
1309 2847 1461 2928 deponens

169 2950 353 3021 adsentar·is;
375 2968 447 3029 gero
469 2954 565 3029 geris,
589 2954 756 3029 morigeror
772 2954 973 3029 morigeraris.
1004 2960 1034 3013 et
1056 2970 1072 3011 e
1095 2950 1216 3031 quidem
1238 2949 1377 3011 habentia
1393 2956 1461 3010 ante

132 3076 157 3115 ss
170 3071 205 3113 or
229 3051 378 3114 secundae
406 3060 476 3115 sunt
503 3056 735 3132 coniugationis,
764 3072 819 3114 ceu
840 3061 909 3115 ante
932 3054 1124 3123 dictumest,
1149 3061 1181 3113 ut
1202 3054 1296 3114 liceor
1317 3053 1461 3132 polliceor

169 3154 294 3215 medeor
317 3173 387 3215 reor
408 3174 527 3217 mereor
547 3158 693 3217 misereor
715 3174 820 3217 vereor
843 3156 939 3217 iateor
959 3163 1059 3227 tueor,
1084 3163 1113 3215 et
1136 3173 1210 3236 quae
1234 3173 1269 3215 ex
1292 3154 1339 3215 his
1360 3156 1461 3231 singu·

169 3258 207 3317 lis
231 3264 458 3337 componuntur.
489 3260 497 3318 i
521 3267 620 3320 autem
636 3266 704 3319 ante
719 3278 754 3319 or
774 3258 913 3319 habentia
928 3257 1187 3319 observationibus
1201 3257 1314 3337 primae
1329 3258 1462 3318 carentia

169 3367 321 3437 eoguntur
349 3360 384 3420 ad
412 3368 547 3439 quartam
577 3362 679 3421 venire
708 3362 962 3438 coniugationem,
991 3366 1025 3422 ut
1051 3360 1176 3421 amicior
1197 3357 1338 3419 blandior
1360 3358 1461 3419 ordior

170 3461 285 3539 largior
307 3461 413 3521 molior
435 3464 576 3542 opperior
598 3464 704 3523 metior
728 3466 836 3523 sortior
851 3462 974 3543 peritior
995 3462 1161 3533 adsentior,
1185 3463 1317 3541 exceptis
1339 3460 1461 3539 gradior

133 3587 157 3627 ao
171 3572 201 3624 et
226 3565 339 3623 morior
366 3570 395 3623 et
421 3564 532 3644 patior,
563 3582 638 3645 quae
661 3568 768 3626 tertiae
791 3571 861 3627 sunt
882 3572 1039 3645 correptae
1061 3565 1162 3625 solius.
1207 3565 1290 3624 orior
1312 3569 1410 3624 autern
1432 3568 1463 3622 et

170 3667 272 3745 potior
294 3672 354 3726 tarn
377 3668 482 3727 tertiae
503 3685 592 3747 quam
615 3674 738 3746 quartae
760 3666 902 3746 quosdam
924 3674 1022 3727 motus
1049 3666 1170 3727 habent.
1213 3666 1245 3725 in
1267 3683 1322 3725 uor
1344 3682 1461 3744 quoque

170 3767 342 3828 desinentia
364 3770 514 3848 primitiva
536 3771 643 3831 tertiae
666 3777 750 3839 sunt,
778 3776 810 3830 ut
832 3770 916 3832 lruor
937 3769 1045 3830 frueris
1074 3768 1173 3847 liquor
1193 3767 1333 3846 liqueris,
1356 3766 1462 3845 loquor

169 3869 321 3948 loqueris,
350 3888 458 3950 sequor
485 3874 630 3951 sequeris.
676 3890 802 3951 quorum
830 3873 998 3951 posteriora
1020 3870 1056 3931 ad
1079 3871 1305 3931 consonantium
1328 3869 1461 3946 regulam

170 3972 327 4049 pertinere
353 3971 491 4034 videntur
519 3980 548 4032 et
575 3976 607 4034 in
635 3992 687 4034 cor
714 3972 913 4033 desinentium
935 3971 1096 4033 verborum
1117 3971 1230 4033 hahere
1252 3972 1458 4050 praeteritum,

134 4094 158 4135 as
171 4080 205 4133 ut
229 4072 345 4135 locutus
367 4092 448 4145 suin,
473 4083 593 4137 secutus
616 4095 691 4139 sum.
723 4074 954 4136 consonantibus
976 4093 1046 4135 vero
1069 4075 1141 4136 solis
1163 4072 1407 4135 antecedentibus
1428 4074 1461 4133 in

245 4346 257 4396 1
278 4344 372 4395 inachii
389 4352 449 4397 sunt
465 4345 606 4412 (supersor.
626 4348 652 4396 bi
671 4360 738 4396 corr.
757 4346 784 4393 in
801 4360 881 4410 morp.
902 4342 960 4409 qni)
975 4346 1021 4396 tibi
1036 4346 1061 4395 B
1077 4337 1175 4395 ineehle
1193 4354 1253 4396 sunt
1270 4346 1316 4396 tibi
1333 4354 1343 4397 t
1363 4345 1462 4397 inachis

634 4428 726 4470 asideme

172 4490 234 4535 sunt
254 4483 283 4533 hi
301 4483 345 4532 tibi
362 4484 380 4547 s
445 4442 684 4551 conciperegqbquq
704 4486 769 4535 idem
789 4481 814 4531 B
829 4483 933 4550 concipe
950 4498 1024 4548 reges
1042 4483 1171 4549 gessidem
1188 4485 1259 4549 regio
1278 4484 1345 4533 idern
1362 4484 1385 4533 Ρ
1401 4498 1462 4532 con·

172 4558 261 4621 cipere
283 4568 358 4620 reges
378 4554 444 4603 idern
463 4553 496 4617 ts
577 4556 637 4604 2in
653 4553 698 4602 Vll
717 4553 781 4604 libro
799 4553 839 4603 P:
857 4550 923 4603 seat.
943 4553 1034 4604 Actor.
1054 4554 1064 4601 l
1085 4553 1142 4606 131.
1166 4553 1202 4615 cs.
1218 4555 1302 4603 Prisc.
1324 4556 1341 4606 l.
1362 4553 1419 4603 Vlll
1433 4569 1459 4617 p.

172 4626 236 4685 444,
255 4626 287 4675 12
357 4621 475 4689 lutere]
499 4631 605 4688 iitroque
624 4638 689 4674 corr.
710 4634 829 4685 utrosque
846 4622 873 4671 B
891 4632 1041 4686 uteroque!
1110 4619 1195 4689 enses]
1216 4638 1274 4673 esse
1291 4624 1317 4674 B
1387 4622 1461 4673 7vel

173 4696 198 4743 in
220 4692 343 4743 lovclin
362 4695 495 4744 cinerem.
516 4694 540 4743 B
609 4692 667 4743 8et
687 4694 712 4742 in
731 4692 947 4755 ioequintaom.
967 4692 1010 4742 Bt
1079 4692 1374 4755 {luliarumfoliorum
1392 4708 1460 4743 corr.

172 4764 281 4812 aliarum
304 4762 449 4814 Bellorum
466 4765 506 4815 Pt
574 4764 607 4815 18
625 4764 672 4813 nisi
692 4772 813 4814 rtantum
829 4760 946 4811 adsumat
958 4776 1008 4811 non
1025 4761 1182 4812 obserndtB
1254 4762 1285 4811 itt
1303 4764 1461 4830 poningatio-

174 4829 243 4899 nem]
259 4832 472 4899 significationem
486 4834 511 4883 P
556 4836 656 4901 spernis
674 4848 719 4888 orn.
734 4834 791 4884 BP
842 4831 875 4882 28
893 4832 1009 4883 blandior
1022 4832 1117 4899 largior
1129 4832 1214 4883 ordior
1232 4830 1351 4898 langulor
1362 4832 1462 4883 mollior

174 4902 323 4968 operiorP
393 4902 427 4955 29
442 4904 539 4972 partior
556 4919 602 4956 om.
622 4904 648 4953 P
714 4903 844 4955 adsentior
862 4916 909 4959 om.
927 4902 953 4952 B
1020 4900 1055 4953 35
1075 4910 1177 4954 secutus
1194 4917 1250 4952 sum
1269 4910 1294 4953 et
1312 4902 1446 4967 reliqueP
