3525 5600
284 393 347 459 502
760 467 765 480 ,
828 397 1029 459 nvnvsrnu

310 518 331 558 p.
346 506 447 546 rese-85
460 503 482 544 Ρ.

284 585 360 646 latro
382 583 471 645 huius
492 584 615 646 latronis
637 584 707 645 huic
729 584 839 646 latroni
855 585 933 645 bunc
948 593 979 646 et
1000 585 1077 647 hanc
1100 584 1246 647 latronem
1267 603 1284 645 o
1306 584 1384 644 latro
1406 581 1444 645 ab
1466 583 1521 643 boc
1540 593 1568 643 et

285 669 322 730 ab
345 668 399 730 hac
421 669 536 730 latrone
558 668 588 728 hi
612 676 641 730 et
663 667 718 730 hae
747 669 877 730 latrones
904 669 1009 729 borum
1032 677 1061 730 et
1082 670 1188 731 barum
1210 670 1357 731 lenonum
1379 669 1428 728 bis
1449 668 1568 729 latroni·

286 754 340 815 bus
362 755 417 814 hos
438 763 468 815 et
489 754 543 816 has
563 754 694 815 latrones
716 772 733 814 o
756 753 887 816 latrones
909 754 946 816 ab
968 755 1016 815 bis
1036 755 1213 817 latronibus.
1257 755 1294 815 ad
1315 754 1392 814 hanc
1414 753 1567 814 lormnlam

285 839 448 901 declinabis
470 841 558 902 homo
580 856 673 917 ganeo
695 839 802 916 degulo
824 857 919 919 caupo
941 840 1012 900 lullo
1034 859 1123 900 nemo
1144 840 1259 909 bellun,
1282 841 1334 919 qui
1356 847 1388 899 et
1409 837 1519 916 glutto,
1541 848 1569 898 et

284 924 364 986 talia.
401 943 456 1004 per
478 943 497 984 u
519 931 617 986 autem
639 923 751 986 nullum
774 924 865 985 babet
887 927 918 984 in
941 926 1132 986 nominativo.
1163 944 1235 1004 ergo
1257 927 1319 985 exit
1340 941 1497 983 commune
1518 938 1590 1002 pers

284 1029 317 1070 es
339 1008 496 1089 syllabam,
520 1017 552 1070 ut
574 1027 687 1080 comes,
711 1009 761 1071 hic
783 1019 812 1070 et
835 1010 908 1070 baec
923 1028 1022 1070 comes
1036 1010 1126 1071 huius
1141 1013 1260 1071 comitis
1280 1009 1352 1069 huic
1375 1009 1479 1068 comiti
1493 1006 1568 1068 bunc

285 1102 314 1155 et
335 1095 411 1155 hanc
438 1097 577 1155 comitem
604 1114 620 1154 o
649 1113 747 1155 comes
775 1093 811 1155 ab
840 1095 896 1156 boc
924 1102 953 1156 et
975 1094 1012 1154 ab
1034 1096 1089 1158 bac
1117 1099 1225 1158 comite
1252 1096 1284 1155 bi
1312 1101 1343 1154 et
1369 1093 1426 1154 bae
1449 1094 1568 1153 comites

284 1179 390 1240 horum
418 1189 447 1241 et
476 1180 582 1241 harum
609 1181 748 1240 comitum
777 1180 824 1240 his
852 1179 1012 1241 comitibus
1034 1181 1088 1241 bos
1116 1188 1148 1240 et
1173 1181 1226 1242 bas
1254 1181 1379 1240 comites
1401 1197 1418 1237 o
1448 1179 1567 1238 comites

283 1263 321 1326 ab
343 1264 390 1325 his
413 1264 583 1326 comitibus.
619 1265 654 1324 ad
677 1263 752 1326 hanc
776 1265 934 1326 lormulam
961 1264 1148 1326 declinantur
1175 1284 1278 1345 sospes
1298 1263 1431 1343 locuples
1453 1263 1566 1342 hospes,

283 1350 354 1410 lieet
381 1349 526 1429 hospitam
554 1349 665 1409 dixerit
692 1349 847 1427 Virgilius,
872 1351 1042 1429 ‘bospita
1069 1350 1211 1411 tcllus'.
1243 1349 1330 1410 miles
1352 1347 1432 1408 veles
1458 1345 1504 1426 [id
1524 1356 1568 1408 est
1578 1365 1599 1403 n

282 1435 356 1496 levis
385 1442 550 1496 armaturae
577 1432 677 1514 miles]
708 1436 857 1514 interpres
884 1434 945 1496 ales
978 1453 1105 1514 praepes
1133 1454 1219 1516 praes
1250 1432 1295 1513 [id
1318 1441 1364 1493 est
1384 1429 1565 1512 lideiiussor]

283 1519 401 1580 satelles
428 1519 513 1581 deses
539 1537 661 1599 praeses
687 1519 770 1580 dives
796 1520 905 1581 Caeres
933 1519 1029 1581 caeles
1058 1517 1195 1600 [caelites
1222 1521 1273 1600 qui
1296 1521 1355 1579 iter
1376 1516 1436 1578 sibi
1458 1517 1568 1577 iaciunt

284 1604 320 1666 ad
342 1603 470 1686 caelum]
495 1605 611 1682 indiges
633 1604 774 1681 indigetis
796 1612 825 1665 et
846 1612 956 1666 cetera.
985 1607 1047 1665 exit
1067 1607 1099 1666 in
1121 1609 1156 1675 is,
1179 1611 1213 1666 ut
1235 1603 1351 1674 similis,
1374 1602 1424 1663 bic
1446 1610 1476 1662 et
1498 1601 1566 1662 haec

284 1690 391 1751 similis
412 1689 501 1752 huius
523 1689 629 1764 similis
651 1689 722 1750 huic
743 1689 833 1751 simili
858 1689 861 1769 l
885 1689 964 1750 hunc
986 1696 1017 1750 et
1037 1689 1114 1750 bane
1136 1690 1265 1752 similem
1286 1708 1304 1749 o
1325 1687 1433 1749 similis
1454 1686 1494 1747 ab
1514 1687 1567 1746 boc

284 1781 314 1834 et
336 1773 373 1836 ab
395 1774 450 1834 hac
473 1774 563 1836 simili
591 1773 622 1834 hi
650 1782 680 1835 et
702 1775 756 1836 hae
779 1774 895 1836 similes
922 1775 1027 1836 horum
1056 1783 1086 1835 et
1112 1775 1218 1836 barum
1245 1773 1389 1836 similium
1416 1772 1465 1834 bis
1487 1773 1600 1833 simi-u

201 1888 210 1908 ·
283 1858 363 1920 libus
391 1860 445 1920 hos
473 1868 502 1921 et
530 1861 583 1922 has
611 1858 724 1920 similes
751 1878 768 1920 o
796 1860 909 1922 similes
941 1859 978 1921 ab
1005 1860 1053 1921 his
1078 1859 1236 1922 similibus.
1281 1859 1318 1920 ad
1343 1858 1420 1919 hanc
1442 1859 1567 1917 lormam

284 1943 470 2006 declinantur
492 1944 579 2022 agilis
600 1943 697 2005 facilis
718 1945 833 2022 lragilis
848 1945 954 2006 viridis
969 1945 1080 2006 nobilis
1099 1944 1219 2006 mobilis
1241 1944 1336 2006 dulcis
1349 1942 1474 2003 humilis
1489 1944 1567 2003 mitis

283 2030 359 2090 lenis
380 2029 454 2090 levis
481 2029 579 2090 mollis
607 2030 680 2090 civis
708 2032 793 2090 testis
821 2029 916 2091 hostis
941 2033 1038 2091 tristis
1064 2031 1151 2091 tortis
1173 2032 1273 2091 suavis
1294 2027 1417 2106 frugalis
1438 2025 1567 2087 crudelis

283 2115 381 2175 inanis
403 2114 524 2192 gracilis
546 2115 673 2174 inmanis
701 2122 730 2174 et
752 2121 861 2176 cetera.
900 2117 961 2176 exit
981 2133 1037 2194 per
1057 2134 1103 2185 os,
1134 2122 1166 2175 ut
1188 2114 1342 2183 sacerdos,
1370 2113 1421 2174 bic
1443 2120 1477 2172 et
1495 2112 1567 2173 baec

283 2198 422 2261 sacerdos
448 2199 538 2260 huius
565 2199 728 2260 sacerdotis
755 2199 826 2260 huic
853 2200 1000 2265 sacerdoti
1024 2200 1104 2262 hunc
1126 2208 1156 2260 et
1177 2200 1254 2261 hanc
1275 2199 1461 2261 sacerdotem
1482 2217 1501 2256 o
1521 2209 1600 2258 sadi

282 2283 388 2345 cerdos
409 2282 445 2345 ab
468 2284 523 2345 hoc
546 2292 575 2344 et
597 2281 634 2344 ab
656 2284 712 2344 hac
734 2284 888 2345 sacerdote
908 2284 941 2346 bi
964 2293 994 2345 et
1014 2284 1070 2346 bae
1091 2285 1261 2346 sacerdotes
1282 2284 1388 2345 bonam
1410 2294 1442 2343 et
1462 2282 1566 2342 barum

283 2369 468 2431 sacerdotum
495 2369 543 2431 his
569 2367 773 2430 sacerdotibus
800 2369 854 2430 hos
883 2378 913 2431 et
939 2370 992 2431 has
1018 2369 1189 2432 sacerdotes
1215 2389 1233 2430 o
1259 2368 1429 2431 sacerdotes
1456 2365 1494 2428 ab
1521 2366 1566 2425 his

282 2454 496 2516 sacerdotibus.
541 2453 577 2514 ad
605 2452 680 2515 hanc
707 2455 832 2514 formam
860 2455 1047 2516 declinantur
1077 2463 1177 2517 custos
1210 2457 1296 2534 inpos
1324 2471 1436 2531 conpos
1464 2469 1564 2531 nepos

282 2543 344 2601 exit
365 2559 420 2620 per
441 2558 491 2610 us,
522 2546 554 2600 ut
576 2556 641 2608 sus,
670 2539 719 2600 hic
746 2547 775 2600 et
802 2538 876 2600 haec
902 2559 954 2602 sus
981 2539 1070 2600 buius
1091 2541 1155 2601 suis
1177 2540 1248 2600 huic
1268 2541 1315 2601 sui
1337 2538 1417 2598 bunc
1439 2545 1470 2597 et
1491 2537 1565 2597 banc

282 2643 365 2686 suem
392 2644 409 2686 o
436 2644 486 2686 sus
514 2622 551 2685 ab
579 2624 635 2684 boc
668 2631 699 2684 et
725 2622 762 2684 ab
790 2622 845 2686 hac
878 2643 930 2686 sne
964 2626 996 2685 bi
1028 2632 1059 2684 et
1090 2626 1147 2686 bae
1173 2643 1243 2686 sues
1269 2624 1376 2685 horum
1404 2629 1434 2682 et
1462 2621 1599 2682 heroine
1713 2658 1714 2675 ι

280 2729 367 2772 suum
394 2709 442 2770 his
469 2708 560 2770 subus
595 2709 649 2770 hos
678 2715 708 2768 et
736 2709 790 2770 bas
816 2727 885 2770 sues
912 2728 930 2769 o
957 2727 1027 2771 sues
1054 2708 1092 2771 ab
1123 2712 1171 2771 bis
1203 2709 1305 2771 subus.
1349 2709 1411 2769 exit
1437 2725 1493 2786 per
1521 2725 1563 2775 er,

282 2803 315 2856 ut
336 2813 459 2876 pauper,
483 2794 577 2856 hicet
593 2794 666 2855 haec
688 2812 802 2875 pauper
823 2793 914 2856 huius
935 2797 1076 2876 pauperis
1098 2795 1168 2862 huic
1190 2797 1315 2876 pauperi
1336 2793 1415 2855 bunc
1437 2802 1468 2853 ct
1490 2790 1564 2853 banc

280 2898 441 2961 pauperem
464 2900 481 2941 o
503 2898 616 2959 pauper
639 2879 675 2941 ab
698 2880 753 2939 boc
776 2886 806 2940 et
827 2879 864 2941 ab
879 2880 935 2940 bac
955 2898 1086 2960 paupere
1108 2882 1139 2942 bi
1162 2890 1192 2942 et
1212 2881 1268 2942 bae
1291 2896 1438 2961 pauperes
1460 2879 1564 2938 bonam

281 2973 311 3025 et
332 2966 438 3027 barum
465 2983 629 3045 pauperum
657 2964 705 3025 his
733 2964 915 3045 pauperibus
941 2965 996 3026 bos
1024 2974 1054 3026 et
1074 2966 1129 3028 bas
1150 2984 1297 3046 pauperes
1318 2983 1336 3025 ο
1357 2982 1505 3043 pauperes
1527 2962 1564 3023 ab

281 3050 327 3111 liis
348 3048 540 3130 pauperibus.
585 3051 621 3112 ad
643 3050 718 3111 banc
741 3050 866 3111 lormam
888 3050 1076 3112 declinantur
1095 3069 1165 3113 acer
1186 3052 1285 3114 alacer
1308 3048 1354 3130 [id
1376 3057 1421 3109 est
1442 3046 1598 3127 laems].so
1713 3127 1714 3132 γ

280 3138 341 3196 exit
369 3154 524 3197 commune
551 3138 583 3196 in
611 3154 661 3205 ex,
690 3136 860 3215 utopilex,
884 3136 986 3197 hicet
1012 3136 1085 3197 haec
1113 3138 1213 3217 opifex
1240 3136 1330 3197 buius
1356 3134 1473 3213 opilicis
1494 3133 1563 3192 lruic

280 3222 379 3299 opifici
401 3220 481 3280 bunc
503 3227 533 3279 et
553 3220 630 3281 hanc
652 3221 787 3299 opificem
809 3240 827 3280 o
850 3222 948 3300 opifex
965 3220 1002 3281 ab
1018 3221 1075 3282 boc
1090 3229 1120 3282 et
1140 3220 1177 3283 ab
1198 3221 1253 3282 bac
1274 3220 1380 3299 opillce
1402 3219 1435 3278 bi
1457 3226 1488 3278 et
1509 3218 1563 3278 bae

280 3306 401 3383 opifices
428 3305 534 3366 horum
563 3312 592 3365 et
620 3304 724 3365 harum
752 3304 890 3385 opificum
916 3305 966 3365 bis
990 3306 1149 3386 opillcibns
1180 3306 1234 3367 bos
1260 3312 1290 3366 et
1316 3305 1370 3364 bas
1397 3304 1520 3383 opifices
1545 3322 1563 3361 o

279 3390 406 3468 opillces
429 3388 466 3449 ab
494 3389 542 3450 bis
569 3389 736 3471 opificibus.
781 3390 817 3451 ad
850 3390 927 3452 hanc
953 3390 1080 3451 iormam
1113 3390 1277 3452 declinabis
1309 3389 1416 3450 artilex
1449 3388 1563 3449 anrilex

279 3473 368 3535 iudex
391 3476 524 3535 carnifex
546 3475 635 3536 index
657 3474 764 3537 vindex
787 3494 899 3555 auspex
920 3475 1068 3555 haruspex
1090 3477 1219 3553 signilex
1240 3484 1270 3535 et
1291 3475 1359 3535 alia.
1389 3476 1451 3533 exit
1468 3488 1596 3551 genuen
1713 3493 1714 3536 1

279 3577 433 3620 commune
454 3562 486 3620 in
509 3578 576 3640 eps,
599 3566 633 3621 nt
654 3562 810 3641 princeps:
834 3560 1001 3621 declinatur
1015 3564 1073 3630 sic,
1096 3560 1145 3620 bic
1166 3570 1195 3622 et
1216 3560 1290 3621 baec
1312 3561 1453 3639 princeps
1473 3557 1561 3616 bruris

279 3646 426 3724 principis
447 3645 516 3706 huic
538 3647 668 3725 principi
690 3645 769 3705 bunc
791 3654 821 3706 et
843 3645 919 3706 banc
940 3647 1108 3725 principem
1129 3664 1148 3705 o
1173 3649 1315 3724 princeps
1335 3642 1373 3702 ab
1394 3642 1451 3701 hoc
1473 3650 1504 3701 et
1524 3640 1560 3701 ab

279 3730 333 3790 bac
354 3731 490 3809 principe
514 3727 518 3809 l
549 3730 581 3790 hi
603 3738 632 3791 et
654 3730 708 3791 bae
732 3732 885 3810 principes
910 3731 1016 3791 borum
1038 3738 1068 3791 et
1089 3731 1194 3790 barum
1216 3730 1389 3809 principum
1409 3726 1458 3787 bis
1478 3728 1560 3807 prin·

279 3813 398 3893 cipibus
420 3815 477 3876 bos
499 3814 603 3876 ethes
624 3817 778 3895 principes
799 3835 817 3876 o
839 3818 992 3895 principes
1013 3815 1061 3875 nis
1082 3814 1280 3895 principibus.
1310 3816 1355 3873 sic
1376 3812 1561 3873 declinantur

278 3918 417 3980 manceps
442 3902 593 3980 particeps
620 3903 784 3981 municeps.
815 3919 924 3981 anceps
951 3908 1050 3961 autem
1077 3908 1108 3961 et
1129 3899 1232 3979 biceps
1253 3908 1284 3960 et
1304 3900 1418 3977 triceps
1439 3905 1470 3958 et
1489 3912 1594 3977 qua-o

277 3985 397 4063 driceps
419 3985 575 4065 multiceps
598 4003 754 4065 praeceps,
778 3985 851 4046 haec
874 4004 925 4046 sex
940 3988 1059 4047 nomina
1073 3986 1244 4063 genetivum
1259 3982 1438 4062 singularem
1458 3988 1559 4042 contra

277 4070 410 4147 regulam
438 4072 624 4149 superiorem
652 4072 682 4130 in
711 4072 750 4131 tis
777 4069 918 4150 syllabam
940 4072 1075 4140 mittunt,
1105 4088 1164 4130 non
1185 4072 1217 4129 in
1240 4072 1302 4149 pis,
1325 4076 1357 4127 nt
1379 4086 1488 4147 anceps
1509 4086 1559 4126 an·

276 4157 392 4236 cipitia,
416 4153 519 4235 biceps
542 4154 684 4234 bicipitis,
708 4156 822 4236 triceps
843 4157 995 4235 tricipitis,
1018 4155 1196 4235 quadriceps
1218 4154 1437 4234 quadrieipitis,
1460 4152 1558 4213 multi·

344 4392 449 4445 lellus
464 4394 491 4445 F
556 4392 627 4459 gluto
646 4406 663 4449 ς
732 4391 750 4443 ll
772 4392 914 4443 declinatur
929 4392 955 4443 F
975 4392 1113 4445 declinabis
1130 4392 1226 4443 almllia
1243 4401 1304 4449 ιιις
1375 4389 1409 4443 10
1426 4391 1483 4441 licet
1498 4390 1558 4440 bns·

277 4462 355 4529 pitens
371 4464 395 4513 F
462 4458 574 4530 hospita]
604 4464 684 4527 Verp.
704 4461 769 4517 Aac.
789 4462 823 4513 lll
840 4460 892 4514 539
909 4461 1013 4526 ballum,
1030 4478 1045 4512 o
1063 4471 1131 4514 terra
1148 4462 1250 4528 hospita
1268 4469 1355 4528 portas
1425 4461 1498 4512 miles
1515 4458 1557 4509 uel

277 4530 351 4586 lieres
371 4534 396 4585 ld
415 4541 453 4583 est
472 4534 536 4583 lenis
553 4542 665 4583 ermatcr
682 4532 780 4582 smilies
792 4532 818 4581 F
877 4532 906 4582 ll
933 4547 1040 4597 praepes
1064 4531 1091 4582 id
1109 4540 1149 4582 est
1170 4532 1316 4583 lideiinssor
1332 4543 1358 4581 et
1375 4539 1458 4583 caten
1475 4531 1504 4585 F.
1525 4545 1558 4579 eo

276 4604 397 4667 quassos
409 4606 463 4657 loco
474 4605 565 4655 eruisse
582 4610 641 4653 sne!
656 4604 681 4651 irs
699 4602 725 4651 F
735 4601 824 4653 addda
840 4610 898 4651 arms
910 4602 1016 4665 infrap.
1030 4600 1122 4661 b03‚8
1169 4603 1202 4653 ts
1215 4600 1317 4669 Cseres]
1334 4602 1410 4651 lieres
1427 4601 1558 4651 Pomm

344 4672 378 4724 13
395 4687 475 4738 nepos
494 4674 536 4737 qul
552 4681 591 4725 est
609 4671 777 4738 patrimonica
794 4682 960 4737 consumptor
976 4673 1029 4721 exit
1046 4686 1093 4737 per
1111 4672 1159 4721 hus
1178 4673 1204 4722 F
1286 4674 1321 4722 26
1338 4672 1379 4721 bia
1397 4671 1476 4722 subus
1493 4684 1556 4733 qno·

278 4742 353 4791 modo
372 4750 396 4792 et
414 4742 519 4793 aubibus
538 4742 564 4791 F
577 4742 617 4793 his
633 4741 757 4797 suibuss
826 4742 858 4790 ab
876 4740 917 4790 lris
935 4742 1055 4797 snibnss
1124 4740 1159 4793 30
1176 4741 1335 4791 declinantur
1350 4750 1379 4789 ut
1398 4756 1456 4791 scer
1474 4741 1498 4789 F
1510 4741 1556 4789 de-

276 4812 400 4860 clinentur
418 4820 442 4862 et
459 4810 510 4862 alia
529 4821 661 4870 uterere
730 4810 764 4862 35
788 4808 928 4876 lrarnspex]
952 4826 1082 4877 auruspex
1097 4811 1123 4860 F
1188 4810 1302 4877 signifex
1320 4810 1389 4875 qnod
1406 4814 1480 4877 signs
1496 4808 1556 4859 lacit

276 4890 300 4930 et
317 4881 366 4929 alia
381 4881 405 4929 F
469 4880 503 4931 38
521 4882 672 4946 principium
691 4896 760 4933 cors.
780 4880 922 4945 principum
940 4880 966 4929 F
