3525 5600
748 393 819 455 nus
1367 390 1430 476 aaa

1235 512 1257 553 p.
1271 501 1329 540 2023.
1342 501 1369 539 24
1382 499 1405 540 Ρ.

153 589 177 640 et
197 579 385 660 superlativo,
410 581 509 640 minus
531 589 560 638 et
583 580 704 638 minime
728 596 783 656 pro
799 579 995 667 diminutione
1015 587 1176 658 pornrutur.
1206 580 1333 639 dicimus
1351 580 1431 639 enim

154 689 204 741 tam
234 659 329 740 bonus
361 678 449 759 [adeo
473 678 603 758 bonus]‚
636 681 731 756 magis
764 679 874 750 bonus,
905 682 1031 741 maxime
1060 680 1171 748 bonus,
1200 683 1299 742 miuus
1325 679 1430 749 bonus,

152 784 262 842 minime
291 781 397 842 bonus
442 782 586 861 quaedam
609 783 800 843 inveniuntur
822 783 942 842 nomina
964 801 1040 861 quae
1062 782 1278 858 significatione
1301 782 1431 842 diminu-

152 886 201 942 tira
228 889 309 951 sunt,
341 883 494 943 intellectu
528 884 730 961 conparatira.
767 892 798 942 ιιι
829 883 1058 960 grandiusculus
1090 883 1280 944 maiusctdus.
1323 883 1430 942 horum

132 987 222 1044 renim
244 985 353 1062 positio
376 987 472 1064 prima
496 1003 553 1044 non
578 984 744 1046 absolutum
768 1003 873 1046 nomeu
898 993 957 1045 ost:
983 1003 1049 1044 nam
1071 985 1214 1062 grandior
1235 985 1430 1062 grandiuscu-

150 1086 188 1144 lus
204 1085 294 1160 facit,
317 1089 417 1146 maior
436 1087 627 1147 maiuscnlus.

224 1187 340 1248 Genera
362 1190 532 1256 nominum,
556 1206 631 1266 quae
655 1187 800 1248 naturalia
824 1195 907 1256 sunt,
931 1188 991 1248 duo
1014 1195 1097 1256 sunt,
1120 1195 1153 1248 ut
1175 1189 1297 1267 quidam
1319 1187 1427 1255 volunt,

150 1288 334 1348 masculinum
356 1295 386 1348 et
408 1291 599 1358 tourininum,
630 1291 769 1368 quoniam
798 1309 885 1349 omne
913 1290 1028 1349 scilicet
1049 1289 1158 1349 animal
1180 1297 1285 1349 natura
1309 1308 1429 1349 necesse

150 1398 187 1448 est
212 1408 275 1448 esse
304 1397 355 1450 aut
383 1389 578 1450 rrrasculiuum
608 1397 658 1449 aut
687 1393 875 1451 lenrininum.
921 1392 999 1450 dicta
1022 1398 1120 1450 autom
1147 1390 1220 1450 haec
1243 1391 1370 1450 suntab
1393 1410 1429 1450 eo

123 1507 258 1567 regenero,
282 1491 360 1569 quod
383 1509 528 1568 generare
551 1499 683 1569 possunt.
729 1493 858 1571 denique
881 1495 907 1552 si
929 1491 1116 1571 simplicibus
1138 1500 1168 1550 et
1190 1494 1270 1551 veris
1291 1499 1322 1552 et
1344 1498 1428 1552 natu·

152 1591 252 1652 ratibus
279 1592 451 1652 nominihus
480 1599 611 1661 utamur,
642 1592 774 1652 naturale
802 1596 932 1672 primum
966 1592 1162 1653 masctdinum
1193 1611 1287 1670 genus
1320 1612 1427 1661 mares,

151 1695 314 1754 femininum
342 1695 469 1754 seminas
496 1692 720 1772 appellabimus
765 1695 816 1754 sed
845 1691 993 1776 quolniam
1025 1692 1107 1773 [curu
1130 1694 1263 1754 dicamus
1285 1695 1357 1754 Cato
1379 1701 1430 1754 aut

151 1794 261 1864 Marcia,
292 1797 412 1856 nomina
443 1795 594 1856 hominum
624 1796 751 1856 dicimus
778 1815 854 1874 quae
882 1794 967 1876 quia]
992 1795 1105 1856 nullum
1126 1814 1235 1856 nomen
1258 1799 1357 1874 ipsum
1379 1803 1430 1856 aut

151 1914 204 1956 mas
229 1905 272 1958 est
298 1904 349 1957 aut
377 1899 503 1984 senuna,
539 1899 642 1973 generi
666 1904 764 1957 tamon
792 1897 941 1966 subiacet,
974 1900 1044 1977 qnia
1077 1899 1213 1976 corporis
1237 1915 1345 1957 nomeu
1374 1906 1429 1964 est,

122 2005 221 2058 orecte
246 1999 442 2060 masculinum
470 2017 564 2076 genus
592 2005 642 2058 aut
671 1999 861 2068 ternimoum,
897 2018 956 2059 non
986 2017 1050 2060 mas
1077 2005 1128 2060 aut
1153 2000 1263 2058 lemina
1291 1999 1428 2058 dicimus.

152 2103 298 2162 nonenim
322 2104 443 2162 nomina
465 2108 623 2178 generant,
653 2100 704 2183 sed
728 2119 871 2179 corpora,
901 2119 1028 2179 quorum
1051 2101 1100 2160 illa
1122 2108 1193 2161 suut
1214 2102 1344 2160 nomina.
1389 2100 1429 2159 ita

152 2220 202 2260 uon
227 2221 333 2262 nomen
362 2221 426 2264 mas
454 2210 505 2264 aut
532 2205 641 2262 lomina
671 2209 730 2272 est,
760 2203 811 2262 sed
842 2203 928 2262 lromo
957 2210 1008 2262 aut
1035 2202 1158 2270 animal,
1182 2204 1268 2263 cuius
1289 2201 1361 2262 illud
1384 2207 1430 2260 est

152 2321 255 2363 nomen.
299 2305 378 2383 quod
406 2323 473 2364 cunr
501 2307 542 2363 ita
570 2305 622 2372 sit,
653 2311 786 2364 remanet
813 2311 845 2362 ιιι
874 2307 905 2364 in
938 2304 994 2364 lrac
1021 2303 1072 2362 tali
1107 2304 1236 2364 dictione
1264 2306 1428 2372 anulinum,

151 2405 218 2482 quod
241 2404 401 2466 masculina
423 2409 633 2485 potiusquam
657 2424 767 2474 mares,
791 2405 936 2465 feminina
958 2423 1046 2483 quam
1069 2405 1196 2466 laminas
1217 2405 1352 2473 dicimus,
1377 2422 1428 2464 na·

121 2507 234 2566 nturale
260 2510 382 2584 generis
409 2527 517 2568 nomen
544 2507 680 2566 videatur
708 2508 859 2567 omissum.
910 2514 1000 2565 erunt
1029 2513 1127 2566 tamen
1160 2507 1336 2585 principalia
1373 2504 1429 2564 sub

152 2607 229 2667 huius
258 2609 337 2668 modi
368 2609 539 2670 nominibus
566 2627 687 2685 genera.
731 2627 806 2688 quae
835 2610 976 2686 quoniam
1005 2608 1046 2667 ita
1069 2606 1211 2686 appellari
1235 2614 1338 2686 coepta
1361 2614 1429 2666 sunt

151 2710 176 2768 in
198 2711 364 2771 nominihus
393 2712 601 2780 animantium,
630 2717 748 2770 extenta
776 2727 826 2768 res
854 2717 899 2769 est
926 2709 1156 2776 consuetudine,
1189 2714 1221 2768 ut
1243 2709 1333 2768 etiam
1356 2707 1428 2766 liaeo

151 2832 217 2891 qnae
238 2820 335 2875 essent
358 2831 481 2873 sexuum
504 2816 637 2892 expertia
668 2812 830 2873 masculino
852 2829 964 2888 genere
987 2818 1038 2872 aut
1059 2812 1204 2871 feminino
1226 2827 1336 2887 genere
1359 2827 1422 2868 cen·

151 2923 291 2983 serentur,
325 2921 359 2974 ut
392 2933 443 2975 aar
476 2922 580 2994 portus
609 2922 687 2974 terra
715 2916 830 2975 domus.
874 2931 947 2989 ergo
974 2913 1032 2972 duo
1059 2930 1170 2989 genera
1203 2910 1348 2972 naturalia
1376 2928 1428 2969 seu

119 3016 314 3095 aprincipalia
351 3024 434 3085 sunt,
473 3016 668 3077 masculinum
701 3022 732 3075 et
764 3016 952 3075 femininum.
1002 3015 1125 3073 tortium
1157 3031 1251 3090 genus
1278 3019 1324 3071 est
1350 3010 1430 3091 quod

149 3125 276 3179 neutrum
300 3124 419 3185 vocant,
449 3118 526 3195 quod
554 3120 624 3195 quia
653 3119 683 3177 in
711 3117 759 3177 his
786 3122 901 3177 tantum
931 3113 1021 3176 rebus
1043 3115 1166 3183 dieitur,
1190 3131 1265 3193 quae
1288 3112 1431 3173 animales

148 3238 200 3279 uon
221 3228 301 3291 sunt,
331 3218 472 3280 artificale
501 3219 621 3298 quidam
644 3225 758 3297 putant.
804 3236 862 3277 non
886 3219 965 3277 enirn
987 3216 1058 3284 hoc,
1087 3216 1241 3294 inquiunt,
1264 3213 1356 3273 habet
1377 3232 1429 3273 aa·

149 3330 220 3391 tura,
249 3322 298 3382 sed
327 3322 409 3381 venit
436 3340 472 3380 er
500 3328 573 3379 arte.
619 3320 668 3381 alii
697 3338 767 3379 vero
795 3325 825 3377 et
854 3318 910 3378 lroc
932 3316 1067 3377 naturale
1096 3334 1190 3393 genus
1212 3322 1294 3375 recte
1314 3322 1428 3394 putant.

146 3423 218 3501 quod
251 3426 331 3483 enim
364 3428 469 3483 natura
502 3422 697 3482 masculinum
729 3422 860 3499 itemque
893 3420 1071 3479 femininum
1098 3436 1157 3477 non
1186 3420 1240 3485 sit,
1269 3416 1300 3476 id
1328 3418 1431 3476 dicunt

115 3531 277 3585 3ιιιιιιιιιιιιι
308 3543 374 3585 esse
408 3532 524 3585 natura.
570 3526 610 3583 ita
644 3541 714 3600 ergo
749 3524 806 3581 tria
834 3538 944 3597 genera
973 3523 1103 3599 primum
1131 3526 1237 3579 natura
1265 3520 1428 3578 constituit.

146 3626 214 3685 hanc
237 3632 337 3687 secuta
368 3644 430 3694 am,
460 3628 568 3704 partim
597 3626 706 3683 rationi
735 3622 823 3683 alicui
847 3624 995 3691 serviens,
1019 3639 1162 3698 generum
1185 3622 1249 3688 lore
1272 3637 1429 3679 numerum

146 3716 278 3797 retinuit,
313 3728 441 3787 naturali
472 3735 570 3787 minen
599 3745 700 3787 rerum
729 3725 909 3785 discretione
939 3722 1065 3784 sublata.
1109 3742 1177 3783 uam
1205 3721 1347 3801 quicquid
1375 3738 1430 3799 per

207 3947 302 3997 2ndeo
317 3948 399 3997 bonus
417 3962 463 3997 ora.
477 3944 536 3997 BL
606 3948 622 3997 5
641 3960 690 3995 uon
710 3945 825 3995 absoluto
842 3945 943 3993 nomine
962 3952 1001 3994 est
1018 3943 1083 3993 ΒΜ
1088 3942 1113 3991 L
1164 3940 1260 3991 dineit
1276 3941 1357 3990 maior
1375 3956 1430 3990 ma·

146 4016 252 4065 insenius
276 4032 322 4066 orn.
342 4016 405 4068 ΒΜ
412 4018 435 4065 L
507 4018 521 4067 7
546 4012 654 4082 Genera]
684 4017 810 4065 Varronis
834 4015 975 4064 doctrinam
997 4013 1029 4063 de
1051 4012 1198 4077 peronibus,
1222 4026 1294 4075 qnam
1315 4011 1430 4075 sequeitur

147 4084 300 4144 denentiae,
324 4088 474 4137 rettulerant
490 4086 646 4149 interpreter
663 4087 766 4146 dienati,
790 4082 894 4133 Seruius
912 4098 942 4145 p.
963 4081 1031 4140 107,
1050 4081 1093 4135 39,
1113 4081 1173 4141 492,
1189 4080 1231 4140 37,
1250 4080 1385 4142 Pompeiae
1399 4097 1448 4144 p.-

146 4152 199 4213 159,
213 4154 256 4217 23,
276 4155 393 4206 Iulianae
408 4170 437 4217 p.
456 4154 517 4217 318,
539 4156 582 4205 17:
601 4156 636 4216 es.
662 4156 802 4205 Wilrnanne
819 4154 851 4203 de
872 4155 954 4206 Varr.
971 4151 1030 4201 libr.
1048 4166 1152 4216 marum.
1170 4167 1198 4214 p.
1215 4148 1250 4199 32
1301 4148 1319 4198 8
1340 4157 1430 4198 natura

144 4224 232 4273 ornM
300 4224 451 4287 ‘idiotaque
466 4224 527 4273 haee
545 4223 601 4273 BL
675 4223 706 4273 10
725 4224 794 4271 ueris
812 4222 969 4271 naturalibus
989 4221 1132 4270 nominibus
1150 4227 1250 4267 utamur
1269 4218 1303 4266 M
1318 4219 1387 4267 ueris
1405 4226 1430 4267 et

145 4294 296 4346 naturalibus
315 4303 415 4343 omniur
429 4294 483 4342 BL
555 4294 586 4343 12
602 4290 720 4356 lominus]
740 4291 875 4341 femininae
898 4292 919 4340 L
992 4288 1023 4340 13
1043 4304 1107 4353 qnae
1128 4286 1197 4353 quia]
1217 4287 1285 4349 qued
1302 4287 1335 4336 M
1349 4301 1429 4351 qnan-

145 4376 212 4422 qmm
231 4362 374 4415 hamran.
394 4378 428 4413 ea
447 4362 606 4413 adnotatione
617 4362 815 4426 interpolatoris,
829 4360 1150 4425 quiexemptisadacriptie
1166 4358 1330 4419 definitionem
1344 4372 1429 4421 pram·

144 4435 219 4481 manci
233 4436 425 4499 explicaverat,
446 4430 522 4481 verda
542 4434 633 4481 relicto
652 4445 707 4481 esee
725 4431 839 4483 uidentur
909 4430 993 4493 ipsum
1011 4428 1103 4493 (ipsud
1119 4424 1163 4488 M)
1181 4434 1224 4475 eut
1243 4424 1371 4474 masculus
1391 4433 1429 4473 eet

145 4498 229 4549 BML
302 4503 334 4552 11
353 4499 422 4568 qula]
445 4500 512 4565 quod
530 4502 561 4551 M
632 4500 662 4549 15
680 4514 729 4549 non
746 4498 873 4548 masculus
889 4507 932 4546 aut
949 4496 1044 4546 lomina
1058 4499 1081 4546 L
1100 4510 1150 4545 non
1169 4495 1309 4544 masculum
1328 4500 1371 4541 aut
1390 4492 1428 4542 le-

145 4569 231 4621 minam
249 4572 283 4621 M
355 4572 387 4622 17
407 4571 478 4619 masi
495 4578 538 4619 ιιιιι
557 4568 620 4619 lami
638 4579 676 4619 est
690 4569 721 4617 M
790 4564 1047 4637 reponuntor,
1117 4560 1238 4628 dictione]
1259 4563 1428 4613 declinatione

144 4638 194 4688 BL
262 4642 296 4693 21
318 4654 383 4705 quae
404 4641 523 4705 quonium
542 4655 598 4689 cnm
624 4640 701 4687 irad
770 4638 803 4687 22
822 4645 927 4686 extensa
945 4636 969 4683 J,
1037 4632 1071 4685 23
1091 4642 1176 4683 essent
1196 4648 1303 4683 sexuum
1322 4640 1429 4697 experta

146 4711 363 4779 Mtesstlsexum
384 4734 488 4791 experta
506 4726 531 4775 B
600 4726 634 4775 25
653 4732 691 4773 ost
704 4739 750 4775 ont.
769 4723 799 4772 M
807 4723 830 4770 h
882 4721 917 4773 26
934 4720 1003 4784 quod
1020 4718 1091 4784 quia]
1112 4718 1264 4783 quotlsz
1278 4718 1371 4787 qq3L

144 4796 174 4843 21
192 4796 266 4848 habet
280 4808 398 4848 naturam
422 4796 444 4845 l,
514 4793 549 4845 29
565 4808 639 4857 quam
660 4794 725 4842 enim
743 4801 858 4841 naturam
873 4791 897 4839 L
967 4790 1055 4839 dieunt
1072 4804 1118 4843 om.
1136 4790 1175 4839 L:
1195 4789 1221 4837 id
1238 4799 1355 4838 nerrtrum
1372 4802 1429 4836 esee

145 4874 225 4915 natura
243 4868 321 4917 debet
341 4866 374 4916 M
442 4864 473 4916 31
490 4860 565 4927 hanc]
589 4864 651 4913 lraec
671 4864 702 4913 M
768 4864 881 4926 [artatae
899 4861 989 4927 partim
1009 4859 1206 4923 consuetudini,
1225 4860 1318 4924 partim
1336 4858 1428 4907 rationi
