3525 5600
312 285 375 350 248
882 255 1034 347 runem

339 393 498 450 uara-mu.

314 475 418 538 bernus
440 476 528 536 eliam
550 475 606 536 ista
629 465 821 552 coniungere.
868 473 966 535 ‘venie
988 472 1070 535 illue'
1093 474 1329 543 benedicimus,
1352 472 1404 534 sed
1427 491 1488 534 nun
1510 473 1600 532 ‘venio

314 577 417 645 illae’;
439 579 510 638 illac
532 575 707 656 pericuum
731 582 783 636 est.
829 580 887 636 ‘eo
908 575 976 635 illo'
999 574 1076 638 bene
1098 575 1238 646 dicimus;
1267 575 1318 637 sed
1348 575 1415 636 vide
1438 592 1476 634 ne
1499 573 1601 653 produ·
1624 622 1627 624 ,

314 700 363 742 eas
387 677 519 740 ultimam
541 675 680 757 syllabam
705 685 734 736 ει
757 677 836 738 dicas
858 676 918 747 illd,
942 679 1011 758 quia
1025 676 1121 740 Latini
1143 680 1174 740 in
1196 677 1298 740 ultima
1318 675 1429 759 syllaba
1453 683 1603 737 accentum

315 801 373 844 non
395 780 515 841 lrabeat.
560 777 611 839 sed
640 797 687 842 ne,
706 779 782 840 lorte
806 780 902 849 dieas,
931 781 1040 860 ‘quare
1069 799 1141 860 ergo
1170 781 1295 844 dicimus
1316 779 1428 840 isldcl’
1462 777 1514 839 sed
1536 777 1601 838 illud

314 903 367 964 per
390 900 544 962 apocopen
567 881 703 944 dicimus.
728 881 732 963 Ι
757 883 885 943 maiores
907 882 986 943 enim
1009 885 1105 944 nostri
1126 881 1230 962 plenas
1245 881 1395 944 habebant
1409 880 1623 942 elocutiones25

314 987 356 1048 sic
380 991 422 1047 εει
444 985 520 1045 istuc
541 985 626 1064 quasi
647 986 741 1046 istuce
765 985 808 1045 sic
831 991 875 1044 εει
899 982 943 1044 iac
966 985 1050 1065 quasi
1072 968 1170 1046 laces

196 1105 255 1166 415,
269 1102 302 1153 15
399 1087 476 1148 Sunt
497 1084 635 1147 adverbia
658 1105 732 1167 quae
755 1085 843 1148 dubia
867 1094 948 1155 sunt,
979 1105 1067 1166 quem
1091 1087 1126 1147 ad
1151 1088 1271 1149 modum
1295 1089 1441 1154 dicamus,
1470 1088 1550 1146 intro
1570 1104 1603 1144 an

197 1176 407 1258 510’ῗθίιιιιιε
432 1189 512 1250 lunas
535 1206 572 1248 an
595 1187 676 1250 laris.
722 1188 774 1250 sed
797 1187 854 1248 lrcc
876 1185 1015 1257 interest,
1044 1189 1123 1268 quod
1150 1191 1230 1251 intus
1252 1199 1283 1251 ει
1305 1191 1375 1251 loris
1398 1189 1472 1250 duas
1500 1187 1606 1249 habent

314 1291 557 1370 significationes,
591 1292 670 1351 intro
700 1297 729 1352 et
756 1289 834 1352 iuras
863 1309 951 1352 uuam
985 1289 1097 1351 liabent
1129 1293 1384 1371 significationem.
1432 1297 1505 1371 pula
1533 1291 1604 1350 intrn

315 1395 402 1462 iuras,
426 1390 463 1453 ad
486 1391 582 1453 locum
607 1399 653 1452 εει
675 1399 842 1472 uirumque,
866 1401 937 1472 pinta
960 1394 1058 1454 ‘intro
1080 1393 1182 1465 vadc'‚
1210 1395 1282 1455 item
1305 1394 1401 1455 ‘lotas
1423 1392 1527 1454 vadc'.
1559 1391 1636 1452 sedn

315 1513 438 1556 raccesse
459 1492 551 1554 habet
572 1499 731 1570 utrumque
755 1511 844 1554 unam
860 1495 1108 1571 significationem
1133 1495 1244 1558 habere
1267 1494 1364 1576 [intus
1386 1513 1459 1574 erge
1487 1502 1519 1556 ει
1541 1495 1606 1555 loris

302 1597 462 1676 'geminam
491 1594 602 1657 habent
629 1595 889 1673 significationem,
922 1597 953 1657 iu
983 1596 1048 1658 lucu
1076 1600 1171 1666 inlus,
1205 1599 1278 1659 loris
1306 1606 1364 1666 est;
1400 1607 1429 1659 et
1455 1596 1495 1657 de
1522 1593 1606 1675 lceul.
1707 1642 1709 1711 ἱ

317 1707 387 1780 puta
411 1703 489 1776 ‘quo
513 1697 630 1759 vadisl’
654 1697 810 1760 autorum
835 1706 889 1760 est.
935 1716 1006 1776 ergn
1030 1700 1107 1778 ‘quc
1129 1699 1227 1760 vadis?
1254 1701 1332 1761 iuras
1355 1699 1446 1760 vado’
1468 1699 1549 1760 hene
1569 1697 1607 1757 di·

317 1803 425 1869 cimus,
454 1801 593 1880 quoniam
621 1799 658 1860 ad
685 1800 781 1860 locum
812 1809 857 1862 εει
884 1809 1053 1881 utrumqne.
1098 1805 1177 1863 intus
1206 1820 1276 1863 vero
1306 1809 1335 1862 et
1362 1803 1436 1862 loris
1461 1802 1607 1879 geminam

317 1902 426 1964 liabent
447 1901 700 1979 significationem,
725 1901 761 1961 de
784 1901 850 1962 locu
873 1909 903 1962 ει
924 1902 954 1963 in
978 1901 1053 1964 lucu.
1085 1905 1116 1964 in
1137 1903 1204 1964 lucc
1227 1922 1286 1983 quo
1302 1902 1408 1964 modu?
1430 1905 1513 1964 intus
1535 1921 1606 1970 sum,
1619 1915 1638 1953 ιι

316 2005 388 2066 loris
411 2022 487 2065 sum.
533 2002 571 2064 de
593 2002 658 2064 locu
680 2022 738 2082 qun
762 2001 850 2064 moda
874 2009 938 2064 εειι
960 2007 1038 2066 inuis
1060 2024 1143 2074 exeo,
1167 2007 1239 2066 luris
1261 2006 1357 2066 venio.
1403 2004 1465 2066 nuli
1486 2007 1609 2082 iungere

319 2106 564 2187 rnuepcsitiones.
609 2123 669 2166 non
702 2106 780 2166 eninr
802 2123 935 2184 &possum
963 2105 1064 2167 dicere
1092 2107 1129 2168 de
1157 2109 1247 2168 intus.
1298 2106 1382 2168 mulli
1417 2108 1497 2167 enim
1534 2107 1610 2183 quasi
1707 2180 1708 2187 ἵ

318 2228 406 2270 causa
429 2208 595 2269 communis
618 2204 794 2268 elocutionis
816 2209 855 2268 itu
879 2206 1027 2278 locuntur,
1050 2207 1103 2268 ‘de
1126 2211 1206 2270 inlus
1229 2211 1342 2279 venio’,
1367 2217 1397 2269 ει
1419 2207 1531 2277 dicunt,
1547 2206 1611 2268 iden
1707 2192 1709 2263 l

320 2310 408 2372 debet
436 2310 472 2370 de
500 2311 596 2388 iungi,
626 2315 659 2370 ul
686 2310 830 2387 significet
858 2309 896 2369 de
923 2309 999 2370 locu.
1044 2310 1096 2371 sed
1125 2310 1192 2372 ideo
1220 2321 1252 2372 tu
1281 2310 1342 2372 noli
1370 2313 1509 2389 iungere:
1549 2327 1610 2370 nam

319 2410 439 2474 stultum
463 2419 516 2472 est.
549 2411 619 2489 quid
644 2413 722 2474 enim
745 2430 821 2491 opius
843 2419 888 2472 est
910 2419 943 2472 ut
965 2413 1002 2473 de
1024 2415 1137 2491 iungas,
1161 2421 1194 2473 nt
1215 2415 1363 2492 siguiilces
1385 2414 1422 2474 de
1438 2412 1523 2473 locui
1547 2413 1643 2491 quien
1707 2424 1709 2491 ι

321 2515 406 2576 venie
430 2531 489 2575 non
513 2523 558 2574 est
586 2514 616 2574 in
638 2512 720 2584 lucu,
755 2513 812 2575 lruc
840 2516 937 2594 ipsum
967 2517 1052 2576 venie
1081 2516 1228 2594 significat
1249 2515 1300 2576 tibi
1324 2517 1464 2596 quoniam
1487 2523 1613 2575 nonest

320 2621 349 2678 in
374 2615 449 2689 lucc,
475 2615 527 2676 sed
550 2615 587 2676 de
610 2615 684 2677 locu.
732 2633 803 2692 ergo
825 2617 904 2676 scire
926 2616 1019 2677 debes
1041 2617 1179 2694 (ruteniam
1203 2619 1258 2678 isla
1280 2618 1344 2696 ipsa
1368 2616 1518 2686 adverbia,
1541 2634 1612 2696 quae

321 2720 366 2780 sui
392 2715 396 2801 l
421 2725 525 2779 natura
550 2716 657 2796 aliquid
687 2737 748 2779 non
778 2718 940 2798 explicant,
976 2717 1046 2796 quid
1076 2719 1255 2796 significent,
1290 2737 1345 2798 per
1372 2721 1612 2780 coniunctionem

322 2822 479 2883 verborum
508 2820 615 2901 aliquid
647 2821 828 2901 explicantur
856 2820 1014 2902 explicant⁴
1060 2838 1131 2899 ergo
1159 2822 1276 2902 qnando
1305 2822 1373 2883 dicu
1396 2824 1493 2883 ‘intus
1521 2825 1612 2887 sum’‚

322 2942 386 2985 sum
409 2921 557 3001 intellege.
591 2923 662 3003 quid
685 2931 730 2985 εει
752 2925 837 2985 sum?
860 2924 1061 3003 permanentis
1084 2931 1136 2984 εει
1169 2944 1242 3003 ergo
1264 2935 1295 2983 ει
1316 2926 1395 2985 intus
1414 2924 1645 3002 permanentisn
1707 2985 1708 2998 χ

324 3036 377 3087 εει.
423 3028 520 3087 ‘intus
544 3028 662 3087 venic’:
686 3027 766 3099 intus
789 3026 889 3086 nescio
912 3027 997 3087 cuius
1018 3027 1056 3085 sit
1077 3025 1308 3103 significationis.
1356 3028 1440 3087 venie
1462 3025 1548 3086 cuius
1574 3032 1616 3083 cst
1707 3005 1709 3068 l

324 3128 565 3207 significationis?
593 3126 630 3189 de
653 3128 727 3189 loco.
774 3146 845 3206 ergo
869 3129 1000 3189 elintus
1022 3126 1147 3188 deloco
1171 3137 1224 3189 cst.
1269 3130 1348 3189 intro
1377 3137 1406 3189 ει
1432 3128 1513 3188 lorus
1533 3125 1614 3187 indn-
1707 3117 1709 3212 l

325 3228 485 3291 lailabiliter
508 3230 544 3289 ud
567 3229 664 3290 locum
687 3230 862 3308 significant,
887 3237 920 3289 ul
942 3231 1038 3290 ‘inlrc
1062 3229 1161 3297 vado’.
1186 3230 1283 3291 ‘iuras
1305 3229 1400 3290 vadc‘.
1445 3230 1526 3290 iulus
1548 3246 1614 3287 seru

282 3362 291 3387 ι
325 3339 355 3391 ει
377 3332 449 3391 loris
472 3348 531 3392 nou
553 3330 718 3411 significant
747 3332 782 3393 ad
806 3330 918 3401 lucum,
943 3331 995 3392 sed
1018 3332 1184 3410 significant
1205 3332 1279 3393 duas
1302 3350 1365 3400 res,
1389 3334 1419 3393 in
1441 3331 1508 3392 loco
1531 3336 1562 3391 ει
1581 3327 1615 3389 dr
1707 3323 1708 3412 l

324 3433 398 3495 loco:
444 3432 561 3513 quando
583 3441 683 3495 aretem
705 3435 870 3513 significent
892 3436 923 3495 in
947 3433 1021 3503 lncn,
1046 3432 1164 3515 quando
1186 3434 1223 3495 de
1245 3433 1319 3505 inco,
1344 3432 1405 3495 nuli
1427 3432 1465 3493 de
1486 3432 1559 3512 ipsis
1573 3433 1614 3491 in·
1627 3442 1647 3479 ³⁰
1707 3417 1709 3548 l

325 3534 466 3613 tellegere
487 3533 635 3628 lambigua
660 3536 736 3597 enirn
759 3544 828 3597 sunt
850 3546 879 3598 ει
900 3538 1035 3617 incerta).
1059 3538 1110 3598 sed
1134 3535 1241 3614 collige
1263 3534 1300 3596 de
1324 3535 1422 3598 verbis
1442 3534 1617 3595 coniunctis.
1707 3553 1708 3622 r

326 3635 415 3698 verba
439 3638 516 3696 enim
540 3639 697 3699 coniuncta
721 3657 842 3701 necesse
864 3638 975 3699 habent
996 3647 1099 3719 aperta
1121 3640 1221 3700 lacere
1243 3638 1391 3699 adverbia.
1430 3629 1508 3714 'ergo
1528 3634 1616 3695 nando

325 3742 419 3808 inlus,
443 3739 467 3801 si
489 3738 519 3798 in
542 3738 609 3799 lucc
633 3747 690 3806 est.
715 3739 760 3800 vel
783 3740 868 3811 loric,
893 3742 918 3801 si
940 3742 971 3802 in
993 3740 1059 3803 leco
1083 3748 1137 3811 εει,
1162 3742 1274 3808 nescis3
1298 3742 1321 3799 si
1343 3738 1434 3801 verba
1457 3738 1616 3799 coniunxe·
1707 3743 1708 3816 J

326 3845 376 3911 ris,
401 3843 459 3902 ianr
482 3838 639 3919 intellegis,
662 3841 757 3921 qualia
781 3850 859 3912 sunl,
882 3849 982 3903 utrum
1004 3844 1034 3903 iu
1058 3843 1133 3913 laco,
1157 3860 1194 3903 un
1217 3841 1254 3901 de
1276 3838 1350 3902 lucc.
1381 3841 1407 3900 si
1422 3839 1531 3901 dixeris
1545 3856 1616 3898 exen
1707 3825 1708 3840 ¹

326 3947 421 4014 venio,
444 3942 658 4020 intelleguntur
680 3941 718 4003 de
742 3940 807 4003 loco
831 3961 906 4004 esse.
951 3946 974 4005 si
998 3944 1110 4005 dixeris
1131 3944 1237 4005 sedere
1260 3961 1325 4003 esse
1348 3943 1495 4009 dormire,
1518 3941 1649 4001 omniun

326 4051 382 4109 ista
405 4049 434 4109 in
458 4046 525 4107 loco
548 4044 721 4123 significant.
769 4045 859 4106 ‘loris
882 4046 995 4115 venic’‚
1025 4046 1117 4107 ‘luris
1139 4048 1244 4107 exen’:
1276 4046 1327 4124 qui
1350 4044 1422 4105 dicit
1443 4044 1541 4112 renic,
1567 4044 1615 4119 qui

327 4150 399 4211 dicit
421 4168 504 4218 exeo,
528 4166 587 4208 non
610 4147 754 4225 signillcat
776 4148 808 4206 in
830 4145 905 4216 loco,
928 4146 980 4208 sed
1003 4146 1040 4207 de
1062 4138 1138 4208 ldco.
1182 4166 1241 4209 ncn
1264 4155 1365 4209 tamen
1387 4145 1530 4227 dehemus
1549 4145 1615 4204 iun·
1707 4215 1708 4230 ἦ

327 4271 398 4332 gere
420 4251 665 4331 praepositiones,
698 4266 764 4309 narn
788 4248 812 4309 si
836 4247 965 4309 volueris
987 4250 1112 4327 iungere
1134 4251 1364 4331 (temptaverunt
1386 4250 1465 4309 enirn
1487 4247 1616 4329 plerique

328 4355 371 4415 sic
393 4353 494 4433 loqui),
518 4368 591 4429 cogo
614 4359 643 4413 te
667 4350 789 4429 iungere
813 4370 878 4412 enm
901 4352 1026 4412 liscum
1050 4350 1158 4429 quibus
1181 4370 1240 4412 nun
1265 4352 1316 4411 vis.
1362 4350 1436 4411 dicis
1457 4350 1544 4419 mihi,
1566 4349 1615 4408 dc·
1707 4423 1708 4444 Χ

381 4508 520 4516 .-.-.......--..
534 4508 632 4515 ...ψ-...α

401 4576 414 4626 1
435 4575 499 4626 bene
519 4576 628 4627 dicimus
650 4590 698 4627 non
718 4576 764 4625 sed
785 4574 859 4623 neeric
882 4572 942 4621 illuc
962 4590 1007 4641 per
1026 4575 1107 4624 locum
1126 4574 1207 4625 ABG
1276 4578 1293 4625 4
1316 4575 1381 4624 istuc
1401 4574 1454 4624 ΑΟ
1473 4575 1535 4623 istac
1551 4587 1615 4622 corr.

331 4646 434 4695 israela
489 4645 652 4697 anunente
702 4642 970 4697 delectamenta
1023 4646 1060 4694 sic
1081 4654 1119 4694 εει
1134 4645 1175 4694 luc
1191 4644 1263 4696 Bca
1281 4644 1319 4693 alc
1337 4653 1361 4693 el
1378 4642 1458 4693 lacA
1514 4642 1545 4695 18
1560 4642 1617 4693 aerii

332 4714 403 4765 ABG
449 4715 709 4779 adquieueniool
728 4712 874 4779 quiunenil
893 4712 950 4762 ΑΒ
1001 4716 1033 4765 al
1053 4716 1139 4780 ipsum
1155 4716 1229 4764 uenio
1248 4714 1287 4765 Cb
1303 4715 1386 4781 ipsum
1400 4713 1470 4764 uenit
1484 4713 1539 4764 AB
1584 4711 1616 4761 23

332 4792 419 4833 namen
435 4786 529 4848 aliquid
546 4788 618 4838 nea
635 4786 742 4837 naturali
760 4784 820 4850 quid
837 4782 861 4833 A
914 4786 946 4835 ἳι
965 4784 1121 4852 explicenter
1132 4801 1178 4837 om.
1195 4786 1215 4834 0
1265 4784 1299 4835 37
1318 4799 1368 4834 nan
1385 4783 1530 4852 significant
1542 4781 1618 4832 ABG
