3525 5600
339 378 403 442 290
908 378 1062 440 POMPEI!

365 502 387 542 p.
400 489 490 528 eae-ec
504 487 526 528 ε.

339 567 461 630 latinum
486 577 545 639 est,
570 585 606 628 an
631 568 708 628 εεει
744 568 798 626 ista
827 567 942 645 singula
971 566 1061 628 latina
1084 575 1162 628 εεει.
1207 584 1299 644 quare
1330 583 1402 645 ergo
1423 568 1522 629 vitiosa
1540 573 1614 631 sunt?

340 671 480 748 quoniam
509 687 569 730 non
596 670 758 748 respiciunt
786 668 983 730 elocutionem
1011 671 1231 748 interrogantis.
1281 671 1307 730 si
1334 687 1407 748 ergo
1433 671 1530 731 vitiosa
1555 681 1615 732 sunt

338 770 414 846 ideo,
439 772 579 851 quoniam
603 789 662 832 non
685 764 848 851 respicient
871 770 1069 832 elocutionem
1090 773 1311 850 interrogantis,
1338 774 1397 834 iam
1419 772 1558 850 iungenda
1578 783 1615 835 est

260 865 263 871 ’
338 873 392 934 ista
414 891 464 934 res
487 881 516 933 et
538 872 587 934 illa
610 891 667 942 res,
693 881 725 933 ut
747 874 849 933 vitium
873 872 1018 935 ostendat
1057 875 1083 934 si
1104 876 1237 952 iungitur
1258 873 1309 936 illa
1330 892 1400 954 pars
1423 883 1453 934 et
1473 876 1526 934 ista
1546 893 1613 954 pars,

337 977 402 1036 sine
424 974 515 1036 dubio
538 977 568 1034 in
592 976 744 1036 iunctione
767 982 812 1034 est
834 976 944 1045 vitium,
968 993 1028 1036 non
1050 976 1082 1036 in
1103 975 1239 1053 singubs.
1267 976 1349 1054 quid,
1365 977 1483 1056 quando
1504 976 1633 1038 dicimuss

337 1076 480 1155 quadriga
508 1095 597 1157 scopa
625 1074 722 1137 scala?
763 1076 848 1156 dicit,
877 1078 1065 1156 apertissime
1091 1079 1147 1138 ista
1177 1080 1245 1138 vitia
1275 1077 1452 1140 barbarismi
1478 1087 1558 1147 sunl,
1588 1099 1615 1140 ea

336 1179 461 1249 ratione,
486 1181 625 1258 quoniam
642 1177 782 1256 quadriga
799 1181 921 1240 omnino
937 1197 997 1240 non
1012 1179 1130 1248 dicitur,
1147 1180 1200 1241 sed
1217 1179 1397 1259 quadrigam
1419 1179 1495 1242 scala
1510 1183 1615 1241 omnino

338 1297 396 1340 non
419 1278 536 1350 dieitur,
560 1280 612 1341 sed
635 1281 860 1361 scalaerscopa
883 1283 1004 1342 omnino
1027 1300 1087 1346 non
1110 1282 1232 1352 dicitur,
1256 1282 1307 1342 sed
1330 1301 1448 1362 scopae.
1493 1300 1562 1360 ergo
1580 1283 1616 1343 di·

336 1383 431 1442 ximus
453 1384 591 1460 superins
614 1385 682 1463 quia
705 1383 782 1460 quod
806 1400 861 1461 per
883 1390 1019 1443 naturam
1042 1401 1102 1444 non
1124 1384 1232 1445 dicitur
1247 1383 1448 1446 barbarismus
1469 1392 1528 1454 est;
1550 1386 1615 1464 quod

336 1490 435 1543 autern
458 1502 513 1562 per
536 1493 672 1546 naturam
696 1484 818 1552 dicitur,
850 1483 902 1544 sed
929 1485 959 1544 in
982 1485 1149 1546 elocutione
1177 1503 1237 1547 non
1259 1495 1330 1554 stat,
1360 1484 1550 1547 soloecismus
1569 1496 1643 1549 estu

337 1601 408 1662 ergo
431 1603 498 1646 cum
521 1599 578 1665 per
599 1594 732 1648 naturam
755 1605 844 1648 nemo
870 1585 949 1647 dicat
975 1586 1100 1660 scalam,
1128 1607 1216 1649 nemo
1245 1587 1324 1649 dicat
1350 1587 1537 1668 quadrigam,
1562 1584 1615 1649 sine

336 1686 426 1747 dubio
451 1685 629 1750 barbarismi
650 1696 727 1748 sunt.

106 1867 110 1876 .
218 1805 276 1861 446,
290 1806 322 1853 22
420 1789 501 1868 Ergo
524 1809 582 1870 quo
605 1789 694 1851 modo
717 1791 790 1850 fiunt
817 1789 1003 1852 soloecismi?
1038 1799 1089 1852 aut
1115 1812 1170 1872 per
1197 1800 1296 1874 partes
1325 1793 1466 1854 orationis
1500 1801 1548 1854 aut
1571 1812 1616 1872 per

334 1891 497 1952 accidentia
520 1894 648 1972 partium
672 1894 822 1954 orationis.
861 1900 934 1971 quot
955 1893 1051 1954 modis
1072 1895 1147 1955 liunt
1166 1894 1354 1977 soloecismil
1384 1893 1510 1955 duobus.
1543 1897 1615 1974 quasi

336 1992 339 2075 l
370 1994 518 2071 generalis
547 2000 592 2054 est
617 1995 672 2054 ista
703 1994 813 2055 divisio.
865 1995 961 2074 prima
989 1995 1092 2056 divisio
1119 1990 1363 2058 soloecismorum
1397 1998 1438 2056 ita
1465 2015 1499 2056 se
1530 1995 1645 2064 babetn

334 2096 409 2156 liunt
431 2095 598 2156 soloecismi
620 2114 674 2175 per
696 2107 797 2176 partes
819 2098 963 2158 orationis
985 2107 1035 2159 aut
1056 2117 1110 2177 per
1132 2100 1296 2160 accidentia
1323 2101 1452 2178 partium
1475 2099 1616 2157 orations.

266 2223 268 2228 2
332 2215 388 2277 per
410 2207 511 2279 partes
534 2199 676 2260 orationis
697 2199 771 2260 liunt
793 2197 909 2260 duobus
931 2198 1037 2270 modis,
1060 2202 1085 2260 si
1108 2212 1158 2263 aut
1178 2181 1271 2266 altera
1298 2220 1355 2281 pro
1377 2201 1470 2262 altera
1491 2207 1616 2280 ponatur.

333 2307 384 2360 aut
411 2302 474 2380 ipsa
503 2320 559 2380 pro
587 2319 619 2362 se
647 2299 724 2361 malo
753 2300 858 2362 ordine
886 2309 1021 2381 ponatur.
1074 2302 1167 2364 altera
1193 2323 1249 2384 pro
1277 2302 1370 2364 altere
1403 2304 1537 2382 ponitur,
1567 2319 1617 2378 quo

333 2401 421 2464 modo
443 2405 469 2464 si
491 2403 571 2465 dieas
595 2409 831 2483 ‘torvumque
859 2410 1019 2482 repente
1047 2402 1198 2466 elamat’
1221 2423 1277 2485 pro
1300 2404 1437 2481 eoquod
1460 2414 1507 2465 est
1527 2411 1615 2465 torre:

333 2522 404 2564 ecce
428 2512 543 2566 torvum
566 2523 675 2567 nomen
698 2512 753 2582 εει,
778 2512 860 2567 torre
880 2504 1055 2586 adverbium
1071 2515 1128 2577 est;
1153 2510 1179 2568 si
1196 2515 1229 2568 tu
1250 2525 1343 2587 ponas
1364 2524 1475 2568 nomen
1497 2524 1551 2585 pro
1571 2504 1615 2566 ad·
1628 2519 1647 2557 :r

240 2613 245 2625 ‘
331 2605 443 2676 verbio,
468 2607 591 2669 alteram
612 2627 668 2687 pro
692 2607 783 2668 altera
805 2609 940 2687 posuisti.
985 2607 1042 2668 hoc
1065 2610 1166 2670 vitium
1190 2618 1250 2679 est,
1280 2616 1310 2695 et
1336 2608 1425 2670 modo
1447 2608 1504 2669 boc
1525 2609 1617 2668 vitium

332 2716 544 2770 converterunt
566 2710 604 2771 ad
626 2711 749 2788 llguraS,
773 2709 932 2770 honesturn
953 2708 1100 2789 loquitur,
1127 2710 1250 2772 doctum
1273 2712 1358 2780 dicit,
1383 2709 1483 2770 nobile
1506 2711 1617 2773 ellatur:

332 2813 396 2873 sine
419 2810 509 2873 dubio
539 2812 734 2875 soloecismus
764 2820 816 2873 est.
862 2811 920 2873 boc
947 2814 1119 2875 conceditur
1148 2816 1243 2893 poetis
1270 2822 1394 2895 propter
1420 2812 1618 2891 lerigationem

330 2932 479 2975 versuum.
527 2924 659 2976 ceterum
682 2918 722 2977 ita
745 2915 869 2976 dicimus
892 2913 1090 2977 elocutionem
1113 2916 1225 2979 debere
1246 2917 1376 2996 propriis
1398 2915 1531 2995 partibus
1553 2932 1617 2975 con-

330 3025 423 3087 stare,
460 3015 585 3096 pulchre
614 3016 700 3087 dicit,
729 3037 789 3079 non
824 3016 997 3097 pulchrum,
1032 3018 1118 3080 docte
1151 3016 1295 3099 loquitur,
1336 3003 1396 3103 non
1429 3018 1548 3078 doctum
1581 3014 1650 3075 tce

331 3120 447 3195 quitur,
483 3118 607 3180 honeste
644 3118 808 3189 fabulatur,
849 3136 910 3180 non
937 3118 1094 3181 honestum
1131 3120 1288 3182 labulatnr.
1334 3137 1407 3199 ergo
1443 3122 1467 3180 si
1505 3118 1621 3180 alteram

330 3228 443 3300 partem
467 3222 610 3281 orationis
633 3240 688 3300 pro
711 3219 801 3283 altera
824 3240 927 3301 ponas,
951 3222 1160 3284 soloecismum
1181 3224 1255 3285 lacis
1275 3240 1331 3302 per
1345 3230 1461 3301 partem
1476 3221 1619 3283 orationis.

270 3332 278 3341 ‘
330 3324 400 3383 item
423 3324 448 3383 si
470 3325 566 3402 ipsam
590 3322 717 3384 volueris
739 3341 852 3402 ponere
874 3342 930 3403 pro
952 3326 1033 3403 ipsa,
1057 3324 1109 3385 sed
1132 3344 1192 3385 non
1215 3333 1297 3386 recto
1318 3324 1434 3395 ordine,
1456 3331 1526 3403 puta
1549 3325 1620 3399 ‘quo

222 3490 225 3497 ¹
331 3424 440 3485 radisl'
470 3426 548 3486 intus
569 3443 625 3504 pro
647 3426 739 3495 intro;
763 3425 827 3487 ‘ubi
850 3426 923 3486 estl'
945 3427 1025 3487 intro
1039 3446 1095 3506 pro
1109 3429 1202 3489 intus:
1227 3434 1353 3504 utraque
1368 3445 1438 3506 pars
1453 3425 1620 3487 adverbium
1717 3493 1718 3504 χ

330 3535 389 3593 εει;
406 3528 431 3587 εἰ
447 3526 527 3587 dicas
541 3536 593 3589 aut
607 3530 686 3589 intus
702 3547 756 3607 pro
771 3529 851 3587 intro
867 3535 919 3588 aut
932 3529 1013 3589 intro
1027 3547 1083 3608 pro
1097 3532 1187 3599 intus,
1200 3547 1271 3591 ecce
1284 3531 1347 3609 ipsa
1364 3528 1486 3607 quidem
1502 3537 1621 3607 estpars
1631 3545 1651 3582 a
1717 3547 1718 3600 ς

329 3628 481 3697 orationis,
505 3628 557 3689 sed
580 3648 640 3691 non
663 3648 717 3689 sno
732 3628 798 3716 lpeo
814 3632 918 3710 posita,
935 3648 994 3691 non
1011 3629 1225 3693 rationabiliter
1242 3631 1330 3693 dicta.
1363 3648 1435 3709 crgo
1450 3649 1521 3691 ecce
1535 3647 1620 3710 quern
1717 3655 1719 3708 3

329 3724 334 3807 Ι
360 3729 396 3791 ad
418 3730 539 3791 modum
562 3732 636 3792 liunt
658 3730 774 3793 duobus
797 3732 893 3793 modis
914 3750 969 3812 per
991 3742 1092 3812 partes
1120 3734 1276 3805 orationis,
1305 3736 1330 3793 si
1357 3732 1483 3795 alteram
1508 3738 1620 3812 partem

334 3834 477 3893 orationis
505 3851 561 3913 pro
587 3834 678 3895 altera
706 3852 814 3913 ponas,
846 3834 916 3895 item
945 3836 969 3894 si
997 3836 1059 3915 ipsa
1088 3855 1144 3915 pro
1170 3856 1203 3897 se
1230 3854 1290 3896 non
1317 3854 1372 3896 suo
1400 3834 1467 3897 loco
1488 3842 1621 3915 ponabn,
1717 3859 1719 3914 p

328 3954 424 4015 neque
446 3942 479 3997 ut
501 3936 648 3995 convenit.
1717 3921 1719 3944 '

208 4060 314 4120 seqq)
350 4072 375 4081 ·-
413 4035 489 4109 Quid
512 4055 568 4115 per
591 4036 752 4099 accidentia
781 4040 911 4117 partium
937 4040 1193 4118 orationisquem
1216 4039 1395 4102 admodum
1425 4042 1501 4101 liunt
1526 4038 1653 4101 soloe-e
1717 4024 1719 4031 ’

328 4140 431 4199 cismil
471 4137 543 4199 dicit
564 4147 608 4200 tot
629 4139 739 4211 modis,
769 4147 840 4221 quot
868 4150 939 4202 sunt
959 4142 1021 4221 ipsa
1045 4141 1217 4203 accidentia.
1263 4150 1335 4222 quot
1361 4152 1432 4204 sunt
1460 4141 1621 4203 accidentia
1717 4147 1718 4150 ’

327 4242 473 4302 nominis?
510 4259 570 4301 sex.
616 4250 688 4321 quot
714 4249 782 4302 sunt
810 4242 973 4304 accidentia
1000 4243 1203 4323 pronominis?
1244 4251 1315 4324 quot
1346 4244 1486 4305 accidunt
1512 4243 1621 4304 rerbo‘l

326 4351 400 4423 quot
422 4342 560 4404 accidunt
590 4343 747 4405 adverbio?
781 4362 852 4423 ergo
882 4351 956 4422 quot
981 4350 1052 4406 sunt
1077 4346 1254 4416 accidentia,
1284 4352 1330 4406 tot
1351 4353 1421 4406 sunt
1443 4347 1534 4407 etiam
1555 4346 1621 4405 vitia

326 4464 381 4525 per
403 4444 569 4507 accidentia
592 4448 720 4524 partium
743 4448 903 4507 orationiss
941 4466 997 4526 per
1018 4447 1190 4527 qualitatem
1213 4449 1357 4509 nominisr
1372 4446 1505 4528 qualitas
1528 4449 1621 4509 nomi·
1717 4441 1718 4508 l

396 4650 428 4700 17
447 4652 470 4701 si
486 4651 565 4701 altere
585 4649 729 4717 praebere
749 4665 830 4716 pones
848 4660 892 4701 arat
911 4651 967 4716 ipsa
984 4666 1031 4716 per
1049 4668 1077 4702 se
1096 4653 1162 4722 malo
1182 4654 1270 4703 ordine
1288 4661 1398 4718 ponatur
1416 4654 1456 4705 1².-
1473 4669 1523 4720 pro
1544 4654 1620 4702 ultera
1717 4647 1718 4662 ¹

278 4768 281 4775 ,
326 4734 371 4769 om.
390 4720 467 4771 BGS
537 4722 571 4773 19
588 4718 748 4788 torvumque]
781 4722 861 4785 Verp.
881 4722 948 4770 Aen.
969 4722 1014 4770 Vll
1033 4722 1085 4775 399
1154 4724 1189 4774 30
1208 4734 1252 4773 εει
1273 4724 1341 4773 intus
1358 4732 1403 4773 eut
1420 4724 1480 4789 (pro
1502 4724 1538 4788 G)
1557 4725 1621 4773 intro
1717 4717 1718 4728 ¹

326 4804 385 4841 ecce
403 4790 479 4841 BOS
529 4790 563 4840 ³2
581 4791 679 4841 duobus
698 4791 782 4841 modis
800 4802 843 4840 aut
857 4806 904 4856 per
921 4801 1006 4857 partes
1023 4793 1144 4843 orationis
1161 4795 1182 4843 si
1201 4796 1303 4843 alteram
1323 4802 1421 4860 partem
1438 4795 1564 4843 orationis
1577 4806 1621 4859 pro

321 4860 404 4927 ¹altera
423 4875 503 4925 ponas
522 4872 565 4909 eut
584 4862 642 4910 item
661 4860 741 4923 (idem
760 4861 797 4920 B)
817 4878 862 4926 per
880 4862 1027 4911 accedentia
1045 4865 1155 4927 partium
1175 4864 1298 4913 orationis
1316 4866 1337 4914 si
1356 4865 1411 4929 ipsa
1431 4862 1507 4913 BOS
