<?xml version="1.0" encoding="UTF-8"?>
<!DOCTYPE html PUBLIC "-//W3C//DTD XHTML 1.0 Transitional//EN"
    "http://www.w3.org/TR/xhtml1/DTD/xhtml1-transitional.dtd">
<html xmlns="http://www.w3.org/1999/xhtml" xml:lang="en" lang="en">
 <head>
  <title>
</title>
<meta http-equiv="Content-Type" content="text/html;charset=utf-8" />
  <meta name='ocr-system' content='tesseract 3.04.00' />
  <meta name='ocr-capabilities' content='ocr_page ocr_carea ocr_par ocr_line ocrx_word'/>
</head>
<body>
  <div class='ocr_page' id='page_1' title='image "./grammaticilatin03hagagoog_0375.png"; bbox 0 0 3525 5600; ppageno 0'>
   <div class='ocr_carea' id='block_1_1' title="bbox 751 423 1432 491">
    <p class='ocr_par' dir='ltr' id='par_1_1' title="bbox 751 423 1432 491">
     <span class='ocr_line' id='line_1_1' title="bbox 751 423 1432 491; baseline 0.004 -3"><span class='ocrx_word' id='word_1_1' title='bbox 751 425 822 489; x_wconf 78' lang='lat' dir='ltr'>Ans</span> <span class='ocrx_word' id='word_1_2' title='bbox 1370 423 1432 491; x_wconf 82' lang='lat'>363</span> 
     </span>
    </p>
   </div>
   <div class='ocr_carea' id='block_1_2' title="bbox 123 535 1435 4475">
    <p class='ocr_par' dir='ltr' id='par_1_2' title="bbox 123 535 1435 4475">
     <span class='ocr_line' id='line_1_2' title="bbox 1238 535 1406 588; baseline 0 -12"><span class='ocrx_word' id='word_1_3' title='bbox 1238 535 1406 588; x_wconf 64' lang='lat' dir='ltr'>pateinter.</span> 
     </span>
     <span class='ocr_line' id='line_1_3' title="bbox 166 615 1431 702; baseline -0.003 -20"><span class='ocrx_word' id='word_1_4' title='bbox 166 623 277 702; x_wconf 80' lang='lat' dir='ltr'>genitivo</span> <span class='ocrx_word' id='word_1_5' title='bbox 296 624 412 678; x_wconf 91' lang='lat' dir='ltr'>tantum</span> <span class='ocrx_word' id='word_1_6' title='bbox 435 618 543 696; x_wconf 77' lang='lat' dir='ltr'>plurali</span> <span class='ocrx_word' id='word_1_7' title='bbox 566 623 718 686; x_wconf 87' lang='lat' dir='ltr'>crescunt,</span> <span class='ocrx_word' id='word_1_8' title='bbox 747 623 780 676; x_wconf 90' lang='lat' dir='ltr'>nt</span> <span class='ocrx_word' id='word_1_9' title='bbox 801 616 851 676; x_wconf 89' lang='lat' dir='ltr'>hie</span> <span class='ocrx_word' id='word_1_10' title='bbox 874 615 977 677; x_wconf 88' lang='lat' dir='ltr'>doctus</span> <span class='ocrx_word' id='word_1_11' title='bbox 1000 617 1107 677; x_wconf 90' lang='lat' dir='ltr'>horum</span> <span class='ocrx_word' id='word_1_12' title='bbox 1129 617 1293 679; x_wconf 90' lang='lat' dir='ltr'>doctorum.</span> <span class='ocrx_word' id='word_1_13' title='bbox 1328 638 1431 680; x_wconf 84' lang='lat' dir='ltr'>eorum</span> 
     </span>
     <span class='ocr_line' id='line_1_4' title="bbox 165 719 1430 800; baseline -0.002 -15"><span class='ocrx_word' id='word_1_14' title='bbox 165 743 222 784; x_wconf 79' lang='lat' dir='ltr'>vero</span> <span class='ocrx_word' id='word_1_15' title='bbox 241 737 310 800; x_wconf 85' lang='lat' dir='ltr'>qnae</span> <span class='ocrx_word' id='word_1_16' title='bbox 333 719 477 798; x_wconf 81' lang='lat' dir='ltr'>singulari</span> <span class='ocrx_word' id='word_1_17' title='bbox 504 738 629 780; x_wconf 88' lang='lat' dir='ltr'>numere</span> <span class='ocrx_word' id='word_1_18' title='bbox 651 727 797 796; x_wconf 77' lang='lat' dir='ltr'><strong>augentur</strong></span> <span class='ocrx_word' id='word_1_19' title='bbox 825 725 965 797; x_wconf 87' lang='lat' dir='ltr'>quattuor</span> <span class='ocrx_word' id='word_1_20' title='bbox 997 719 1075 780; x_wconf 83' lang='lat' dir='ltr'>orodi</span> <span class='ocrx_word' id='word_1_21' title='bbox 1098 724 1218 782; x_wconf 88' lang='lat' dir='ltr'>suntin</span> <span class='ocrx_word' id='word_1_22' title='bbox 1242 725 1308 800; x_wconf 84' lang='lat' dir='ltr'>ipso</span> <span class='ocrx_word' id='word_1_23' title='bbox 1329 724 1430 799; x_wconf 88' lang='lat' dir='ltr'>singu·</span> 
     </span>
     <span class='ocr_line' id='line_1_5' title="bbox 164 821 1431 901; baseline -0.005 -13"><span class='ocrx_word' id='word_1_24' title='bbox 164 829 208 888; x_wconf 91' lang='lat' dir='ltr'>lari</span> <span class='ocrx_word' id='word_1_25' title='bbox 230 840 345 884; x_wconf 87' lang='lat' dir='ltr'>numero</span> <span class='ocrx_word' id='word_1_26' title='bbox 368 831 486 894; x_wconf 87' lang='lat' dir='ltr'>auctus;</span> <span class='ocrx_word' id='word_1_27' title='bbox 510 831 642 884; x_wconf 89' lang='lat' dir='ltr'>ceterum</span> <span class='ocrx_word' id='word_1_28' title='bbox 665 823 695 882; x_wconf 93' lang='lat' dir='ltr'>in</span> <span class='ocrx_word' id='word_1_29' title='bbox 718 821 826 900; x_wconf 82' lang='lat' dir='ltr'>plurali</span> <span class='ocrx_word' id='word_1_30' title='bbox 850 821 938 900; x_wconf 90' lang='lat' dir='ltr'>paulo</span> <span class='ocrx_word' id='word_1_31' title='bbox 964 822 1066 901; x_wconf 87' lang='lat' dir='ltr'>plures</span> <span class='ocrx_word' id='word_1_32' title='bbox 1088 830 1166 883; x_wconf 89' lang='lat' dir='ltr'>sunt.</span> <span class='ocrx_word' id='word_1_33' title='bbox 1211 825 1241 883; x_wconf 91' lang='lat' dir='ltr'>id</span> <span class='ocrx_word' id='word_1_34' title='bbox 1264 825 1431 885; x_wconf 72' lang='lat' dir='ltr'>ostenditur</span> 
     </span>
     <span class='ocr_line' id='line_1_6' title="bbox 164 924 1430 1005; baseline -0.003 -16"><span class='ocrx_word' id='word_1_35' title='bbox 164 925 296 1005; x_wconf 77' lang='lat' dir='ltr'>exemplis.</span> <span class='ocrx_word' id='word_1_36' title='bbox 340 927 455 1004; x_wconf 91' lang='lat' dir='ltr'>primus</span> <span class='ocrx_word' id='word_1_37' title='bbox 483 924 588 984; x_wconf 87' lang='lat' dir='ltr'>modus</span> <span class='ocrx_word' id='word_1_38' title='bbox 616 931 660 984; x_wconf 88' lang='lat' dir='ltr'>cst</span> <span class='ocrx_word' id='word_1_39' title='bbox 689 942 791 984; x_wconf 89' lang='lat' dir='ltr'>eorum</span> <span class='ocrx_word' id='word_1_40' title='bbox 819 943 894 1004; x_wconf 88' lang='lat' dir='ltr'>quae</span> <span class='ocrx_word' id='word_1_41' title='bbox 923 926 954 984; x_wconf 96' lang='lat' dir='ltr'>in</span> <span class='ocrx_word' id='word_1_42' title='bbox 983 928 1114 1002; x_wconf 88' lang='lat' dir='ltr'>genitivo</span> <span class='ocrx_word' id='word_1_43' title='bbox 1143 933 1258 986; x_wconf 90' lang='lat' dir='ltr'>tantum</span> <span class='ocrx_word' id='word_1_44' title='bbox 1286 927 1430 1004; x_wconf 81' lang='lat' dir='ltr'>singulari</span> 
     </span>
     <span class='ocr_line' id='line_1_7' title="bbox 144 1026 1429 1105; baseline -0.001 -15"><span class='ocrx_word' id='word_1_45' title='bbox 144 1035 296 1096; x_wconf 70' lang='lat' dir='ltr'>ficrescunt,</span> <span class='ocrx_word' id='word_1_46' title='bbox 320 1033 352 1086; x_wconf 92' lang='lat' dir='ltr'>ut</span> <span class='ocrx_word' id='word_1_47' title='bbox 381 1027 460 1088; x_wconf 89' lang='lat' dir='ltr'>solus</span> <span class='ocrx_word' id='word_1_48' title='bbox 488 1027 594 1087; x_wconf 89' lang='lat' dir='ltr'>solius:</span> <span class='ocrx_word' id='word_1_49' title='bbox 629 1026 702 1086; x_wconf 90' lang='lat' dir='ltr'>haec</span> <span class='ocrx_word' id='word_1_50' title='bbox 730 1027 833 1086; x_wconf 91' lang='lat' dir='ltr'>itidem</span> <span class='ocrx_word' id='word_1_51' title='bbox 862 1026 971 1105; x_wconf 90' lang='lat' dir='ltr'>plurali</span> <span class='ocrx_word' id='word_1_52' title='bbox 993 1030 1124 1104; x_wconf 85' lang='lat' dir='ltr'>genitivo</span> <span class='ocrx_word' id='word_1_53' title='bbox 1146 1036 1260 1089; x_wconf 91' lang='lat' dir='ltr'>tantum</span> <span class='ocrx_word' id='word_1_54' title='bbox 1282 1037 1429 1097; x_wconf 84' lang='lat' dir='ltr'>creseunt,</span> 
     </span>
     <span class='ocr_line' id='line_1_8' title="bbox 162 1129 1430 1208; baseline 0 -16"><span class='ocrx_word' id='word_1_55' title='bbox 162 1141 189 1192; x_wconf 91' lang='lat' dir='ltr'>ut</span> <span class='ocrx_word' id='word_1_56' title='bbox 207 1130 255 1191; x_wconf 88' lang='lat' dir='ltr'>soli</span> <span class='ocrx_word' id='word_1_57' title='bbox 276 1129 415 1189; x_wconf 87' lang='lat' dir='ltr'>soletum.</span> <span class='ocrx_word' id='word_1_58' title='bbox 460 1129 609 1190; x_wconf 90' lang='lat' dir='ltr'>secundus</span> <span class='ocrx_word' id='word_1_59' title='bbox 637 1129 741 1189; x_wconf 91' lang='lat' dir='ltr'>modus</span> <span class='ocrx_word' id='word_1_60' title='bbox 763 1137 808 1188; x_wconf 90' lang='lat' dir='ltr'>est</span> <span class='ocrx_word' id='word_1_61' title='bbox 830 1147 934 1189; x_wconf 89' lang='lat' dir='ltr'>eorum</span> <span class='ocrx_word' id='word_1_62' title='bbox 956 1149 1031 1208; x_wconf 87' lang='lat' dir='ltr'>quac</span> <span class='ocrx_word' id='word_1_63' title='bbox 1055 1131 1086 1190; x_wconf 94' lang='lat' dir='ltr'>in</span> <span class='ocrx_word' id='word_1_64' title='bbox 1108 1131 1207 1191; x_wconf 81' lang='lat' dir='ltr'>dativo</span> <span class='ocrx_word' id='word_1_65' title='bbox 1229 1139 1343 1192; x_wconf 87' lang='lat' dir='ltr'>tantum</span> <span class='ocrx_word' id='word_1_66' title='bbox 1365 1134 1430 1192; x_wconf 83' lang='lat' dir='ltr'>sin-</span> 
     </span>
     <span class='ocr_line' id='line_1_9' title="bbox 160 1231 1430 1312; baseline -0.001 -19"><span class='ocrx_word' id='word_1_67' title='bbox 160 1235 251 1309; x_wconf 80' lang='lat' dir='ltr'>ptdort&#39;</span> <span class='ocrx_word' id='word_1_68' title='bbox 269 1239 420 1300; x_wconf 89' lang='lat' dir='ltr'>crescunt,</span> <span class='ocrx_word' id='word_1_69' title='bbox 444 1239 476 1291; x_wconf 93' lang='lat' dir='ltr'>ut</span> <span class='ocrx_word' id='word_1_70' title='bbox 498 1231 546 1291; x_wconf 87' lang='lat' dir='ltr'>hic</span> <span class='ocrx_word' id='word_1_71' title='bbox 570 1231 666 1292; x_wconf 87' lang='lat' dir='ltr'>tultus</span> <span class='ocrx_word' id='word_1_72' title='bbox 689 1231 758 1292; x_wconf 93' lang='lat' dir='ltr'>huic</span> <span class='ocrx_word' id='word_1_73' title='bbox 781 1231 885 1292; x_wconf 80' lang='lat' dir='ltr'>vultui.</span> <span class='ocrx_word' id='word_1_74' title='bbox 915 1234 1021 1292; x_wconf 87' lang='lat' dir='ltr'>tertius</span> <span class='ocrx_word' id='word_1_75' title='bbox 1042 1231 1147 1293; x_wconf 89' lang='lat' dir='ltr'>modus</span> <span class='ocrx_word' id='word_1_76' title='bbox 1170 1242 1214 1294; x_wconf 89' lang='lat' dir='ltr'>est</span> <span class='ocrx_word' id='word_1_77' title='bbox 1236 1253 1430 1312; x_wconf 87' lang='lat' dir='ltr'>eorumquae</span> 
     </span>
     <span class='ocr_line' id='line_1_10' title="bbox 161 1332 1430 1411; baseline 0 -17"><span class='ocrx_word' id='word_1_78' title='bbox 161 1339 186 1394; x_wconf 93' lang='lat' dir='ltr'>in</span> <span class='ocrx_word' id='word_1_79' title='bbox 205 1335 327 1411; x_wconf 85' lang='lat' dir='ltr'>genitivo</span> <span class='ocrx_word' id='word_1_80' title='bbox 356 1341 385 1392; x_wconf 92' lang='lat' dir='ltr'>et</span> <span class='ocrx_word' id='word_1_81' title='bbox 413 1332 510 1393; x_wconf 85' lang='lat' dir='ltr'>dativo</span> <span class='ocrx_word' id='word_1_82' title='bbox 538 1340 652 1394; x_wconf 91' lang='lat' dir='ltr'>tantum</span> <span class='ocrx_word' id='word_1_83' title='bbox 682 1333 826 1410; x_wconf 83' lang='lat' dir='ltr'>singulari</span> <span class='ocrx_word' id='word_1_84' title='bbox 855 1341 1008 1404; x_wconf 84' lang='lat' dir='ltr'>creseunt,</span> <span class='ocrx_word' id='word_1_85' title='bbox 1039 1341 1070 1393; x_wconf 92' lang='lat' dir='ltr'>ut</span> <span class='ocrx_word' id='word_1_86' title='bbox 1096 1334 1145 1394; x_wconf 90' lang='lat' dir='ltr'>hic</span> <span class='ocrx_word' id='word_1_87' title='bbox 1173 1335 1236 1395; x_wconf 89' lang='lat' dir='ltr'>dies</span> <span class='ocrx_word' id='word_1_88' title='bbox 1259 1336 1347 1396; x_wconf 87' lang='lat' dir='ltr'>huius</span> <span class='ocrx_word' id='word_1_89' title='bbox 1370 1336 1430 1395; x_wconf 91' lang='lat' dir='ltr'>diei</span> 
     </span>
     <span class='ocr_line' id='line_1_11' title="bbox 162 1434 1429 1516; baseline 0.002 -21"><span class='ocrx_word' id='word_1_90' title='bbox 162 1437 220 1496; x_wconf 89' lang='lat' dir='ltr'>huic</span> <span class='ocrx_word' id='word_1_91' title='bbox 234 1436 300 1496; x_wconf 86' lang='lat' dir='ltr'>diei.</span> <span class='ocrx_word' id='word_1_92' title='bbox 331 1435 437 1494; x_wconf 88' lang='lat' dir='ltr'>herum</span> <span class='ocrx_word' id='word_1_93' title='bbox 461 1435 587 1496; x_wconf 89' lang='lat' dir='ltr'>duorum</span> <span class='ocrx_word' id='word_1_94' title='bbox 609 1434 763 1495; x_wconf 86' lang='lat' dir='ltr'>medorum</span> <span class='ocrx_word' id='word_1_95' title='bbox 786 1435 895 1495; x_wconf 91' lang='lat' dir='ltr'>similis</span> <span class='ocrx_word' id='word_1_96' title='bbox 918 1445 1022 1498; x_wconf 81' lang='lat' dir='ltr'>auctus</span> <span class='ocrx_word' id='word_1_97' title='bbox 1044 1444 1088 1497; x_wconf 88' lang='lat' dir='ltr'>cst</span> <span class='ocrx_word' id='word_1_98' title='bbox 1111 1439 1142 1496; x_wconf 94' lang='lat' dir='ltr'>in</span> <span class='ocrx_word' id='word_1_99' title='bbox 1165 1437 1273 1516; x_wconf 90' lang='lat' dir='ltr'>plurali</span> <span class='ocrx_word' id='word_1_100' title='bbox 1296 1457 1429 1498; x_wconf 88' lang='lat' dir='ltr'>numero.</span> 
     </span>
     <span class='ocr_line' id='line_1_12' title="bbox 133 1535 1431 1614; baseline 0.002 -16"><span class='ocrx_word' id='word_1_101' title='bbox 133 1547 218 1598; x_wconf 75' lang='grc' dir='ltr'>10ιιιιιι</span> <span class='ocrx_word' id='word_1_102' title='bbox 238 1540 266 1597; x_wconf 91' lang='lat' dir='ltr'>in</span> <span class='ocrx_word' id='word_1_103' title='bbox 287 1539 418 1614; x_wconf 83' lang='lat' dir='ltr'>genitivo</span> <span class='ocrx_word' id='word_1_104' title='bbox 447 1545 476 1598; x_wconf 90' lang='lat' dir='ltr'>ct</span> <span class='ocrx_word' id='word_1_105' title='bbox 504 1537 601 1598; x_wconf 80' lang='lat' dir='ltr'>dativo</span> <span class='ocrx_word' id='word_1_106' title='bbox 629 1545 658 1596; x_wconf 90' lang='lat' dir='ltr'>et</span> <span class='ocrx_word' id='word_1_107' title='bbox 685 1535 814 1598; x_wconf 81' lang='lat' dir='ltr'>altlaliro</span> <span class='ocrx_word' id='word_1_108' title='bbox 837 1547 990 1609; x_wconf 90' lang='lat' dir='ltr'>crescunt,</span> <span class='ocrx_word' id='word_1_109' title='bbox 1014 1548 1046 1599; x_wconf 88' lang='grc' dir='ltr'>ιιι</span> <span class='ocrx_word' id='word_1_110' title='bbox 1069 1540 1099 1600; x_wconf 93' lang='lat' dir='ltr'>hi</span> <span class='ocrx_word' id='word_1_111' title='bbox 1121 1539 1218 1600; x_wconf 80' lang='lat' dir='ltr'>vultus</span> <span class='ocrx_word' id='word_1_112' title='bbox 1239 1541 1345 1600; x_wconf 90' lang='lat' dir='ltr'>hortun</span> <span class='ocrx_word' id='word_1_113' title='bbox 1368 1541 1431 1600; x_wconf 84' lang='lat' dir='ltr'>rul-</span> 
     </span>
     <span class='ocr_line' id='line_1_13' title="bbox 161 1638 1430 1704; baseline 0.001 -4"><span class='ocrx_word' id='word_1_114' title='bbox 161 1651 231 1700; x_wconf 92' lang='lat' dir='ltr'>tuum</span> <span class='ocrx_word' id='word_1_115' title='bbox 247 1638 293 1699; x_wconf 88' lang='lat' dir='ltr'>his</span> <span class='ocrx_word' id='word_1_116' title='bbox 309 1647 338 1698; x_wconf 92' lang='lat' dir='ltr'>et</span> <span class='ocrx_word' id='word_1_117' title='bbox 354 1638 391 1698; x_wconf 92' lang='lat' dir='ltr'>ab</span> <span class='ocrx_word' id='word_1_118' title='bbox 406 1638 453 1700; x_wconf 88' lang='lat' dir='ltr'>his</span> <span class='ocrx_word' id='word_1_119' title='bbox 469 1639 600 1700; x_wconf 86' lang='lat' dir='ltr'>vultibus</span> <span class='ocrx_word' id='word_1_120' title='bbox 622 1639 696 1700; x_wconf 91' lang='lat' dir='ltr'>ethi</span> <span class='ocrx_word' id='word_1_121' title='bbox 720 1639 783 1700; x_wconf 86' lang='lat' dir='ltr'>dies</span> <span class='ocrx_word' id='word_1_122' title='bbox 798 1639 906 1702; x_wconf 89' lang='lat' dir='ltr'>horum</span> <span class='ocrx_word' id='word_1_123' title='bbox 928 1641 1044 1702; x_wconf 86' lang='lat' dir='ltr'>dierum</span> <span class='ocrx_word' id='word_1_124' title='bbox 1066 1643 1112 1702; x_wconf 90' lang='lat' dir='ltr'>his</span> <span class='ocrx_word' id='word_1_125' title='bbox 1134 1650 1163 1702; x_wconf 90' lang='lat' dir='ltr'>et</span> <span class='ocrx_word' id='word_1_126' title='bbox 1185 1642 1222 1703; x_wconf 91' lang='lat' dir='ltr'>ab</span> <span class='ocrx_word' id='word_1_127' title='bbox 1245 1643 1292 1703; x_wconf 88' lang='lat' dir='ltr'>his</span> <span class='ocrx_word' id='word_1_128' title='bbox 1314 1642 1430 1704; x_wconf 88' lang='lat' dir='ltr'>diebus.</span> 
     </span>
     <span class='ocr_line' id='line_1_14' title="bbox 161 1741 1432 1824; baseline 0.004 -24"><span class='ocrx_word' id='word_1_129' title='bbox 161 1749 268 1822; x_wconf 86' lang='lat' dir='ltr'>quartus</span> <span class='ocrx_word' id='word_1_130' title='bbox 289 1741 394 1801; x_wconf 89' lang='lat' dir='ltr'>modus</span> <span class='ocrx_word' id='word_1_131' title='bbox 416 1747 476 1811; x_wconf 89' lang='lat' dir='ltr'>est,</span> <span class='ocrx_word' id='word_1_132' title='bbox 499 1759 567 1801; x_wconf 87' lang='lat' dir='ltr'>curn</span> <span class='ocrx_word' id='word_1_133' title='bbox 589 1743 620 1801; x_wconf 90' lang='lat' dir='ltr'>in</span> <span class='ocrx_word' id='word_1_134' title='bbox 643 1742 790 1820; x_wconf 81' lang='lat' dir='ltr'>singulari</span> <span class='ocrx_word' id='word_1_135' title='bbox 818 1761 942 1802; x_wconf 87' lang='lat' dir='ltr'>numero</span> <span class='ocrx_word' id='word_1_136' title='bbox 970 1762 986 1802; x_wconf 92' lang='lat' dir='ltr'>a</span> <span class='ocrx_word' id='word_1_137' title='bbox 1013 1747 1143 1820; x_wconf 74' lang='lat' dir='ltr'>genitivo</span> <span class='ocrx_word' id='word_1_138' title='bbox 1168 1763 1262 1824; x_wconf 85' lang='lat' dir='ltr'>nsque</span> <span class='ocrx_word' id='word_1_139' title='bbox 1284 1746 1320 1806; x_wconf 89' lang='lat' dir='ltr'>ad</span> <span class='ocrx_word' id='word_1_140' title='bbox 1342 1747 1432 1807; x_wconf 77' lang='lat' dir='ltr'>sunem</span> 
     </span>
     <span class='ocr_line' id='line_1_15' title="bbox 160 1843 1431 1928; baseline 0.003 -26"><span class='ocrx_word' id='word_1_141' title='bbox 160 1851 300 1912; x_wconf 88' lang='lat' dir='ltr'>crescunt,</span> <span class='ocrx_word' id='word_1_142' title='bbox 324 1845 456 1921; x_wconf 84' lang='lat' dir='ltr'>exeeptis</span> <span class='ocrx_word' id='word_1_143' title='bbox 479 1843 595 1902; x_wconf 90' lang='lat' dir='ltr'>scilicet</span> <span class='ocrx_word' id='word_1_144' title='bbox 616 1846 789 1904; x_wconf 81' lang='lat' dir='ltr'>nominativi</span> <span class='ocrx_word' id='word_1_145' title='bbox 812 1844 976 1913; x_wconf 89' lang='lat' dir='ltr'>similibus,</span> <span class='ocrx_word' id='word_1_146' title='bbox 1002 1853 1033 1906; x_wconf 90' lang='lat' dir='ltr'>ut</span> <span class='ocrx_word' id='word_1_147' title='bbox 1054 1855 1099 1906; x_wconf 90' lang='lat' dir='ltr'>est</span> <span class='ocrx_word' id='word_1_148' title='bbox 1114 1848 1159 1906; x_wconf 85' lang='lat' dir='ltr'>vir</span> <span class='ocrx_word' id='word_1_149' title='bbox 1174 1847 1255 1906; x_wconf 90' lang='lat' dir='ltr'>celer</span> <span class='ocrx_word' id='word_1_150' title='bbox 1277 1866 1326 1907; x_wconf 90' lang='lat' dir='ltr'>ars</span> <span class='ocrx_word' id='word_1_151' title='bbox 1349 1845 1354 1928; x_wconf 83' lang='grc' dir='ltr'>Ι</span> <span class='ocrx_word' id='word_1_152' title='bbox 1378 1851 1431 1908; x_wconf 91' lang='lat' dir='ltr'>tri-</span> 
     </span>
     <span class='ocr_line' id='line_1_16' title="bbox 161 1944 1431 2028; baseline 0.003 -25"><span class='ocrx_word' id='word_1_153' title='bbox 161 1944 247 2006; x_wconf 90' lang='lat' dir='ltr'>bunal.</span> <span class='ocrx_word' id='word_1_154' title='bbox 274 1944 380 2004; x_wconf 89' lang='lat' dir='ltr'>horum</span> <span class='ocrx_word' id='word_1_155' title='bbox 404 1946 535 2021; x_wconf 86' lang='lat' dir='ltr'>omnium</span> <span class='ocrx_word' id='word_1_156' title='bbox 558 1947 657 2006; x_wconf 87' lang='lat' dir='ltr'>rarius</span> <span class='ocrx_word' id='word_1_157' title='bbox 680 1953 784 2006; x_wconf 90' lang='lat' dir='ltr'>auctus</span> <span class='ocrx_word' id='word_1_158' title='bbox 807 1954 851 2006; x_wconf 88' lang='lat' dir='ltr'>cst</span> <span class='ocrx_word' id='word_1_159' title='bbox 875 1949 905 2006; x_wconf 94' lang='lat' dir='ltr'>in</span> <span class='ocrx_word' id='word_1_160' title='bbox 930 1947 1037 2025; x_wconf 86' lang='lat' dir='ltr'>plurali</span> <span class='ocrx_word' id='word_1_161' title='bbox 1053 1965 1188 2008; x_wconf 90' lang='lat' dir='ltr'>numero.</span> <span class='ocrx_word' id='word_1_162' title='bbox 1219 1967 1287 2008; x_wconf 93' lang='lat' dir='ltr'>nam</span> <span class='ocrx_word' id='word_1_163' title='bbox 1302 1951 1431 2028; x_wconf 89' lang='lat' dir='ltr'>primum</span> 
     </span>
     <span class='ocr_line' id='line_1_17' title="bbox 130 2046 1431 2126; baseline 0.005 -24"><span class='ocrx_word' id='word_1_164' title='bbox 130 2053 149 2092; x_wconf 74' lang='grc' dir='ltr'>ιι</span> <span class='ocrx_word' id='word_1_165' title='bbox 160 2046 314 2125; x_wconf 79' lang='lat' dir='ltr'>exemplum</span> <span class='ocrx_word' id='word_1_166' title='bbox 337 2047 468 2124; x_wconf 82' lang='lat' dir='ltr'>genitivo</span> <span class='ocrx_word' id='word_1_167' title='bbox 488 2053 600 2107; x_wconf 89' lang='lat' dir='ltr'>tantum</span> <span class='ocrx_word' id='word_1_168' title='bbox 624 2047 732 2126; x_wconf 91' lang='lat' dir='ltr'>plurali</span> <span class='ocrx_word' id='word_1_169' title='bbox 756 2051 879 2118; x_wconf 88' lang='lat' dir='ltr'>crescit,</span> <span class='ocrx_word' id='word_1_170' title='bbox 903 2056 935 2108; x_wconf 91' lang='lat' dir='ltr'>ut</span> <span class='ocrx_word' id='word_1_171' title='bbox 957 2048 988 2107; x_wconf 93' lang='lat' dir='ltr'>hi</span> <span class='ocrx_word' id='word_1_172' title='bbox 1011 2051 1067 2108; x_wconf 87' lang='lat' dir='ltr'>viri</span> <span class='ocrx_word' id='word_1_173' title='bbox 1090 2049 1196 2110; x_wconf 92' lang='lat' dir='ltr'>horum</span> <span class='ocrx_word' id='word_1_174' title='bbox 1219 2052 1361 2110; x_wconf 82' lang='lat' dir='ltr'>virorum.</span> <span class='ocrx_word' id='word_1_175' title='bbox 1385 2069 1431 2110; x_wconf 88' lang='lat' dir='ltr'>se-</span> 
     </span>
     <span class='ocr_line' id='line_1_18' title="bbox 160 2147 1433 2228; baseline 0.004 -23"><span class='ocrx_word' id='word_1_176' title='bbox 160 2147 274 2207; x_wconf 83' lang='lat' dir='ltr'>eundum</span> <span class='ocrx_word' id='word_1_177' title='bbox 297 2148 464 2228; x_wconf 85' lang='lat' dir='ltr'>exemplum</span> <span class='ocrx_word' id='word_1_178' title='bbox 488 2148 584 2209; x_wconf 81' lang='lat' dir='ltr'>dativo</span> <span class='ocrx_word' id='word_1_179' title='bbox 606 2157 721 2210; x_wconf 89' lang='lat' dir='ltr'>tantum</span> <span class='ocrx_word' id='word_1_180' title='bbox 737 2159 766 2210; x_wconf 89' lang='lat' dir='ltr'>et</span> <span class='ocrx_word' id='word_1_181' title='bbox 781 2148 910 2210; x_wconf 84' lang='lat' dir='ltr'>ablativo</span> <span class='ocrx_word' id='word_1_182' title='bbox 931 2152 1055 2220; x_wconf 88' lang='lat' dir='ltr'>crescit,</span> <span class='ocrx_word' id='word_1_183' title='bbox 1079 2160 1112 2211; x_wconf 95' lang='lat' dir='ltr'>ut</span> <span class='ocrx_word' id='word_1_184' title='bbox 1134 2152 1165 2212; x_wconf 94' lang='lat' dir='ltr'>hi</span> <span class='ocrx_word' id='word_1_185' title='bbox 1188 2159 1217 2211; x_wconf 90' lang='lat' dir='ltr'>et</span> <span class='ocrx_word' id='word_1_186' title='bbox 1239 2151 1295 2212; x_wconf 86' lang='lat' dir='ltr'>hae</span> <span class='ocrx_word' id='word_1_187' title='bbox 1318 2152 1433 2212; x_wconf 87' lang='lat' dir='ltr'>celeres</span> 
     </span>
     <span class='ocr_line' id='line_1_19' title="bbox 158 2249 1433 2331; baseline 0.005 -23"><span class='ocrx_word' id='word_1_188' title='bbox 158 2249 198 2308; x_wconf 90' lang='lat' dir='ltr'>his</span> <span class='ocrx_word' id='word_1_189' title='bbox 222 2258 249 2308; x_wconf 91' lang='lat' dir='ltr'>et</span> <span class='ocrx_word' id='word_1_190' title='bbox 275 2249 313 2310; x_wconf 92' lang='lat' dir='ltr'>ab</span> <span class='ocrx_word' id='word_1_191' title='bbox 339 2249 386 2310; x_wconf 90' lang='lat' dir='ltr'>his</span> <span class='ocrx_word' id='word_1_192' title='bbox 414 2249 573 2310; x_wconf 79' lang='lat' dir='ltr'>celeribus</span> <span class='ocrx_word' id='word_1_193' title='bbox 619 2254 740 2312; x_wconf 90' lang='lat' dir='ltr'>tertium</span> <span class='ocrx_word' id='word_1_194' title='bbox 769 2252 937 2331; x_wconf 86' lang='lat' dir='ltr'>exemplum</span> <span class='ocrx_word' id='word_1_195' title='bbox 965 2255 1096 2329; x_wconf 88' lang='lat' dir='ltr'>genitivo</span> <span class='ocrx_word' id='word_1_196' title='bbox 1124 2262 1239 2315; x_wconf 88' lang='lat' dir='ltr'>tantum</span> <span class='ocrx_word' id='word_1_197' title='bbox 1273 2255 1370 2315; x_wconf 85' lang='lat' dir='ltr'>dativo</span> <span class='ocrx_word' id='word_1_198' title='bbox 1403 2263 1433 2314; x_wconf 91' lang='lat' dir='ltr'>et</span> 
     </span>
     <span class='ocr_line' id='line_1_20' title="bbox 159 2349 1431 2435; baseline 0.006 -27"><span class='ocrx_word' id='word_1_199' title='bbox 159 2349 275 2410; x_wconf 81' lang='lat' dir='ltr'>ablativo</span> <span class='ocrx_word' id='word_1_200' title='bbox 297 2354 419 2420; x_wconf 89' lang='lat' dir='ltr'>crescit,</span> <span class='ocrx_word' id='word_1_201' title='bbox 444 2361 476 2412; x_wconf 89' lang='lat' dir='ltr'>ut</span> <span class='ocrx_word' id='word_1_202' title='bbox 498 2353 553 2413; x_wconf 87' lang='lat' dir='ltr'>hae</span> <span class='ocrx_word' id='word_1_203' title='bbox 577 2361 657 2414; x_wconf 88' lang='lat' dir='ltr'>artes</span> <span class='ocrx_word' id='word_1_204' title='bbox 679 2354 784 2414; x_wconf 87' lang='lat' dir='ltr'>harum</span> <span class='ocrx_word' id='word_1_205' title='bbox 807 2355 915 2414; x_wconf 87' lang='lat' dir='ltr'>artium</span> <span class='ocrx_word' id='word_1_206' title='bbox 937 2353 984 2414; x_wconf 91' lang='lat' dir='ltr'>his</span> <span class='ocrx_word' id='word_1_207' title='bbox 1007 2362 1037 2414; x_wconf 92' lang='lat' dir='ltr'>et</span> <span class='ocrx_word' id='word_1_208' title='bbox 1059 2355 1096 2416; x_wconf 88' lang='lat' dir='ltr'>ab</span> <span class='ocrx_word' id='word_1_209' title='bbox 1118 2357 1167 2416; x_wconf 90' lang='lat' dir='ltr'>his</span> <span class='ocrx_word' id='word_1_210' title='bbox 1189 2356 1313 2417; x_wconf 86' lang='lat' dir='ltr'>artibus.</span> <span class='ocrx_word' id='word_1_211' title='bbox 1344 2375 1431 2435; x_wconf 87' lang='lat' dir='ltr'>quar-</span> 
     </span>
     <span class='ocr_line' id='line_1_21' title="bbox 157 2454 1433 2534; baseline 0.003 -22"><span class='ocrx_word' id='word_1_212' title='bbox 157 2461 212 2512; x_wconf 89' lang='lat' dir='ltr'>tum</span> <span class='ocrx_word' id='word_1_213' title='bbox 242 2454 410 2534; x_wconf 84' lang='lat' dir='ltr'>exemplum</span> <span class='ocrx_word' id='word_1_214' title='bbox 443 2472 533 2534; x_wconf 88' lang='lat' dir='ltr'>supra</span> <span class='ocrx_word' id='word_1_215' title='bbox 567 2474 685 2516; x_wconf 84' lang='lat' dir='ltr'>ontttem</span> <span class='ocrx_word' id='word_1_216' title='bbox 716 2455 876 2533; x_wconf 83' lang='lat' dir='ltr'>singularis</span> <span class='ocrx_word' id='word_1_217' title='bbox 905 2459 1022 2516; x_wconf 90' lang='lat' dir='ltr'>numeri</span> <span class='ocrx_word' id='word_1_218' title='bbox 1055 2457 1175 2519; x_wconf 91' lang='lat' dir='ltr'>modum</span> <span class='ocrx_word' id='word_1_219' title='bbox 1202 2479 1218 2520; x_wconf 90' lang='lat' dir='ltr'>a</span> <span class='ocrx_word' id='word_1_220' title='bbox 1251 2461 1433 2518; x_wconf 77' lang='lat' dir='ltr'>nominativo</span> 
     </span>
     <span class='ocr_line' id='line_1_22' title="bbox 128 2555 1432 2635; baseline 0.004 -22"><span class='ocrx_word' id='word_1_221' title='bbox 128 2555 257 2632; x_wconf 75' lang='lat' dir='ltr'>²0plurali</span> <span class='ocrx_word' id='word_1_222' title='bbox 279 2559 368 2616; x_wconf 88' lang='lat' dir='ltr'>sumit</span> <span class='ocrx_word' id='word_1_223' title='bbox 392 2559 490 2617; x_wconf 88' lang='lat' dir='ltr'>statim</span> <span class='ocrx_word' id='word_1_224' title='bbox 513 2565 716 2634; x_wconf 86' lang='lat' dir='ltr'>augmentum,</span> <span class='ocrx_word' id='word_1_225' title='bbox 740 2557 828 2635; x_wconf 89' lang='lat' dir='ltr'>idque</span> <span class='ocrx_word' id='word_1_226' title='bbox 852 2558 889 2618; x_wconf 89' lang='lat' dir='ltr'>ad</span> <span class='ocrx_word' id='word_1_227' title='bbox 910 2558 1047 2619; x_wconf 91' lang='lat' dir='ltr'>ultimum</span> <span class='ocrx_word' id='word_1_228' title='bbox 1069 2567 1176 2630; x_wconf 83' lang='lat' dir='ltr'>serrat,</span> <span class='ocrx_word' id='word_1_229' title='bbox 1199 2568 1232 2621; x_wconf 93' lang='lat' dir='ltr'>ut</span> <span class='ocrx_word' id='word_1_230' title='bbox 1247 2561 1320 2620; x_wconf 88' lang='lat' dir='ltr'>haec</span> <span class='ocrx_word' id='word_1_231' title='bbox 1336 2559 1432 2620; x_wconf 91' lang='lat' dir='ltr'>trihu-</span> 
     </span>
     <span class='ocr_line' id='line_1_23' title="bbox 157 2657 1431 2739; baseline 0.005 -24"><span class='ocrx_word' id='word_1_232' title='bbox 157 2657 225 2716; x_wconf 83' lang='lat' dir='ltr'>nalia</span> <span class='ocrx_word' id='word_1_233' title='bbox 247 2665 277 2718; x_wconf 92' lang='lat' dir='ltr'>et</span> <span class='ocrx_word' id='word_1_234' title='bbox 300 2659 450 2738; x_wconf 82' lang='lat' dir='ltr'>deinceps.</span> <span class='ocrx_word' id='word_1_235' title='bbox 495 2661 526 2719; x_wconf 94' lang='lat' dir='ltr'>in</span> <span class='ocrx_word' id='word_1_236' title='bbox 550 2659 603 2720; x_wconf 91' lang='lat' dir='ltr'>has</span> <span class='ocrx_word' id='word_1_237' title='bbox 625 2679 727 2720; x_wconf 91' lang='lat' dir='ltr'>omnes</span> <span class='ocrx_word' id='word_1_238' title='bbox 749 2660 868 2736; x_wconf 85' lang='lat' dir='ltr'>regulas</span> <span class='ocrx_word' id='word_1_239' title='bbox 891 2660 1094 2739; x_wconf 66' lang='lat' dir='ltr'>monosyllaba</span> <span class='ocrx_word' id='word_1_240' title='bbox 1116 2681 1175 2721; x_wconf 93' lang='lat' dir='ltr'>non</span> <span class='ocrx_word' id='word_1_241' title='bbox 1198 2663 1315 2723; x_wconf 91' lang='lat' dir='ltr'>cadunt.</span> <span class='ocrx_word' id='word_1_242' title='bbox 1361 2681 1431 2722; x_wconf 90' lang='lat' dir='ltr'>suae</span> 
     </span>
     <span class='ocr_line' id='line_1_24' title="bbox 157 2761 1432 2843; baseline 0.005 -24"><span class='ocrx_word' id='word_1_243' title='bbox 157 2761 227 2820; x_wconf 91' lang='lat' dir='ltr'>enim</span> <span class='ocrx_word' id='word_1_244' title='bbox 253 2763 408 2840; x_wconf 90' lang='lat' dir='ltr'>potestatis</span> <span class='ocrx_word' id='word_1_245' title='bbox 436 2768 505 2823; x_wconf 88' lang='lat' dir='ltr'>sunt</span> <span class='ocrx_word' id='word_1_246' title='bbox 533 2768 561 2822; x_wconf 89' lang='lat' dir='ltr'>et</span> <span class='ocrx_word' id='word_1_247' title='bbox 589 2779 642 2821; x_wconf 90' lang='lat' dir='ltr'>suo</span> <span class='ocrx_word' id='word_1_248' title='bbox 669 2780 751 2823; x_wconf 92' lang='lat' dir='ltr'>more</span> <span class='ocrx_word' id='word_1_249' title='bbox 780 2762 826 2823; x_wconf 88' lang='lat' dir='ltr'>vel</span> <span class='ocrx_word' id='word_1_250' title='bbox 854 2761 1077 2824; x_wconf 81' lang='lat' dir='ltr'>inclinationem</span> <span class='ocrx_word' id='word_1_251' title='bbox 1100 2764 1146 2825; x_wconf 88' lang='lat' dir='ltr'>vel</span> <span class='ocrx_word' id='word_1_252' title='bbox 1169 2771 1360 2843; x_wconf 87' lang='lat' dir='ltr'>augmentum</span> <span class='ocrx_word' id='word_1_253' title='bbox 1383 2782 1432 2825; x_wconf 83' lang='lat' dir='ltr'>ex·</span> 
     </span>
     <span class='ocr_line' id='line_1_25' title="bbox 156 2860 353 2938; baseline 0.025 -19"><span class='ocrx_word' id='word_1_254' title='bbox 156 2864 312 2938; x_wconf 85' lang='lat' dir='ltr'>pariuntur.</span> <span class='ocrx_word' id='word_1_255' title='bbox 345 2860 353 2874; x_wconf 86' lang='grc'><strong>“</strong></span> 
     </span>
     <span class='ocr_line' id='line_1_26' title="bbox 231 2964 1432 3048; baseline 0.005 -24"><span class='ocrx_word' id='word_1_256' title='bbox 231 2964 355 3026; x_wconf 82' lang='lat' dir='ltr'>Abunde</span> <span class='ocrx_word' id='word_1_257' title='bbox 378 2966 414 3025; x_wconf 91' lang='lat' dir='ltr'>de</span> <span class='ocrx_word' id='word_1_258' title='bbox 436 2966 548 3043; x_wconf 88' lang='lat' dir='ltr'>regulis</span> <span class='ocrx_word' id='word_1_259' title='bbox 571 2966 681 3027; x_wconf 87' lang='lat' dir='ltr'>dietum</span> <span class='ocrx_word' id='word_1_260' title='bbox 705 2974 759 3026; x_wconf 91' lang='lat' dir='ltr'>est.</span> <span class='ocrx_word' id='word_1_261' title='bbox 804 2985 883 3027; x_wconf 93' lang='lat' dir='ltr'>nunc</span> <span class='ocrx_word' id='word_1_262' title='bbox 910 2988 998 3048; x_wconf 87' lang='lat' dir='ltr'>quem</span> <span class='ocrx_word' id='word_1_263' title='bbox 1026 2968 1203 3030; x_wconf 90' lang='lat' dir='ltr'>admodum</span> <span class='ocrx_word' id='word_1_264' title='bbox 1225 2990 1279 3030; x_wconf 91' lang='lat' dir='ltr'>nos</span> <span class='ocrx_word' id='word_1_265' title='bbox 1301 2972 1432 3047; x_wconf 87' lang='lat' dir='ltr'>dirigere</span> 
     </span>
     <span class='ocr_line' id='line_1_27' title="bbox 126 3065 1433 3150; baseline 0.007 -27"><span class='ocrx_word' id='word_1_266' title='bbox 126 3065 280 3143; x_wconf 63' lang='lat' dir='ltr'>annalogia</span> <span class='ocrx_word' id='word_1_267' title='bbox 307 3069 417 3146; x_wconf 89' lang='lat' dir='ltr'>possit,</span> <span class='ocrx_word' id='word_1_268' title='bbox 448 3066 579 3128; x_wconf 84' lang='lat' dir='ltr'>breviter</span> <span class='ocrx_word' id='word_1_269' title='bbox 607 3069 769 3129; x_wconf 91' lang='lat' dir='ltr'>ostendam.</span> <span class='ocrx_word' id='word_1_270' title='bbox 807 3070 951 3149; x_wconf 85' lang='lat' dir='ltr'>siquando</span> <span class='ocrx_word' id='word_1_271' title='bbox 979 3072 1092 3150; x_wconf 88' lang='lat' dir='ltr'>aliquid</span> <span class='ocrx_word' id='word_1_272' title='bbox 1114 3075 1332 3133; x_wconf 84' lang='lat' dir='ltr'>controversiae</span> <span class='ocrx_word' id='word_1_273' title='bbox 1356 3076 1433 3133; x_wconf 85' lang='lat' dir='ltr'>acri·</span> 
     </span>
     <span class='ocr_line' id='line_1_28' title="bbox 157 3165 1434 3252; baseline 0.008 -27"><span class='ocrx_word' id='word_1_274' title='bbox 157 3165 206 3235; x_wconf 87' lang='lat' dir='ltr'>dit,</span> <span class='ocrx_word' id='word_1_275' title='bbox 240 3169 318 3247; x_wconf 89' lang='lat' dir='ltr'>quod</span> <span class='ocrx_word' id='word_1_276' title='bbox 350 3188 404 3229; x_wconf 93' lang='lat' dir='ltr'>nos</span> <span class='ocrx_word' id='word_1_277' title='bbox 437 3170 469 3228; x_wconf 93' lang='lat' dir='ltr'>in</span> <span class='ocrx_word' id='word_1_278' title='bbox 500 3169 651 3230; x_wconf 88' lang='lat' dir='ltr'>diversum</span> <span class='ocrx_word' id='word_1_279' title='bbox 678 3171 777 3250; x_wconf 89' lang='lat' dir='ltr'>aliqua</span> <span class='ocrx_word' id='word_1_280' title='bbox 805 3174 920 3232; x_wconf 89' lang='lat' dir='ltr'>ratione</span> <span class='ocrx_word' id='word_1_281' title='bbox 949 3174 1068 3234; x_wconf 84' lang='lat' dir='ltr'>trahere</span> <span class='ocrx_word' id='word_1_282' title='bbox 1103 3183 1240 3244; x_wconf 91' lang='lat' dir='ltr'>conetur,</span> <span class='ocrx_word' id='word_1_283' title='bbox 1269 3175 1434 3252; x_wconf 79' lang='lat' dir='ltr'>analogiam</span> 
     </span>
     <span class='ocr_line' id='line_1_29' title="bbox 155 3270 1432 3355; baseline 0.006 -28"><span class='ocrx_word' id='word_1_284' title='bbox 155 3270 244 3344; x_wconf 90' lang='lat' dir='ltr'>prime</span> <span class='ocrx_word' id='word_1_285' title='bbox 266 3272 467 3350; x_wconf 85' lang='lat' dir='ltr'>requiremus,</span> <span class='ocrx_word' id='word_1_286' title='bbox 493 3290 528 3331; x_wconf 87' lang='lat' dir='ltr'>ex</span> <span class='ocrx_word' id='word_1_287' title='bbox 551 3290 608 3351; x_wconf 86' lang='lat' dir='ltr'>qua</span> <span class='ocrx_word' id='word_1_288' title='bbox 631 3290 706 3352; x_wconf 86' lang='lat' dir='ltr'>quae</span> <span class='ocrx_word' id='word_1_289' title='bbox 729 3274 827 3351; x_wconf 90' lang='lat' dir='ltr'>portio</span> <span class='ocrx_word' id='word_1_290' title='bbox 850 3274 987 3351; x_wconf 89' lang='lat' dir='ltr'>eligenda</span> <span class='ocrx_word' id='word_1_291' title='bbox 1002 3277 1054 3344; x_wconf 86' lang='lat' dir='ltr'>sit,</span> <span class='ocrx_word' id='word_1_292' title='bbox 1079 3294 1133 3354; x_wconf 92' lang='lat' dir='ltr'>pcr</span> <span class='ocrx_word' id='word_1_293' title='bbox 1155 3277 1333 3355; x_wconf 88' lang='lat' dir='ltr'>euphoniam</span> <span class='ocrx_word' id='word_1_294' title='bbox 1356 3276 1432 3335; x_wconf 92' lang='lat' dir='ltr'>iudi-</span> 
     </span>
     <span class='ocr_line' id='line_1_30' title="bbox 155 3368 1432 3451; baseline 0.009 -24"><span class='ocrx_word' id='word_1_295' title='bbox 155 3368 291 3433; x_wconf 91' lang='lat' dir='ltr'>cahimus.</span> <span class='ocrx_word' id='word_1_296' title='bbox 322 3380 354 3432; x_wconf 92' lang='lat' dir='ltr'>nt</span> <span class='ocrx_word' id='word_1_297' title='bbox 376 3380 445 3451; x_wconf 90' lang='lat' dir='ltr'>puta</span> <span class='ocrx_word' id='word_1_298' title='bbox 469 3373 553 3433; x_wconf 88' lang='lat' dir='ltr'>multi</span> <span class='ocrx_word' id='word_1_299' title='bbox 577 3376 739 3451; x_wconf 89' lang='lat' dir='ltr'>genitivum</span> <span class='ocrx_word' id='word_1_300' title='bbox 763 3375 850 3435; x_wconf 91' lang='lat' dir='ltr'>huius</span> <span class='ocrx_word' id='word_1_301' title='bbox 872 3378 969 3435; x_wconf 89' lang='lat' dir='ltr'>senati</span> <span class='ocrx_word' id='word_1_302' title='bbox 991 3376 1103 3446; x_wconf 89' lang='lat' dir='ltr'>dicunt,</span> <span class='ocrx_word' id='word_1_303' title='bbox 1120 3377 1169 3438; x_wconf 89' lang='lat' dir='ltr'>alii</span> <span class='ocrx_word' id='word_1_304' title='bbox 1192 3378 1281 3438; x_wconf 91' lang='lat' dir='ltr'>huius</span> <span class='ocrx_word' id='word_1_305' title='bbox 1303 3387 1432 3439; x_wconf 88' lang='lat' dir='ltr'>senatus.</span> 
     </span>
     <span class='ocr_line' id='line_1_31' title="bbox 155 3470 1432 3555; baseline 0.008 -25"><span class='ocrx_word' id='word_1_306' title='bbox 155 3470 288 3533; x_wconf 87' lang='lat' dir='ltr'>discutiat</span> <span class='ocrx_word' id='word_1_307' title='bbox 315 3473 370 3534; x_wconf 92' lang='lat' dir='ltr'>hoc</span> <span class='ocrx_word' id='word_1_308' title='bbox 399 3481 493 3535; x_wconf 88' lang='lat' dir='ltr'>tetum</span> <span class='ocrx_word' id='word_1_309' title='bbox 522 3476 618 3554; x_wconf 88' lang='lat' dir='ltr'>prime</span> <span class='ocrx_word' id='word_1_310' title='bbox 649 3476 792 3555; x_wconf 90' lang='lat' dir='ltr'>analogia.</span> <span class='ocrx_word' id='word_1_311' title='bbox 838 3480 863 3537; x_wconf 88' lang='lat' dir='ltr'>si</span> <span class='ocrx_word' id='word_1_312' title='bbox 891 3476 980 3538; x_wconf 92' lang='lat' dir='ltr'>huius</span> <span class='ocrx_word' id='word_1_313' title='bbox 1001 3480 1112 3548; x_wconf 89' lang='lat' dir='ltr'>senati,</span> <span class='ocrx_word' id='word_1_314' title='bbox 1136 3482 1212 3540; x_wconf 90' lang='lat' dir='ltr'>sicut</span> <span class='ocrx_word' id='word_1_315' title='bbox 1234 3480 1323 3541; x_wconf 90' lang='lat' dir='ltr'>huius</span> <span class='ocrx_word' id='word_1_316' title='bbox 1345 3481 1432 3548; x_wconf 87' lang='lat' dir='ltr'>docti,</span> 
     </span>
     <span class='ocr_line' id='line_1_32' title="bbox 124 3576 1434 3653; baseline 0.006 -21"><span class='ocrx_word' id='word_1_317' title='bbox 124 3576 328 3653; x_wconf 71' lang='lat' dir='ltr'>carpenone</span> <span class='ocrx_word' id='word_1_318' title='bbox 352 3577 458 3636; x_wconf 90' lang='lat' dir='ltr'>horum</span> <span class='ocrx_word' id='word_1_319' title='bbox 481 3585 668 3647; x_wconf 88' lang='lat' dir='ltr'>senatorum,</span> <span class='ocrx_word' id='word_1_320' title='bbox 691 3580 768 3639; x_wconf 89' lang='lat' dir='ltr'>sicut</span> <span class='ocrx_word' id='word_1_321' title='bbox 790 3579 897 3640; x_wconf 87' lang='lat' dir='ltr'>horum</span> <span class='ocrx_word' id='word_1_322' title='bbox 921 3580 1088 3650; x_wconf 88' lang='lat' dir='ltr'>doctorum,</span> <span class='ocrx_word' id='word_1_323' title='bbox 1119 3580 1173 3641; x_wconf 89' lang='lat' dir='ltr'>hos</span> <span class='ocrx_word' id='word_1_324' title='bbox 1195 3589 1328 3651; x_wconf 89' lang='lat' dir='ltr'>senatos,</span> <span class='ocrx_word' id='word_1_325' title='bbox 1357 3585 1434 3641; x_wconf 88' lang='lat' dir='ltr'>sicut</span> 
     </span>
     <span class='ocr_line' id='line_1_33' title="bbox 153 3672 1434 3761; baseline 0.008 -29"><span class='ocrx_word' id='word_1_326' title='bbox 153 3672 202 3733; x_wconf 85' lang='lat' dir='ltr'>hos</span> <span class='ocrx_word' id='word_1_327' title='bbox 223 3676 324 3737; x_wconf 90' lang='lat' dir='ltr'>doctos</span> <span class='ocrx_word' id='word_1_328' title='bbox 353 3681 437 3757; x_wconf 80' lang='lat' dir='ltr'>sequi</span> <span class='ocrx_word' id='word_1_329' title='bbox 465 3698 587 3739; x_wconf 91' lang='lat' dir='ltr'>necesse</span> <span class='ocrx_word' id='word_1_330' title='bbox 615 3687 669 3739; x_wconf 89' lang='lat' dir='ltr'>est.</span> <span class='ocrx_word' id='word_1_331' title='bbox 714 3699 730 3739; x_wconf 93' lang='lat' dir='ltr'>e</span> <span class='ocrx_word' id='word_1_332' title='bbox 759 3680 876 3741; x_wconf 87' lang='lat' dir='ltr'>diverso</span> <span class='ocrx_word' id='word_1_333' title='bbox 904 3689 1001 3761; x_wconf 88' lang='lat' dir='ltr'>potest</span> <span class='ocrx_word' id='word_1_334' title='bbox 1028 3682 1141 3744; x_wconf 81' lang='lat' dir='ltr'>adferri</span> <span class='ocrx_word' id='word_1_335' title='bbox 1169 3685 1318 3761; x_wconf 86' lang='lat' dir='ltr'>analogia,</span> <span class='ocrx_word' id='word_1_336' title='bbox 1341 3672 1434 3743; x_wconf 69' lang='lat' dir='ltr'>ut&#39;sit</span> 
     </span>
     <span class='ocr_line' id='line_1_34' title="bbox 153 3774 1434 3866; baseline 0.008 -32"><span class='ocrx_word' id='word_1_337' title='bbox 153 3774 236 3838; x_wconf 87' lang='lat' dir='ltr'>huius</span> <span class='ocrx_word' id='word_1_338' title='bbox 263 3788 398 3849; x_wconf 88' lang='lat' dir='ltr'>senatus,</span> <span class='ocrx_word' id='word_1_339' title='bbox 428 3800 486 3861; x_wconf 85' lang='lat' dir='ltr'>quo</span> <span class='ocrx_word' id='word_1_340' title='bbox 515 3782 600 3841; x_wconf 82' lang='lat' dir='ltr'>inodo</span> <span class='ocrx_word' id='word_1_341' title='bbox 628 3782 717 3841; x_wconf 91' lang='lat' dir='ltr'>huius</span> <span class='ocrx_word' id='word_1_342' title='bbox 744 3783 859 3853; x_wconf 87' lang='lat' dir='ltr'>vultus,</span> <span class='ocrx_word' id='word_1_343' title='bbox 894 3803 927 3844; x_wconf 92' lang='lat' dir='ltr'>ac</span> <span class='ocrx_word' id='word_1_344' title='bbox 956 3784 1086 3866; x_wconf 79' lang='lat' dir='ltr'>perinde</span> <span class='ocrx_word' id='word_1_345' title='bbox 1111 3784 1182 3844; x_wconf 91' lang='lat' dir='ltr'>huic</span> <span class='ocrx_word' id='word_1_346' title='bbox 1211 3788 1341 3855; x_wconf 83' lang='lat' dir='ltr'>senatui,</span> <span class='ocrx_word' id='word_1_347' title='bbox 1376 3805 1434 3865; x_wconf 87' lang='lat' dir='ltr'>qtto</span> 
     </span>
     <span class='ocr_line' id='line_1_35' title="bbox 154 3878 1434 3965; baseline 0.007 -29"><span class='ocrx_word' id='word_1_348' title='bbox 154 3878 233 3938; x_wconf 90' lang='lat' dir='ltr'>mede</span> <span class='ocrx_word' id='word_1_349' title='bbox 255 3880 327 3940; x_wconf 91' lang='lat' dir='ltr'>huic</span> <span class='ocrx_word' id='word_1_350' title='bbox 350 3882 458 3953; x_wconf 79' lang='lat' dir='ltr'>vultui,</span> <span class='ocrx_word' id='word_1_351' title='bbox 482 3890 511 3943; x_wconf 92' lang='lat' dir='ltr'>et</span> <span class='ocrx_word' id='word_1_352' title='bbox 533 3884 638 3944; x_wconf 91' lang='lat' dir='ltr'>berum</span> <span class='ocrx_word' id='word_1_353' title='bbox 661 3892 831 3955; x_wconf 88' lang='lat' dir='ltr'>senatuum,</span> <span class='ocrx_word' id='word_1_354' title='bbox 855 3905 914 3965; x_wconf 89' lang='lat' dir='ltr'>quc</span> <span class='ocrx_word' id='word_1_355' title='bbox 929 3886 1016 3946; x_wconf 91' lang='lat' dir='ltr'>modo</span> <span class='ocrx_word' id='word_1_356' title='bbox 1036 3886 1142 3947; x_wconf 91' lang='lat' dir='ltr'>horum</span> <span class='ocrx_word' id='word_1_357' title='bbox 1159 3889 1305 3958; x_wconf 87' lang='lat' dir='ltr'>vultuum,</span> <span class='ocrx_word' id='word_1_358' title='bbox 1330 3896 1359 3947; x_wconf 89' lang='lat' dir='ltr'>ct</span> <span class='ocrx_word' id='word_1_359' title='bbox 1380 3887 1434 3947; x_wconf 91' lang='lat' dir='ltr'>hos</span> 
     </span>
     <span class='ocr_line' id='line_1_36' title="bbox 153 3983 1434 4066; baseline 0.006 -26"><span class='ocrx_word' id='word_1_360' title='bbox 153 3990 285 4053; x_wconf 87' lang='lat' dir='ltr'>senatus,</span> <span class='ocrx_word' id='word_1_361' title='bbox 320 4000 378 4063; x_wconf 86' lang='lat' dir='ltr'>que</span> <span class='ocrx_word' id='word_1_362' title='bbox 411 3983 497 4043; x_wconf 90' lang='lat' dir='ltr'>mede</span> <span class='ocrx_word' id='word_1_363' title='bbox 530 3985 583 4045; x_wconf 93' lang='lat' dir='ltr'>hos</span> <span class='ocrx_word' id='word_1_364' title='bbox 618 3986 724 4046; x_wconf 83' lang='lat' dir='ltr'>rullus</span> <span class='ocrx_word' id='word_1_365' title='bbox 770 4006 805 4047; x_wconf 84' lang='lat' dir='ltr'>ex</span> <span class='ocrx_word' id='word_1_366' title='bbox 834 3994 960 4066; x_wconf 88' lang='lat' dir='ltr'>utraque</span> <span class='ocrx_word' id='word_1_367' title='bbox 989 3996 1072 4066; x_wconf 90' lang='lat' dir='ltr'>parte</span> <span class='ocrx_word' id='word_1_368' title='bbox 1100 3989 1234 4050; x_wconf 85' lang='lat' dir='ltr'>ridemus</span> <span class='ocrx_word' id='word_1_369' title='bbox 1271 3988 1434 4066; x_wconf 84' lang='lat' dir='ltr'>analogiam</span> 
     </span>
     <span class='ocr_line' id='line_1_37' title="bbox 123 4080 1434 4170; baseline 0.01 -34"><span class='ocrx_word' id='word_1_370' title='bbox 123 4080 277 4143; x_wconf 76' lang='lat' dir='ltr'>uallatam.</span> <span class='ocrx_word' id='word_1_371' title='bbox 322 4084 371 4144; x_wconf 93' lang='lat' dir='ltr'>hic</span> <span class='ocrx_word' id='word_1_372' title='bbox 394 4104 471 4145; x_wconf 93' lang='lat' dir='ltr'>nunc</span> <span class='ocrx_word' id='word_1_373' title='bbox 494 4086 605 4147; x_wconf 90' lang='lat' dir='ltr'>iudicet</span> <span class='ocrx_word' id='word_1_374' title='bbox 627 4088 790 4167; x_wconf 89' lang='lat' dir='ltr'>euphonia,</span> <span class='ocrx_word' id='word_1_375' title='bbox 813 4108 888 4167; x_wconf 84' lang='lat' dir='ltr'>quae</span> <span class='ocrx_word' id='word_1_376' title='bbox 911 4107 997 4149; x_wconf 80' lang='lat' dir='ltr'>voces</span> <span class='ocrx_word' id='word_1_377' title='bbox 1020 4093 1164 4169; x_wconf 60' lang='lat' dir='ltr'>aptiores</span> <span class='ocrx_word' id='word_1_378' title='bbox 1188 4110 1263 4170; x_wconf 86' lang='lat' dir='ltr'>quac</span> <span class='ocrx_word' id='word_1_379' title='bbox 1286 4092 1434 4151; x_wconf 88' lang='lat' dir='ltr'>decentio·</span> 
     </span>
     <span class='ocr_line' id='line_1_38' title="bbox 153 4188 1435 4272; baseline 0.009 -32"><span class='ocrx_word' id='word_1_380' title='bbox 153 4201 197 4243; x_wconf 90' lang='lat' dir='ltr'>res</span> <span class='ocrx_word' id='word_1_381' title='bbox 218 4188 290 4246; x_wconf 91' lang='lat' dir='ltr'>sint.</span> <span class='ocrx_word' id='word_1_382' title='bbox 334 4188 469 4265; x_wconf 88' lang='lat' dir='ltr'>proiecto</span> <span class='ocrx_word' id='word_1_383' title='bbox 491 4188 559 4249; x_wconf 90' lang='lat' dir='ltr'>illae</span> <span class='ocrx_word' id='word_1_384' title='bbox 582 4208 708 4269; x_wconf 90' lang='lat' dir='ltr'>quarum</span> <span class='ocrx_word' id='word_1_385' title='bbox 731 4192 807 4250; x_wconf 88' lang='lat' dir='ltr'>ratio</span> <span class='ocrx_word' id='word_1_386' title='bbox 830 4191 922 4251; x_wconf 79' lang='lat' dir='ltr'>vultui</span> <span class='ocrx_word' id='word_1_387' title='bbox 950 4192 1119 4271; x_wconf 87' lang='lat' dir='ltr'>respondet.</span> <span class='ocrx_word' id='word_1_388' title='bbox 1165 4192 1270 4272; x_wconf 86' lang='lat' dir='ltr'>quodsi</span> <span class='ocrx_word' id='word_1_389' title='bbox 1293 4193 1361 4253; x_wconf 91' lang='lat' dir='ltr'>illac</span> <span class='ocrx_word' id='word_1_390' title='bbox 1384 4193 1435 4251; x_wconf 86' lang='lat' dir='ltr'>tle·</span> 
     </span>
     <span class='ocr_line' id='line_1_39' title="bbox 154 4288 1435 4373; baseline 0.009 -30"><span class='ocrx_word' id='word_1_391' title='bbox 154 4288 298 4346; x_wconf 87' lang='lat' dir='ltr'>centiores</span> <span class='ocrx_word' id='word_1_392' title='bbox 324 4295 409 4358; x_wconf 87' lang='lat' dir='ltr'>sunt,</span> <span class='ocrx_word' id='word_1_393' title='bbox 444 4299 577 4351; x_wconf 84' lang='lat' dir='ltr'>certante</span> <span class='ocrx_word' id='word_1_394' title='bbox 606 4293 685 4352; x_wconf 92' lang='lat' dir='ltr'>inter</span> <span class='ocrx_word' id='word_1_395' title='bbox 720 4312 751 4349; x_wconf 87' lang='lat' dir='ltr'>se</span> <span class='ocrx_word' id='word_1_396' title='bbox 780 4292 914 4371; x_wconf 84' lang='lat' dir='ltr'>analogia</span> <span class='ocrx_word' id='word_1_397' title='bbox 937 4296 1027 4353; x_wconf 90' lang='lat' dir='ltr'>variis</span> <span class='ocrx_word' id='word_1_398' title='bbox 1050 4294 1193 4372; x_wconf 82' lang='lat' dir='ltr'>exentplis</span> <span class='ocrx_word' id='word_1_399' title='bbox 1217 4294 1247 4353; x_wconf 89' lang='lat' dir='ltr'>id</span> <span class='ocrx_word' id='word_1_400' title='bbox 1269 4294 1347 4373; x_wconf 87' lang='lat' dir='ltr'>quod</span> <span class='ocrx_word' id='word_1_401' title='bbox 1369 4295 1435 4372; x_wconf 89' lang='lat' dir='ltr'>pul·</span> 
     </span>
     <span class='ocr_line' id='line_1_40' title="bbox 153 4384 1435 4475; baseline 0.009 -30"><span class='ocrx_word' id='word_1_402' title='bbox 153 4384 249 4449; x_wconf 85' lang='lat' dir='ltr'>chrius</span> <span class='ocrx_word' id='word_1_403' title='bbox 272 4398 317 4450; x_wconf 91' lang='lat' dir='ltr'>est</span> <span class='ocrx_word' id='word_1_404' title='bbox 341 4392 426 4469; x_wconf 87' lang='lat' dir='ltr'>eligit</span> <span class='ocrx_word' id='word_1_405' title='bbox 449 4392 605 4472; x_wconf 87' lang='lat' dir='ltr'>euphonia.</span> <span class='ocrx_word' id='word_1_406' title='bbox 637 4412 706 4453; x_wconf 89' lang='lat' dir='ltr'>sane</span> <span class='ocrx_word' id='word_1_407' title='bbox 723 4394 861 4472; x_wconf 88' lang='lat' dir='ltr'>qttoniam</span> <span class='ocrx_word' id='word_1_408' title='bbox 884 4395 973 4473; x_wconf 91' lang='lat' dir='ltr'>paulo</span> <span class='ocrx_word' id='word_1_409' title='bbox 995 4395 1122 4457; x_wconf 77' lang='lat' dir='ltr'>diximus</span> <span class='ocrx_word' id='word_1_410' title='bbox 1144 4398 1283 4475; x_wconf 88' lang='lat' dir='ltr'>superius</span> <span class='ocrx_word' id='word_1_411' title='bbox 1303 4396 1435 4475; x_wconf 89' lang='lat' dir='ltr'>plerum·</span> 
     </span>
    </p>
   </div>
   <div class='ocr_carea' id='block_1_3' title="bbox 153 4538 451 4553">
    <p class='ocr_par' dir='ltr' id='par_1_3' title="bbox 153 4538 451 4553">
     <span class='ocr_line' id='line_1_41' title="bbox 153 4538 451 4553; baseline 0.007 -3"><span class='ocrx_word' id='word_1_412' title='bbox 153 4538 451 4553; x_wconf 41' lang='grc' dir='ltr'>-ὴ-ι--η--ᾑ</span> 
     </span>
    </p>
   </div>
   <div class='ocr_carea' id='block_1_4' title="bbox 152 4628 1442 4975">
    <p class='ocr_par' dir='ltr' id='par_1_4' title="bbox 152 4628 1442 4975">
     <span class='ocr_line' id='line_1_42' title="bbox 218 4628 1436 4693; baseline 0.007 -17"><span class='ocrx_word' id='word_1_413' title='bbox 218 4629 234 4676; x_wconf 80' lang='grc'>2</span> <span class='ocrx_word' id='word_1_414' title='bbox 250 4630 334 4679; x_wconf 80' lang='lat' dir='ltr'>modia</span> <span class='ocrx_word' id='word_1_415' title='bbox 352 4637 411 4681; x_wconf 85' lang='lat' dir='ltr'>suut</span> <span class='ocrx_word' id='word_1_416' title='bbox 430 4630 457 4679; x_wconf 90' lang='lat' dir='ltr'>in</span> <span class='ocrx_word' id='word_1_417' title='bbox 478 4628 534 4680; x_wconf 86' lang='lat' dir='ltr'>BL</span> <span class='ocrx_word' id='word_1_418' title='bbox 549 4629 616 4679; x_wconf 89' lang='lat' dir='ltr'>medi</span> <span class='ocrx_word' id='word_1_419' title='bbox 636 4636 695 4679; x_wconf 87' lang='lat' dir='ltr'>aunt</span> <span class='ocrx_word' id='word_1_420' title='bbox 715 4632 739 4693; x_wconf 53' lang='grc' dir='ltr'>,ιζ</span> <span class='ocrx_word' id='word_1_421' title='bbox 757 4631 782 4680; x_wconf 95' lang='lat' dir='ltr'>in</span> <span class='ocrx_word' id='word_1_422' title='bbox 803 4630 836 4680; x_wconf 88' lang='lat' dir='ltr'><em>M</em></span> <span class='ocrx_word' id='word_1_423' title='bbox 898 4630 913 4680; x_wconf 82' lang='lat'><strong>3</strong></span> <span class='ocrx_word' id='word_1_424' title='bbox 927 4641 1083 4681; x_wconf 84' lang='lat' dir='ltr'>caeterorum</span> <span class='ocrx_word' id='word_1_425' title='bbox 1097 4634 1130 4683; x_wconf 92' lang='lat' dir='ltr'><em>M</em></span> <span class='ocrx_word' id='word_1_426' title='bbox 1198 4634 1214 4683; x_wconf 82' lang='lat'><strong>5</strong></span> <span class='ocrx_word' id='word_1_427' title='bbox 1233 4634 1369 4684; x_wconf 86' lang='lat' dir='ltr'>identidem</span> <span class='ocrx_word' id='word_1_428' title='bbox 1385 4634 1436 4684; x_wconf 81' lang='lat' dir='ltr'>BL</span> 
     </span>
     <span class='ocr_line' id='line_1_43' title="bbox 217 4696 1379 4766; baseline 0.003 -17"><span class='ocrx_word' id='word_1_429' title='bbox 217 4696 374 4766; x_wconf 75' lang='lat' dir='ltr'>dsingulori</span> <span class='ocrx_word' id='word_1_430' title='bbox 396 4715 442 4753; x_wconf 83' lang='lat' dir='ltr'>orn.</span> <span class='ocrx_word' id='word_1_431' title='bbox 461 4700 558 4749; x_wconf 86' lang='lat' dir='ltr'>BML</span> <span class='ocrx_word' id='word_1_432' title='bbox 627 4699 725 4749; x_wconf 76' lang='lat' dir='ltr'>tiliaco</span> <span class='ocrx_word' id='word_1_433' title='bbox 741 4700 795 4751; x_wconf 83' lang='lat' dir='ltr'>dies</span> <span class='ocrx_word' id='word_1_434' title='bbox 815 4701 848 4749; x_wconf 91' lang='lat' dir='ltr'><em>M</em></span> <span class='ocrx_word' id='word_1_435' title='bbox 917 4702 947 4751; x_wconf 93' lang='lat'>11</span> <span class='ocrx_word' id='word_1_436' title='bbox 967 4702 1030 4751; x_wconf 85' lang='lat' dir='ltr'>haec</span> <span class='ocrx_word' id='word_1_437' title='bbox 1048 4702 1104 4752; x_wconf 86' lang='lat' dir='ltr'>dies</span> <span class='ocrx_word' id='word_1_438' title='bbox 1122 4703 1210 4752; x_wconf 85' lang='lat' dir='ltr'>harum</span> <span class='ocrx_word' id='word_1_439' title='bbox 1229 4703 1326 4753; x_wconf 85' lang='lat' dir='ltr'>dierum</span> <span class='ocrx_word' id='word_1_440' title='bbox 1346 4706 1379 4754; x_wconf 89' lang='lat' dir='ltr'><em>M</em></span> 
     </span>
     <span class='ocr_line' id='line_1_44' title="bbox 154 4764 1371 4835; baseline 0.008 -20"><span class='ocrx_word' id='word_1_441' title='bbox 154 4764 182 4815; x_wconf 87' lang='lat'>13</span> <span class='ocrx_word' id='word_1_442' title='bbox 201 4772 316 4835; x_wconf 84' lang='lat' dir='ltr'>exeeptis</span> <span class='ocrx_word' id='word_1_443' title='bbox 336 4770 433 4820; x_wconf 87' lang='lat' dir='ltr'>scilieet</span> <span class='ocrx_word' id='word_1_444' title='bbox 456 4770 580 4819; x_wconf 85' lang='lat' dir='ltr'>noeetiuis</span> <span class='ocrx_word' id='word_1_445' title='bbox 600 4771 763 4819; x_wconf 86' lang='lat' dir='ltr'>nominatinis</span> <span class='ocrx_word' id='word_1_446' title='bbox 782 4770 908 4821; x_wconf 81' lang='lat' dir='ltr'>similibus</span> <span class='ocrx_word' id='word_1_447' title='bbox 929 4772 960 4821; x_wconf 93' lang='lat' dir='ltr'><em>M</em></span> <span class='ocrx_word' id='word_1_448' title='bbox 1047 4774 1081 4822; x_wconf 79' lang='lat'>22</span> <span class='ocrx_word' id='word_1_449' title='bbox 1099 4773 1140 4821; x_wconf 86' lang='lat' dir='ltr'>nel</span> <span class='ocrx_word' id='word_1_450' title='bbox 1159 4772 1318 4823; x_wconf 89' lang='lat' dir='ltr'>clinationem</span> <span class='ocrx_word' id='word_1_451' title='bbox 1337 4775 1371 4825; x_wconf 97' lang='lat' dir='ltr'><em>M</em></span> 
     </span>
     <span class='ocr_line' id='line_1_45' title="bbox 153 4836 1439 4909; baseline 0.01 -27"><span class='ocrx_word' id='word_1_452' title='bbox 153 4836 183 4883; x_wconf 78' lang='lat'>25</span> <span class='ocrx_word' id='word_1_453' title='bbox 200 4841 332 4889; x_wconf 81' lang='lat' dir='ltr'>estendam</span> <span class='ocrx_word' id='word_1_454' title='bbox 350 4856 382 4889; x_wconf 77' lang='lat' dir='ltr'>oc</span> <span class='ocrx_word' id='word_1_455' title='bbox 400 4856 525 4891; x_wconf 81' lang='lat' dir='ltr'>nnatoom</span> <span class='ocrx_word' id='word_1_456' title='bbox 545 4842 566 4888; x_wconf 87' lang='lat' dir='ltr'>si</span> <span class='ocrx_word' id='word_1_457' title='bbox 589 4839 690 4903; x_wconf 87' lang='lat' dir='ltr'>quande</span> <span class='ocrx_word' id='word_1_458' title='bbox 711 4840 771 4889; x_wconf 87' lang='lat' dir='ltr'>ML</span> <span class='ocrx_word' id='word_1_459' title='bbox 842 4843 1030 4892; x_wconf 74' lang='lat' dir='ltr'>controuersiae</span> <span class='ocrx_word' id='word_1_460' title='bbox 1049 4843 1111 4892; x_wconf 85' lang='lat' dir='ltr'>ML</span> <span class='ocrx_word' id='word_1_461' title='bbox 1180 4844 1214 4895; x_wconf 80' lang='lat'>26</span> <span class='ocrx_word' id='word_1_462' title='bbox 1232 4841 1310 4909; x_wconf 91' lang='lat' dir='ltr'>qued]</span> <span class='ocrx_word' id='word_1_463' title='bbox 1331 4861 1395 4909; x_wconf 87' lang='lat' dir='ltr'>quae</span> <span class='ocrx_word' id='word_1_464' title='bbox 1413 4846 1439 4895; x_wconf 82' lang='lat' dir='ltr'><em>B</em></span> 
     </span>
     <span class='ocr_line' id='line_1_46' title="bbox 152 4903 1442 4975; baseline 0.009 -22"><span class='ocrx_word' id='word_1_465' title='bbox 152 4903 183 4954; x_wconf 74' lang='lat'>33</span> <span class='ocrx_word' id='word_1_466' title='bbox 201 4923 266 4971; x_wconf 74' lang='lat' dir='ltr'>(puae</span> <span class='ocrx_word' id='word_1_467' title='bbox 286 4910 443 4960; x_wconf 86' lang='lat' dir='ltr'>decentiores</span> <span class='ocrx_word' id='word_1_468' title='bbox 461 4920 519 4960; x_wconf 83' lang='lat' dir='ltr'>sunt</span> <span class='ocrx_word' id='word_1_469' title='bbox 542 4910 566 4959; x_wconf 87' lang='lat' dir='ltr'><em>B</em></span> <span class='ocrx_word' id='word_1_470' title='bbox 584 4926 648 4974; x_wconf 87' lang='lat' dir='ltr'>quae</span> <span class='ocrx_word' id='word_1_471' title='bbox 661 4910 812 4961; x_wconf 83' lang='lat' dir='ltr'>dicentiores</span> <span class='ocrx_word' id='word_1_472' title='bbox 830 4920 890 4961; x_wconf 89' lang='lat' dir='ltr'>sunt</span> <span class='ocrx_word' id='word_1_473' title='bbox 907 4911 1008 4975; x_wconf 82' lang='lat' dir='ltr'>Lquae</span> <span class='ocrx_word' id='word_1_474' title='bbox 1022 4913 1178 4963; x_wconf 84' lang='lat' dir='ltr'>decentiores</span> <span class='ocrx_word' id='word_1_475' title='bbox 1193 4914 1331 4964; x_wconf 85' lang='lat' dir='ltr'>narrationi</span> <span class='ocrx_word' id='word_1_476' title='bbox 1345 4915 1395 4964; x_wconf 84' lang='lat' dir='ltr'>sint</span> <span class='ocrx_word' id='word_1_477' title='bbox 1407 4916 1442 4964; x_wconf 93' lang='lat' dir='ltr'><em>M</em></span> 
     </span>
    </p>
   </div>
   <div class='ocr_carea' id='block_1_5' title="bbox 1169 4997 1235 5061">
    <p class='ocr_par' dir='ltr' id='par_1_5' title="bbox 1169 4997 1235 5061">
     <span class='ocr_line' id='line_1_47' title="bbox 1169 4997 1235 5061; baseline 0.015 -1"><span class='ocrx_word' id='word_1_478' title='bbox 1169 4997 1235 5061; x_wconf 72' lang='lat'>24*</span> 
     </span>
    </p>
   </div>
   <div class='ocr_carea' id='block_1_6' title="bbox 0 0 1768 5600">
    <p class='ocr_par' dir='ltr' id='par_1_6' title="bbox 0 0 1768 5600">
     <span class='ocr_line' id='line_1_48' title="bbox 0 0 1768 5600; baseline 0 1"><span class='ocrx_word' id='word_1_479' title='bbox 0 0 1768 5600; x_wconf 95' lang='lat' dir='ltr'> </span> 
     </span>
    </p>
   </div>
  </div>
 </body>
</html>
