3525 5600
317 390 381 454 370
858 389 1061 451 consentu

343 513 364 551 p.
379 501 436 542 2055.
450 501 474 540 56
487 500 510 540 ll.

317 583 437 644 stratum
459 580 562 648 hahet,
587 597 679 638 veneo
700 580 856 658 patieutis,
880 577 984 640 eadem
1006 579 1120 639 ratione
1143 597 1200 657 qua
1222 579 1299 638 lucio
1322 586 1353 638 et
1374 579 1423 637 he.
1467 589 1594 669 urunerat

318 684 479 763 hospitem,
517 689 690 742 muneratur
722 681 887 760 hospitem,
921 681 1025 741 cadem
1055 682 1233 758 significatio
1263 688 1307 740 est
1334 682 1366 740 iu
1395 688 1517 759 utroque
1544 682 1592 742 sub

319 787 444 846 dirersis
466 783 729 844 declinationibus:
761 783 851 844 hahet
878 785 1010 844 enimin
1033 790 1159 861 utroquo
1182 785 1242 844 vim
1264 785 1398 842 activam.
1443 783 1510 842 huic
1530 803 1591 844 con·

319 890 443 948 trarium
466 893 511 946 est
534 887 674 947 ‘induit
702 886 807 946 albos
835 904 912 946 rum
940 888 1032 946 vitta
1060 888 1204 946 eriues’
1227 893 1258 945 et
1279 885 1458 945 ‘loricam
1480 885 1590 946 indui-

319 991 413 1052 tur’:
437 988 528 1049 hahet
550 991 629 1049 enim
652 991 683 1050 iu
707 998 834 1068 utroque
858 990 917 1048 vim
939 990 1095 1067 passivam.

402 1091 495 1160 Nune,
520 1093 659 1168 quoniam
675 1110 729 1171 per
746 1090 876 1168 singulas
892 1108 967 1170 quae
981 1089 1074 1150 verbo
1090 1090 1228 1152 accidunt
1249 1097 1350 1170 partes
1372 1089 1498 1149 dehcere
1512 1090 1592 1150 verba

317 1194 404 1274 paulo
420 1199 487 1254 aute
504 1192 718 1272 praediximus
743 1211 830 1272 quem
854 1193 890 1252 ad
914 1193 1032 1254 modum
1056 1195 1086 1252 iu
1109 1209 1219 1270 genere
1242 1191 1327 1252 verbi
1350 1192 1496 1252 defectiva
1516 1193 1590 1253 iutel-

317 1297 467 1374 legautur,
492 1295 622 1356 breviter
638 1291 872 1374 e'onplcctemur.
904 1295 1048 1374 quaedam
1071 1297 1114 1354 sic
1136 1294 1292 1364 deliciunt,
1316 1301 1348 1354 ut
1370 1313 1430 1353 uon
1452 1296 1591 1354 iuveoian·

317 1407 366 1460 tur
398 1399 515 1458 litterae
550 1397 668 1465 solitae,
695 1397 778 1476 'quac
806 1399 902 1477 prrima
928 1415 1056 1476 persona
1082 1399 1250 1476 praesentis
1279 1398 1424 1476 temporis
1451 1396 1591 1458 indicativi

318 1501 397 1562 urodi
419 1519 513 1578 genus
536 1500 754 1568 demonstrant,
780 1519 796 1558 o
820 1499 935 1559 scilicet
957 1507 987 1559 et
1010 1519 1035 1559 r.
1065 1518 1099 1559 ea
1123 1507 1190 1560 sunt
1205 1499 1404 1568 huiusmodi,
1428 1505 1461 1558 ιιι
1481 1501 1590 1560 memini
1603 1522 1623 1560 ιι

317 1621 438 1683 possum
461 1603 559 1664 taedet
581 1604 711 1680 inquam.
756 1601 900 1680 quaedam
923 1620 994 1662 vero
1016 1620 1053 1662 ne
1076 1601 1187 1662 hahent
1209 1600 1329 1681 quidem
1352 1604 1479 1680 primam
1500 1621 1590 1682 perso·

317 1725 401 1774 nam,
431 1713 464 1766 ut
492 1706 533 1765 sis
560 1705 624 1764 iulit
654 1723 716 1763 avc.
761 1723 815 1764 nce
844 1704 939 1764 solum
966 1703 1021 1764 hae
1050 1705 1165 1763 ratione
1193 1704 1349 1773 (lelieiuut,
1381 1705 1433 1764 sed
1455 1705 1590 1766 interdum

318 1827 425 1868 novum
447 1805 588 1886 quiddam
617 1807 768 1866 iuvenitur
791 1809 822 1866 iu
846 1825 880 1865 eo
904 1805 1009 1874 verbo,
1042 1825 1100 1884 quo
1122 1822 1217 1882 genus
1239 1825 1293 1885 per
1315 1805 1448 1868 litteram
1470 1807 1590 1868 declara-

318 1920 384 1978 tur‚
400 1909 523 1968 ‘seilicet
545 1916 578 1968 ut
602 1914 702 1968 contra
725 1910 871 1968 rationem
898 1916 1066 1968 ceterorum
1094 1910 1125 1967 in
1148 1909 1206 1969 tine
1228 1909 1373 1988 producta
1395 1911 1435 1969 sit
1455 1929 1473 1968 o
1493 1909 1590 1978 littera,

232 2075 237 2082 ,
319 2021 350 2072 ιιι
373 2021 418 2072 sto
441 2011 477 2071 do
499 2011 547 2070 llo.
592 2011 643 2070 sed
671 2010 744 2070 haec
773 2019 922 2090 tamquam
950 2008 1149 2089 monosyllaba
1173 2005 1179 2093 Ι
1203 2019 1306 2070 contra
1335 2011 1467 2088 regulam
1493 2011 1622 2090 produ-u

318 2121 440 2183 cuntur,
463 2133 640 2193 quamquam
654 2112 778 2191 Virgilio
801 2114 844 2172 sic
858 2111 1049 2173 observatum
1072 2115 1126 2182 sit,
1149 2121 1183 2174 nt
1204 2131 1291 2173 omne
1314 2112 1438 2174 verhrmr
1459 2134 1478 2173 o
1498 2117 1592 2173 termi-

319 2225 434 2285 natum,
464 2223 661 2296 quotcumque
691 2214 869 2295 syllabarum
897 2223 990 2284 esset,
1020 2215 1235 2294 produceretur
1264 2217 1363 2294 potius
1391 2235 1480 2295 quam
1508 2219 1593 2275 corri-

318 2327 449 2399 peretur.
479 2318 623 2397 quaedam
637 2317 767 2378 litteram
783 2317 955 2378 sollemnem
978 2337 1011 2378 ac
1034 2318 1161 2394 legitimi
1183 2319 1328 2397 temporis
1350 2319 1381 2376 iu
1402 2319 1460 2378 line
1482 2318 1592 2387 hahent

318 2422 369 2482 sed
393 2422 429 2481 ad
459 2420 683 2498 siguificaudtuu
711 2438 805 2497 genus
833 2419 908 2480 nihil
931 2419 1066 2498 prodest,
1096 2420 1173 2499 quod
1196 2420 1275 2480 idem
1298 2419 1421 2480 verbum
1444 2421 1593 2481 eulaliam

318 2541 476 2604 personam
498 2530 548 2584 aut
570 2523 659 2583 alium
682 2522 800 2582 modum
823 2521 934 2591 adfert,
957 2541 1045 2601 quam
1060 2541 1118 2601 quo
1133 2539 1227 2600 genus
1249 2521 1442 2599 intellegitur,
1466 2531 1497 2582 ut
1518 2522 1622 2586 cedou

319 2645 376 2686 uou
400 2627 479 2685 enim
504 2627 599 2704 prima
622 2642 748 2703 persona
771 2630 816 2684 est
837 2624 991 2684 indicativi
1013 2623 1092 2684 modi
1117 2625 1262 2703 temporis
1283 2626 1458 2702 praesentis,
1482 2625 1532 2684 sed
1553 2643 1591 2683 sc·

319 2728 412 2789 eunde
437 2735 482 2787 est
503 2727 669 2807 imperativi
692 2726 771 2786 modi
794 2728 937 2805 temporis
958 2728 1134 2806 praesentis.
1178 2726 1251 2786 redo
1273 2729 1355 2786 enim
1376 2728 1521 2806 signifieat
1542 2727 1592 2786 die.

404 2830 440 2890 Et
463 2832 601 2909 quoniam
624 2830 660 2889 de
684 2830 829 2890 confessis
851 2830 982 2910 quinque
1005 2829 1166 2907 generibus
1188 2832 1260 2891 satis
1281 2830 1394 2891 dictum
1416 2838 1476 2899 est,
1498 2830 1533 2890 de
1554 2832 1592 2889 iu-

319 2932 468 3013 persouali
501 2949 610 3009 genere
644 2930 727 2991 verbi
760 2929 941 3009 subiungere
975 2934 1178 2993 necessarium
1211 2940 1266 2992 est.
1311 2934 1422 2992 etenim
1450 2931 1487 2992 de
1516 2933 1593 2992 istius

318 3034 397 3095 modi
421 3033 520 3094 verbis
543 3036 620 3093 inter
643 3040 756 3093 veteres
778 3041 988 3114 praeceptores
1010 3052 1069 3094 nou
1091 3034 1171 3095 nulla
1194 3034 1340 3095 dissensio
1362 3039 1417 3094 est.
1447 3035 1499 3096 alii
1520 3036 1633 3108 errimus]

320 3139 375 3198 hoc
398 3154 492 3215 genus
514 3135 597 3195 verhi
613 3135 710 3196 modis
726 3136 889 3215 adplicant,
913 3137 965 3197 alii
980 3136 1142 3214 generibus
1163 3139 1262 3215 potius
1284 3144 1314 3196 et
1336 3135 1593 3213 significationibus

320 3242 446 3317 iungunt
469 3244 497 3297 et
520 3239 602 3298 aitvnt
625 3238 742 3299 medum
766 3258 830 3298 csse
853 3258 912 3298 non
934 3257 1035 3318 posse,
1059 3241 1199 3317 quoniam
1221 3258 1276 3318 per
1298 3256 1401 3298 omues
1423 3238 1524 3298 modos
1543 3238 1591 3297 sol·

320 3342 411 3402 lemni
438 3342 613 3418 figuratione
642 3340 789 3401 decurrat.
835 3359 889 3401 uos
916 3342 987 3420 quid
1023 3341 1206 3420 sequendum
1240 3340 1438 3408 arbitremur,
1471 3341 1592 3418 exposita

319 3445 404 3524 prius
436 3443 670 3521 inpersonalium
704 3445 834 3503 omnium
868 3445 997 3512 ratione,
1041 3444 1214 3523 pandemus.
1267 3443 1318 3503 sed
1356 3445 1528 3523 priusquam
1561 3440 1592 3500 de

320 3547 394 3625 ipsis
427 3543 664 3623 inpersoualihus
696 3545 866 3623 loquamur,
900 3545 957 3608 hoc
988 3547 1178 3625 praemisisse
1211 3545 1284 3605 utile
1317 3554 1376 3612 est,
1411 3552 1444 3603 ut
1476 3546 1625 3606 sciamusne
1713 3559 1715 3564 '

320 3650 416 3708 omnia
446 3645 536 3706 verba
563 3665 637 3725 quae
667 3664 809 3726 personas
836 3649 1004 3725 significant
1030 3650 1130 3707 statim
1159 3655 1189 3707 et
1212 3655 1345 3727 tempora
1367 3648 1544 3725 sigmtcam,
1564 3652 1594 3703 ιιι

320 3758 390 3829 puta
413 3750 488 3826 legis
511 3748 583 3825 legit
606 3747 723 3825 legebat
746 3756 775 3807 et
797 3756 910 3818 cetera,
941 3757 970 3809 at
993 3768 1063 3809 vero
1084 3768 1160 3828 quae
1183 3758 1317 3829 tempera
1340 3751 1521 3827 significant,
1542 3764 1592 3806 nou

320 3852 419 3911 statim
448 3857 477 3910 et
505 3868 660 3929 personas,
692 3849 775 3910 verbi
803 3870 890 3912 eausa
917 3860 949 3912 ut
977 3852 1077 3912 dicere
1104 3852 1214 3912 dicitur
1236 3851 1392 3912 dicebatur
1415 3850 1592 3910 dictumest.

320 3971 399 4013 uvvrrc
422 3952 457 4013 de
481 3952 712 4031 inpersonalium
734 3956 763 4013 vi
792 3960 822 4012 et
850 3955 990 4014 varietate
1013 3954 1155 4015 dieenues.
1200 3952 1290 4014 verba
1312 3953 1511 4032 iupersoualia
1531 3969 1592 4010 roo-

320 4073 410 4115 sensu
431 4054 627 4133 plurimorum
643 4054 716 4115 divas
731 4055 841 4116 hahent
863 4058 994 4136 sper-ies:
1018 4063 1068 4116 aut
1090 4059 1170 4117 enim
1192 4074 1208 4115 e
1231 4064 1262 4116 ct
1283 4062 1295 4114 t
1318 4055 1429 4115 litteris
1450 4056 1628 4119 finiremus

320 4164 353 4217 ut
375 4156 449 4217 libet
470 4155 569 4216 taedet
591 4157 722 4233 paenitet
744 4158 844 4228 decet,
874 4166 924 4219 aut
950 4161 981 4219 in
1005 4165 1052 4218 tur
1080 4163 1202 4225 exeunt,
1226 4166 1258 4217 ut
1280 4165 1375 4218 stator
1397 4159 1514 4218 venitur
1533 4173 1593 4215 cur·

321 4261 398 4319 ritur
425 4258 534 4335 legitur
561 4256 703 4318 scribitur
731 4260 840 4320 dicitur
867 4262 992 4339 geritur.
1036 4260 1088 4319 sed
1117 4260 1191 4320 haec
1218 4260 1351 4320 delinitio
1370 4260 1523 4340 plerisque
1542 4275 1594 4317 uon

391 4463 407 4511 2
425 4459 589 4529 significatio]
613 4464 752 4513 substantia
773 4464 806 4513 M
872 4466 889 4513 1
909 4463 991 4513 induit
1009 4464 1091 4513 induit
1104 4463 1175 4513 albos
1195 4465 1241 4514 M:
1259 4464 1339 4529 Verg.
1356 4464 1420 4517 Aen.
1437 4462 1546 4512 1111417

322 4532 425 4581 luricam
442 4534 482 4583 L:
506 4534 583 4597 Verp.
604 4534 669 4585 Aea.
690 4534 734 4583 Vll
751 4533 803 4585 oto
873 4532 992 4599 tverbt]
1012 4534 1130 4583 uerbaB
1199 4533 1461 4598 intellegunturBM
1473 4531 1596 4581 inueniun-

322 4610 362 4651 tur
380 4603 404 4651 t
454 4601 486 4651 10
505 4602 580 4651 huius
597 4604 666 4652 modi
685 4604 725 4667 (ut
742 4603 784 4653 odi
802 4604 863 4654 uoui
880 4604 940 4657 add.
961 4606 995 4654 al.
1010 4603 1090 4668 man.)
1109 4605 1210 4654 memini
1228 4604 1254 4654 B
1270 4604 1394 4653 eiusmodi
1415 4611 1443 4653 ut
1459 4602 1556 4651 memini
1567 4598 1597 4648 M

323 4670 463 4721 eiusmodi
483 4680 509 4719 ιιι
528 4672 706 4723 nouimemioi
725 4676 749 4725 L
803 4670 1072 4737 llne]nonBM11
1126 4674 1159 4725 te
1177 4673 1224 4738 sicl
1245 4672 1293 4723 hoe
1306 4674 1339 4723 M
1387 4674 1419 4725 17
1438 4673 1598 4737 corriperetur

323 4740 416 4790 iuliae
435 4741 608 4805 queedomM
663 4745 695 4795 21
715 4744 825 4798 sedum.
846 4744 871 4793 B
927 4744 960 4791 22
979 4741 1029 4810 die]
1051 4744 1142 4793 darrel
1162 4744 1276 4793 datiuum
1296 4744 1330 4793 M
1391 4742 1550 4794 23ceolusis
1569 4738 1600 4787 M

373 4810 404 4941 d)e
418 4811 590 4931 ίἰίιιριιιοιιιὲῗι
605 4814 658 4864 BL
719 4816 753 4866 25
768 4814 880 4864 desertio
899 4812 929 4862 M
946 4813 1065 4863 diseretio
1084 4814 1109 4863 B
1171 4814 1204 4862 27
1219 4814 1335 4864 sollemni
1354 4812 1502 4882 significatio
1517 4810 1596 4874 (corr.

324 4894 382 4929 -one
436 4882 528 4929 ecurrit
