3525 5600
530 413 537 426 ·
650 395 888 460 COMMENTVM
1355 394 1418 458 245

1234 516 1255 557 p.
1269 505 1358 548 aee—er
1370 505 1393 544 ι,

215 587 285 660 Ouid
308 605 379 666 ergo
402 587 526 648 dicimus
546 585 583 648 de
605 587 669 648 istis
691 584 857 647 adverbiis?
893 585 983 666 qnid?
1018 583 1096 647 hanc
1124 583 1235 647 habere
1261 586 1415 657 rationem,
1429 596 1489 657 439,
1505 598 1536 646 tu

149 691 245 773 quando
266 697 373 752 exeant
393 691 424 750 in
446 696 505 759 ter,
528 686 647 768 quando
669 689 699 749 in
723 705 750 748 e.
787 705 856 748 nam
877 687 948 748 inde
969 688 1001 748 in
1022 686 1237 750 dubitationem
1260 695 1413 748 venerunt.

149 793 281 858 Terentius
303 791 376 852 dicit
398 790 558 862 duriter;
587 792 619 852 iu
641 789 704 851 aliis
726 788 864 852 omnibus
890 789 1017 869 legimus
1038 788 1121 849 dure.
1166 789 1270 851 Cicero
1293 789 1364 851 dicit
1384 791 1415 850 in

147 897 184 959 illa
202 894 281 956 tortia
297 895 431 955 oratione
454 893 671 973 ‘respondit
694 891 758 952 illa
781 899 819 954 ut
840 893 1023 954 meretrix
1045 910 1118 952 non
1139 891 1415 960 inhumaniter’;

106 981 283 1060 'ainhumane
311 993 453 1058 dehemus
480 994 589 1057 dicere.
633 1011 704 1072 ergo
731 995 870 1074 quoniam
898 995 1065 1055 invenimus
1092 993 1231 1054 adverbia
1257 993 1415 1074 aliquando

145 1104 168 1162 in
191 1108 230 1160 ter
256 1099 406 1167 exeuntia,
436 1095 595 1178 aliquando
621 1097 652 1156 in
676 1113 692 1156 e
720 1094 758 1156 ab
787 1113 845 1158 una
873 1094 1069 1167 derivatione,
1093 1094 1205 1156 idcirco
1228 1099 1415 1158 necessariae

147 1210 201 1262 sunt
219 1198 344 1276 regulae.
377 1205 407 1260 et
428 1199 469 1260 ait
490 1201 547 1270 sio,
572 1199 668 1258 omnia
691 1195 830 1258 adverbia
852 1215 929 1277 quae
950 1197 1087 1258 oriuntur
1109 1215 1125 1258 a
1147 1199 1282 1268 nomine,
1305 1217 1415 1278 quaere

146 1305 189 1364 hoc
208 1303 299 1381 ipsum
327 1318 437 1361 nomen
460 1299 545 1380 quale
569 1301 620 1369 sit,
646 1305 675 1360 et
697 1307 767 1360 tune
789 1297 951 1378 intellegis,
980 1297 1127 1380 quemad
1150 1298 1271 1360 modum
1294 1308 1415 1360 currant

144 1409 194 1486 ipsa
214 1401 357 1464 adverbia.
403 1401 522 1482 quando
550 1401 663 1463 dativus
691 1399 848 1480 singularis
871 1420 889 1462 o
911 1401 1001 1462 luerit
1022 1403 1211 1470 terminatus,
1233 1403 1264 1462 in
1287 1421 1304 1462 e
1326 1404 1416 1463 mittit

118 1503 309 1572 nadrerbium;
339 1503 459 1584 quando
486 1511 583 1566 autem
612 1502 726 1565 dativus
754 1502 910 1582 singularis
931 1504 942 1562 i
963 1505 1154 1571 terminatur,
1181 1521 1304 1566 neeesse
1325 1503 1415 1567 habet
1521 1562 1525 1576 ,

143 1611 166 1669 iu
190 1615 229 1668 ter
254 1608 382 1668 mittere.
428 1613 496 1686 puta
523 1607 548 1666 si
577 1605 658 1666 dicas
686 1605 756 1666 huic
783 1604 887 1674 doeto,
916 1604 1003 1667 docte
1029 1605 1115 1674 facit,
1144 1604 1214 1666 huic
1243 1605 1323 1668 claro
1344 1607 1415 1668 lacit

143 1709 220 1777 clare,
244 1705 247 1788 l
270 1706 340 1768 huic
363 1707 537 1770 admirando
559 1706 743 1769 admirande.
772 1724 843 1786 ergo
865 1705 915 1769 illa
937 1706 1077 1768 adverbia
1099 1715 1238 1786 usurpata
1260 1715 1331 1768 sunt
1345 1707 1412 1778 duo,

143 1827 217 1870 vinum
241 1827 257 1869 a
279 1803 433 1880 Terentio,
464 1827 555 1870 unum
583 1828 599 1870 a
627 1809 785 1870 Cicerone:
820 1809 869 1870 hie
898 1808 989 1870 durus
1022 1809 1110 1869 huius
1137 1808 1203 1869 duri
1231 1808 1299 1870 hnic
1327 1808 1411 1880 duro,

142 1912 201 1973 lure
221 1910 302 1980 lacit;
326 1909 374 1973 hic
397 1911 576 1972 inhumanus
597 1910 685 1972 huius
706 1901 860 1972 inhumarh
887 1911 956 1972 hnic
977 1909 1155 1980 inhumano,
1178 1910 1339 1972 inhumane
1361 1911 1412 1971 de·

113 2015 195 2076 nhuit
213 2011 323 2083 dicere,
353 2020 383 2073 et
411 2019 510 2074 tamen
537 2011 740 2074 inhumaniter
768 2013 850 2073 utria.
897 2022 927 2074 et
948 2011 1005 2074 hoe
1026 2014 1125 2093 potius
1147 2011 1291 2074 debemus
1311 2016 1410 2094 sequi;

139 2115 176 2176 illa
197 2117 267 2176 enim
291 2117 390 2195 potius
412 2116 443 2176 in
466 2116 639 2176 auctoritate
660 2122 739 2179 sunt.
770 2115 867 2177 omnia
891 2116 970 2176 enim
994 2117 1114 2176 nomina
1136 2133 1213 2196 quae
1235 2113 1332 2175 dativo
1354 2117 1412 2176 siu·

138 2216 217 2296 gulari
241 2219 270 2277 in
298 2235 316 2277 o
346 2225 455 2278 exerant
482 2216 621 2278 adverbia
651 2217 681 2277 in
711 2235 727 2276 e
755 2219 891 2285 mittunt;
921 2235 996 2297 quae
1023 2225 1122 2278 autem
1143 2219 1175 2278 in
1197 2222 1242 2276 ter
1264 2224 1409 2278 exeunte

137 2319 217 2380 dativo
243 2316 385 2397 singulari
411 2319 533 2379 veniunt
560 2319 570 2378 i
599 2319 770 2388 terminato,
806 2325 837 2380 ut
864 2325 935 2399 puta
962 2320 1033 2381 huie
1061 2318 1138 2380 laeili
1168 2317 1310 2388 faciliter,
1342 2319 1410 2398 agili

136 2419 242 2482 ailiter.

108 2439 164 2582 ug
205 2523 327 2584 Veniunt
354 2523 384 2582 in
413 2523 616 2604 quaestionem
644 2521 693 2586 illa
722 2522 797 2592 duo,
832 2522 918 2584 lacile
948 2531 978 2583 et
1004 2519 1132 2582 dilllcile.
1177 2529 1249 2602 puta
1277 2521 1526 2597 santonensi

135 2623 209 2684 ‘illud
236 2623 432 2702 intellegitur,
461 2623 513 2685 sed
541 2621 687 2694 dillieile’,
718 2622 775 2685 tale
805 2631 850 2684 est
882 2641 916 2684 ae
947 2625 973 2685 si
1007 2624 1088 2686 dicas
1119 2624 1334 2703 ‘intellegitur,
1357 2625 1408 2686 serl
1477 2653 1482 2663 .

135 2724 198 2786 nvale
222 2722 430 2806 intellegituv'.
467 2744 538 2805 ergo
560 2724 636 2786 male
659 2724 735 2786 bene
759 2725 898 2786 adverbia
925 2734 1010 2794 sunt;
1045 2727 1253 2788 incunctanter
1282 2745 1353 2807 ergo
1381 2736 1409 2788 et

133 2828 235 2890 difficile
262 2826 433 2889 adverbium
462 2830 528 2890 erit.
574 2828 626 2889 sed
654 2828 719 2889 redi
747 2828 782 2889 ad
811 2830 973 2899 rationem,
1009 2838 1038 2889 et
1065 2848 1125 2889 non
1152 2834 1197 2889 est
1225 2829 1407 2891 adverbium.

133 2948 188 2991 uam
207 2930 254 2991 hic
276 2928 404 2991 difficilis
426 2928 513 2991 huius
535 2928 661 2990 difficilis
676 2930 745 2991 huic
761 2928 887 2999 difficili,
911 2929 1000 2991 debet
1020 2929 1193 2991 adverbium
1208 2932 1239 2991 in
1255 2938 1301 2992 ter
1316 2934 1407 3001 exire,

103 3030 291 3102 arlillleiliter3
315 3048 371 3092 nec
395 3029 551 3092 dillicnlter
573 3036 672 3109 potest
694 3050 772 3100 esse,
796 3030 848 3093 sed
871 3030 1040 3093 difficiliter.
1071 3049 1142 3111 orgo
1164 3032 1246 3093 vides
1268 3035 1407 3113 quoniam

130 3134 155 3192 iu
174 3140 215 3195 ter
237 3136 318 3195 exire
342 3130 439 3193 debet.
486 3131 622 3194 similiter
650 3133 749 3195 facile:
788 3152 847 3215 quo
875 3132 964 3194 modo
991 3133 1081 3194 debet
1108 3136 1207 3196 exire?
1243 3134 1291 3195 hic
1313 3135 1408 3197 lacilis

129 3234 206 3296 huius
226 3235 321 3297 lacilis
342 3233 410 3295 huic
433 3234 526 3306 lacili,
551 3232 684 3297 iaeiliter.
724 3234 795 3316 quid
817 3235 909 3314 ergo?
932 3235 1057 3296 dicimus
1078 3237 1198 3297 nomina
1220 3239 1319 3318 potius
1342 3256 1408 3299 esse

128 3354 174 3414 pre
194 3336 340 3399 adverbiis
362 3337 473 3416 posita,
497 3354 585 3417 quam
609 3354 674 3397 esse
696 3336 849 3398 adverbia:
875 3356 935 3399 non
958 3336 1101 3399 dehemus
1123 3338 1197 3399 haec
1219 3334 1319 3401 dicere
1341 3358 1407 3401 esse

129 3438 267 3509 adverbia,
297 3439 350 3501 sed
378 3440 497 3501 nomina
526 3457 581 3519 pro
609 3438 757 3501 adverbiis
786 3440 891 3520 posita.
936 3446 966 3500 et
993 3458 1050 3519 qua
1079 3439 1245 3500 elocutione
1276 3442 1405 3502 utimurl

100 3540 186 3599 adicit
206 3540 272 3603 tali:
295 3542 461 3602 invenimus
476 3540 553 3621 apud
571 3540 730 3619 Vergilium
746 3540 821 3603 tales
837 3540 1033 3611 elocutiones,
1056 3541 1256 3603 ‘horrendum
1271 3543 1405 3614 clamat',

128 3642 248 3704 ‘torvum
277 3646 444 3703 resonant’.
490 3638 616 3725 quanjdo
644 3642 768 3702 dir-imus
796 3645 930 3705 ‘torvum
957 3642 1210 3713 resonant',·tale
1238 3653 1282 3705 est
1314 3664 1348 3707 ae
1380 3648 1405 3707 sl

126 3741 207 3804 dicam
230 3744 332 3805 ‘torve
361 3748 532 3805 resonant'.
576 3746 693 3823 quando
725 3744 790 3805 dico
819 3744 1021 3807 ‘horrendum
1044 3744 1177 3815 elamat‘,
1209 3744 1267 3807 tale
1300 3756 1344 3807 est
1370 3766 1404 3808 ac

126 3846 145 3903 si
164 3844 254 3907 dicam
279 3843 449 3907 ‘horrende
471 3844 605 3907 clamat’.
650 3862 721 3925 ergo
748 3846 865 3928 quando
893 3846 959 3907 dico
988 3846 1091 3909 ‘facile
1113 3847 1229 3909 locutus
1251 3852 1323 3919 est',
1346 3848 1404 3909 tale

126 3955 161 4005 est
185 3965 218 4007 ac
245 3948 270 4008 si
299 3946 395 4009 dicam
424 3947 567 4009 ‘faciliter
593 3947 737 4020 locutus',
766 3956 799 4011 ut
820 3951 858 4011 sit
879 3967 989 4011 nomen
1012 3969 1067 4029 pro
1089 3948 1238 4010 adverbio.
1285 3948 1404 4011 dillicile

99 4046 172 4107 etale
193 4056 237 4109 est
266 4066 301 4109 ac
328 4050 353 4109 si
381 4048 477 4111 dicam
500 4049 667 4111 difficiliter.
714 4050 834 4131 etquid
857 4050 1000 4112 debemus
1022 4052 1140 4112 dicere?
1163 4052 1282 4113 nomina
1305 4054 1403 4132 potius

124 4166 177 4210 esse
197 4170 252 4230 pro
275 4150 432 4213 adverbiis.
465 4160 493 4211 et
515 4170 589 4233 (guae
612 4162 682 4213 sunt
704 4152 833 4232 legitima
855 4154 1012 4215 adverbia?
1034 4152 1160 4215 faciliter
1183 4161 1214 4215 et
1235 4152 1400 4215 difficiliter.

182 4407 194 4457 1
213 4420 352 4470 quamnam
371 4406 465 4458 habent
482 4408 615 4469 rationem,
635 4408 736 4473 qnando
749 4410 855 4460 coniecit
868 4412 1053 4461 Lmdemanaar
1104 4412 1226 4459 2exeent
1237 4408 1294 4460 AB
1308 4418 1402 4458 exeunt

125 4474 158 4525 Cb
222 4476 380 4531 deicerod
396 4477 422 4526 A
441 4479 523 4527 cicero
541 4478 606 4528 dixit
622 4477 685 4529 Bo:
704 4480 729 4529 in
749 4482 825 4533 Verr.
847 4489 897 4531 oet.
915 4496 966 4531 aee.
985 4483 994 4532 l
1013 4482 1055 4541 52,
1075 4478 1125 4532 138
1195 4480 1402 4545 4τεεροηάοεο

180 4555 207 4595 ut
227 4560 274 4601 aar.
295 4546 336 4613 A,
355 4546 449 4601 adda
536 4564 586 4599 non
611 4548 781 4599 inhumaniter
801 4549 871 4601 noa
894 4565 943 4600 non
963 4550 1148 4601 humaniterA
1239 4550 1271 4601 13
1290 4564 1402 4598 uuumn

124 4616 215 4666 terentio
232 4632 313 4667 unum
331 4632 347 4668 e
365 4618 481 4668 cicerone
497 4617 569 4668 nco
588 4633 664 4669 unum
682 4620 715 4671 ad
733 4618 841 4671 terentitl
860 4637 937 4671 unum
956 4621 988 4671 erl
1006 4621 1122 4670 cicerone
1138 4621 1163 4670 A
1217 4618 1250 4670 tu
1269 4621 1295 4668 in
1313 4628 1401 4669 aueto-

124 4684 185 4735 ritate
202 4696 261 4739 erint
279 4687 306 4737 A
324 4689 482 4739 auctoritatis
500 4698 560 4739 sunt
577 4690 652 4740 aea
721 4692 804 4741 omnia
824 4693 893 4741 enim
910 4691 1032 4741 aduerbin
1050 4704 1116 4754 quae
1131 4691 1218 4741 <latino
1231 4690 1358 4755 singulari
1373 4691 1400 4738 in

125 4768 236 4807 oexennt
253 4760 281 4808 in
299 4773 315 4809 e
333 4760 435 4809 mittunt
452 4758 536 4809 Ano
619 4760 652 4811 21
676 4760 721 4810 sed
739 4760 804 4810 male
824 4762 982 4829 intellegitur
1000 4798 1123 4815 .......
1141 4774 1203 4826 orgo
1223 4761 1248 4810 Α
1272 4760 1318 4810 sed
1334 4761 1399 4809 male

125 4824 264 4893 intellegitur
283 4828 389 4879 dillloile
407 4842 469 4895 ergo
489 4830 535 4879 Ba
616 4829 651 4881 26
673 4828 790 4880 similiter
808 4830 877 4882 iaeili
896 4832 980 4881 ABG
1065 4830 1099 4882 30
1119 4831 1229 4880 clamant
1247 4831 1283 4880 C.-
1299 4839 1398 4880 torvum

124 4906 213 4961 repente
231 4898 325 4950 elamet
342 4906 381 4951 eat
397 4898 467 4963 apud
489 4900 624 4965 Vergilium
640 4898 705 4953 Aen.
725 4900 771 4950 Vll
791 4900 842 4953 auu
911 4903 942 4954 31
964 4916 993 4951 ae
1011 4902 1033 4952 si
1052 4902 1123 4953 diens
1142 4911 1213 4951 torrae
1233 4900 1315 4952 ABG
