3525 5600
689 329 760 390 ans
789 329 801 390 l
825 330 924 391 3—11
948 335 966 389 3
1412 329 1475 392 413

213 437 381 512 spenser.
584 510 588 516 ⁵
706 487 707 494 ἵ
1288 437 1450 490 naar-mc.

271 519 294 580 E
322 520 403 580 finita
436 522 535 579 neutri
564 521 684 596 generis
711 526 780 578 sunt
808 521 907 578 omnia
930 525 960 578 et
982 518 1091 577 tertiae
1115 516 1336 588 declinationis,
1364 527 1397 578 ut
1418 519 1476 579 boo

189 620 278 681 sedile
302 620 417 692 sedilis,
440 621 548 680 monile
571 621 704 691 moniliS,
728 628 791 680 rete
814 623 903 690 retis,
926 638 1008 680 mare
1031 615 1132 679 m‘aris

270 722 295 784 Ο
316 722 415 783 littera
439 726 597 784 terminata
619 724 726 782 tertiae
749 731 817 782 sunt
840 723 1049 783 declinationis
1071 723 1184 790 omnia,
1215 722 1267 782 sed
1291 722 1401 782 diversi
1423 741 1473 800 ge·

189 827 277 884 neris.
309 843 375 885 narn
398 845 474 904 quae
497 826 527 884 in
551 844 568 886 o
590 843 697 903 puram
718 825 859 886 desinunt
881 844 897 884 e
921 824 1014 884 vocali
1035 826 1221 903 praeposita,
1244 825 1401 885 masculini
1423 843 1473 904 ge·

165 929 266 986 sneris
298 934 382 996 sunt,
415 933 448 996 ut
482 927 530 987 bic
563 945 657 1004 ganeo
685 928 749 988 aleo
777 925 877 996 labeo,
907 946 983 1006 quac
1011 928 1224 986 nominativum
1252 935 1282 986 ot
1310 929 1474 988 vocativum

187 1029 279 1088 solum
308 1028 428 1089 babent.
473 1047 548 1108 quae
578 1031 586 1088 i
617 1035 685 1089 ante
714 1049 732 1088 o
760 1028 885 1098 babent,
915 1036 965 1088 aut
992 1030 1115 1107 propria
1142 1029 1305 1088 masculina
1328 1036 1412 1098 sunt,
1442 1038 1473 1091 ut

187 1131 274 1190 Curio
296 1131 411 1210 Scipio,
435 1137 485 1190 aut
507 1149 616 1209 corqrns
638 1131 758 1210 quidem
774 1133 978 1207 ,significantia
1007 1132 1127 1206 gencris
1149 1138 1219 1190 sunt
1241 1132 1410 1201 masculini,
1441 1140 1473 1193 ut

188 1233 233 1292 bic
256 1232 355 1292 stellio
378 1235 449 1292 unio
472 1233 577 1292 histrio
600 1235 737 1292 centurio
759 1235 842 1292 senio
865 1233 999 1292 curculio
1014 1234 1171 1310 quaternio
1193 1232 1300 1303 mulio;
1323 1240 1353 1292 ct
1374 1236 1472 1295 omnia

187 1355 203 1393 o
223 1335 353 1394 litteram
376 1337 407 1393 in
430 1335 560 1414 obliquis
583 1333 702 1394 casibus
724 1334 899 1414 productam
921 1340 1039 1393 serrant
1062 1341 1184 1413 excepto
1207 1352 1279 1404 uno,
1304 1336 1378 1396 Anio
1403 1335 1472 1415 [llu-

153 1453 251 1496 nmen
283 1445 329 1496 est
357 1435 490 1516 ltaliae],
522 1437 600 1516 qnod
629 1437 754 1497 Anienis
782 1437 862 1497 lacit.
908 1441 1093 1496 remantem
1121 1436 1337 1514 incorporalem
1359 1440 1471 1515 signiti-

186 1541 281 1598 cantia
305 1539 446 1618 ploraque
469 1557 485 1599 a
508 1538 608 1599 verbis
630 1539 850 1599 transferuntur
873 1547 903 1598 ct
930 1545 1000 1597 sunt
1028 1540 1148 1614 generis
1171 1538 1322 1608 leminini,
1345 1547 1379 1599 ut
1399 1539 1472 1600 baec

186 1641 280 1700 oratio
308 1642 384 1700 ratio
412 1642 489 1701 actio
516 1642 604 1700 statio
632 1641 759 1700 hortatio
781 1639 898 1716 religio.
944 1647 974 1698 et
1000 1639 1073 1698 baec
1100 1640 1240 1700 similiter
1267 1644 1385 1702 nomina
1418 1661 1471 1721 per

186 1760 270 1802 casus
293 1761 396 1802 omnes
419 1763 436 1802 o
457 1742 624 1822 producunt
646 1749 764 1821 praeter
788 1739 1010 1822 nomilnativum
1033 1749 1064 1800 ct
1085 1745 1249 1803 vocativum
1271 1745 1388 1803 numeri
1410 1746 1471 1804 sin·

185 1844 310 1922 gularis
339 1847 509 1924 praeposita
532 1863 602 1903 vero
624 1863 642 1903 o
664 1845 781 1904 litterae
804 1842 940 1923 qualibet
961 1853 1141 1904 consonante
1163 1846 1286 1923 propria
1302 1845 1347 1904 rel
1371 1847 1470 1925 appel-

152 1945 269 2006 relativa
300 1947 455 2006 masculini
483 1954 552 2006 sunt
581 1949 713 2024 generis,
746 1955 778 2006 ut
806 1946 854 2005 bic
883 1944 979 2006 Carbo
1001 1944 1076 2007 Libo
1102 1964 1210 2025 praeco
1237 1964 1340 2005 mucro
1362 1942 1375 2027 11
1400 1946 1471 2007 bulo

185 2049 258 2108 latro
281 2049 368 2108 lromo
391 2051 449 2108 tiro
472 2067 570 2108 sermo
591 2066 669 2132 paro*
688 2047 775 2118 Cato,
805 2054 929 2126 excepto
956 2066 1015 2107 uno
1036 2049 1159 2127 proprio
1181 2048 1318 2107 leminini
1340 2051 1470 2124 generis,

184 2150 254 2210 lracc
287 2151 375 2220 luno,
411 2159 441 2211 et
473 2151 565 2212 altero
593 2149 782 2230 appellativo,
812 2149 891 2228 quod
919 2168 937 2208 o
970 2150 1102 2209 litteram
1136 2151 1166 2208 in
1194 2147 1324 2230 obliquis
1352 2151 1471 2210 casibus

184 2254 306 2323 amittit,
330 2253 402 2313 baec
425 2271 494 2312 caro
516 2254 624 2312 carnis.
655 2252 706 2312 scd
731 2252 805 2312 dnae
828 2259 898 2312 sunt
919 2250 998 2314 solae
1021 2258 1230 2320 consonantes,
1254 2269 1272 2328 g
1295 2258 1325 2311 et
1347 2251 1379 2320 d,
1404 2254 1469 2332 qui·

184 2353 236 2414 bus
269 2354 519 2434 praecedentibus
546 2375 563 2412 o
591 2354 721 2414 litteram
751 2356 868 2414 nomina
902 2357 1023 2430 gesseris
1051 2360 1120 2414 suut
1149 2354 1299 2423 leminini,
1334 2361 1365 2414 ut
1397 2355 1470 2414 lraec

150 2471 172 2510 eo
185 2459 297 2533 imago,
320 2456 392 2516 baec
415 2457 509 2533 caligo
532 2456 625 2532 loligo
649 2458 733 2533 origo
755 2474 888 2535 propago
903 2455 1032 2515 lrirundo
1050 2454 1189 2535 [aerugo]
1206 2455 1340 2515 barundo
1355 2459 1468 2534 magni·

184 2556 251 2617 tudo
274 2557 401 2618 altitudo
424 2558 539 2618 testudo
561 2558 689 2618 lormirlo
713 2557 878 2618 similitudo
900 2558 1053 2627 lortitndo,
1070 2575 1145 2636 qnae
1167 2576 1185 2615 o
1208 2559 1239 2616 in
1261 2559 1272 2617 i
1294 2567 1469 2618 convertunt

184 2662 213 2718 in
234 2658 365 2738 obliquis
388 2659 516 2721 casibus.
561 2661 750 2739 excipiuntur
773 2662 804 2720 in
827 2668 952 2739 utraque
980 2662 1098 2737 generis
1126 2658 1281 2719 masculini
1303 2659 1391 2730 baec,
1419 2661 1469 2721 bic

184 2760 257 2839 ligo,
281 2761 331 2822 bic
353 2779 474 2839 mango,
498 2761 547 2823 bic
569 2761 694 2842 praedo,
724 2761 772 2821 bic
794 2761 867 2831 udo,
897 2761 946 2822 bic
972 2761 1078 2842 spado,
1101 2779 1177 2841 quae
1200 2781 1217 2819 o
1239 2761 1414 2841 producunt,
1439 2770 1469 2823 et

183 2864 357 2934 hienardo,
381 2865 429 2924 bic
452 2865 540 2935 ordo,
569 2882 644 2945 quae
673 2865 858 2943 superiorem
880 2864 1039 2925 termulam
1061 2872 1236 2943 sequuntur.
1280 2872 1350 2925 sunt
1370 2873 1468 2925 autem

150 2974 322 3046 nquattuor
350 2973 463 3027 tantum
491 2968 578 3027 modo
606 2985 680 3045 quae
709 2967 855 3027 neutralia
885 2986 951 3027 esse
974 2975 1112 3045 possunt,
1142 2984 1267 3045 quorum
1290 2985 1358 3045 pars
1380 2967 1467 3027 dimi·

184 3069 230 3129 dia
259 3068 491 3129 declinationem
518 3071 643 3148 patitur,
673 3075 705 3128 ut
733 3068 791 3128 duo
820 3075 849 3128 et
877 3067 974 3127 ambo.
1018 3068 1117 3148 pondo
1145 3076 1243 3128 autem
1265 3075 1295 3126 et
1316 3075 1383 3128 octo
1406 3088 1467 3129 mo·

183 3178 301 3251 noptota
324 3177 394 3230 sunt
415 3176 445 3229 et
460 3176 575 3230 tantum
589 3170 745 3250 pluraliter
761 3170 938 3239 ellcruntur,
962 3175 995 3229 ut
1016 3169 1089 3231 baec
1111 3168 1208 3249 pondo
1230 3169 1336 3230 borum
1357 3170 1465 3249 pondo.

264 3374 299 3427 32
319 3373 429 3423 olitters
448 3374 579 3423 terminata
599 3372 673 3424 clar.
694 3372 737 3438 63,
756 3373 779 3423 8.
802 3388 858 3423 ece.
880 3371 957 3425 Olor.
976 3371 1037 3433 543,
1052 3372 1160 3425 4Prob.
1182 3372 1246 3422 cath.
1262 3371 1289 3437 9,
1308 3374 1341 3425 25

182 3497 461 3505 ——-—-.-———
475 3498 482 3502 -

267 3562 368 3611 llinita
387 3562 471 3612 oucP
540 3562 704 3611 2reteretis
722 3560 808 3613 οηιλ1
874 3563 997 3627 4ριπιιηι
1016 3574 1057 3625 ρς
1076 3576 1139 3626 pura
1161 3562 1262 3627 Ppure
1280 3563 1305 3611 F
1371 3563 1466 3626 bquae

182 3633 365 3682 nominativum
384 3645 407 3683 et
425 3634 565 3683 vocativum
582 3632 664 3681 solum
684 3631 776 3681 babent
789 3646 836 3681 om.
854 3632 891 3680 P:
910 3632 944 3692 cf.
964 3632 1090 3684 Priscian.
1106 3632 1138 3680 de
1153 3639 1247 3681 necent.
1263 3648 1291 3695 p.
1305 3632 1364 3691 522,
1382 3634 1416 3683 30

183 3702 338 3767 ligurgnlio
358 3702 381 3749 F
451 3700 482 3751 10
500 3702 615 3751 solennis
634 3702 826 3751 PeniensisF
894 3701 925 3751 12
942 3698 1063 3765 hortatio]
1083 3702 1192 3767 portatio
1211 3701 1366 3765 Fportiof
1433 3703 1466 3752 14

182 3772 327 3837 praeposita
352 3786 413 3821 uero
438 3772 553 3821 olittera
571 3772 680 3833 qualibet
702 3773 726 3820 P
749 3771 894 3835 praeposita
911 3784 971 3820 uero
990 3771 1006 3819 b
1025 3771 1107 3819 litters
1122 3770 1163 3819 uel
1184 3770 1296 3835 qnalibet
1313 3770 1362 3826 re
1433 3772 1466 3822 15

182 3838 254 3905 Libo]
273 3842 327 3906 ligo
345 3842 369 3890 F
436 3839 508 3906 bulo]
527 3842 591 3890 bubo
610 3841 652 3896 re
722 3840 755 3891 18
773 3840 856 3889 carnis
873 3841 962 3892 orn.P
1030 3842 1064 3889 20
1082 3839 1172 3907 loligo]
1192 3841 1263 3906 oligo
1280 3842 1306 3889 P
1357 3838 1465 3890 hirundo

181 3926 260 3976 erugo
275 3911 390 3961 harundo
408 3910 514 3961 altitudo
534 3911 633 3961 testudo
650 3910 789 3959 similitudo
809 3910 930 3959 fortitudo
948 3924 1013 3971 quoe
1032 3912 1057 3959 F
1071 3909 1179 3961 hirundo
1197 3908 1261 3959 haec
1276 3911 1372 3961 arundo
1393 3926 1465 3976 mag·

185 3980 271 4029 nitudo
291 3980 396 4031 altitudo
416 3989 439 4030 et
458 3980 533 4031 studo
551 3979 660 4029 iormido
678 3994 741 4041 quae
757 3980 782 4027 P
849 3981 883 4029 22
902 3980 1062 4044 excipiuntur
1079 3981 1106 4029 in
1121 3991 1228 4043 utroque
1243 3994 1302 4045 gen.
1321 3980 1427 4031 mascnl.
1442 3983 1468 4030 P

182 4052 308 4115 excipitur
321 4060 460 4113 neutroque
480 4052 582 4117 generis
601 4050 734 4098 masculini
748 4048 772 4097 F
789 4050 949 4113 excipiuntur
967 4051 991 4097 in
1012 4058 1118 4113 utroquo
1131 4064 1226 4115 genere
1243 4050 1381 4098 masculina
1398 4064 1415 4106 ς

182 4120 213 4171 23
232 4120 297 4185 ndo]
315 4122 379 4169 cudo
398 4120 421 4169 F
426 4132 442 4175 ς
511 4122 544 4169 ‘tt
569 4130 627 4168 sunt
644 4126 668 4167 et
686 4127 803 4180 quattuor
817 4119 891 4174 Pas
918 4128 977 4169 sont
997 4128 1145 4185 quattuorp
1214 4120 1247 4169 27
1266 4126 1361 4168 tantum
1378 4135 1424 4171 om.
1442 4122 1468 4169 P

249 4198 277 4239 ut
298 4190 362 4239 baec
380 4190 465 4255 pondo
488 4188 577 4239 borum
603 4189 687 4254 pondo
705 4189 755 4237 duo
773 4196 855 4237 autem
871 4190 897 4237 P
921 4200 949 4238 ut
971 4188 1033 4238 lraec
1056 4190 1140 4253 pondo
1163 4186 1238 4253 (narn
1256 4188 1317 4241 add.
1336 4188 1364 4252 f)
1385 4204 1463 4239 unum

183 4261 264 4325 pondo
285 4274 335 4309 uon
355 4260 541 4313 di...ci.mus
559 4259 701 4323 (superscr.
721 4258 759 4306 uel
778 4258 829 4306 diei
848 4255 982 4319 acimaas)
1001 4258 1046 4308 sed
1068 4260 1094 4308 in
1121 4259 1209 4308 libram
1229 4258 1301 4307 elleri
1323 4257 1421 4321 (efferri
1438 4260 1465 4321 f)

183 4330 231 4379 duo
248 4332 317 4379 enim
337 4339 362 4379 et
379 4330 427 4377 tria
447 4330 530 4393 pondo
551 4338 576 4378 et
594 4329 713 4393 deinceps
735 4368 920 4381 ............
940 4327 1073 4392 (deinceps
1091 4328 1175 4378 dicere
1198 4328 1363 4377 obsecramus
1379 4327 1407 4391 s)
1425 4328 1465 4377 uel

183 4401 299 4462 quotiens
316 4400 348 4450 de
367 4408 455 4448 neutro
474 4398 606 4462 loquamur
623 4396 802 4461 (loquimurl)
821 4405 937 4460 correpte
955 4398 1069 4446 dicamus
1091 4398 1177 4463 pando
1201 4397 1320 4461 (dicimus
1338 4398 1466 4462 pondos)

184 4470 335 4520 iaromilia
352 4483 504 4520 rasarone.
527 4471 536 4518 l
557 4476 661 4517 accentu
678 4468 746 4516 enim
763 4466 841 4533 longo
861 4468 897 4531 (s.
912 4466 1020 4516 dicimus
1036 4467 1098 4516 add.
1108 4465 1136 4532 s)
1154 4468 1204 4516 duo
1217 4466 1333 4516 homines
1347 4477 1372 4516 et
1391 4468 1465 4517 ambo

183 4538 300 4589 bomine-s
315 4540 380 4589 duae
395 4538 514 4588 mulieres
532 4538 621 4587 borum
642 4537 780 4602 ponderum
796 4538 876 4601 (duae
893 4536 1013 4585 mulieres
1032 4546 1056 4586 et
1074 4538 1162 4586 ambae
1181 4536 1298 4585 mulieres
1307 4536 1334 4598 s)
1349 4538 1399 4587 duo
1418 4554 1463 4586 au-

185 4618 231 4657 tem
250 4610 276 4659 F
291 4619 319 4657 nt
337 4608 398 4658 baec
416 4609 502 4673 pondo
521 4623 579 4657 nam
599 4622 675 4656 unum
694 4607 779 4671 pondo
796 4621 847 4656 non
862 4606 970 4655 dicimus
988 4606 1034 4655 sed
1053 4609 1077 4653 in
1093 4606 1181 4655 libram
1203 4605 1286 4655 efferri
1304 4614 1388 4671 potest
1403 4607 1466 4669 (non

186 4678 232 4729 dici
251 4680 362 4730 sciamus
380 4679 469 4728 sedin
488 4679 565 4727 libros
585 4676 672 4725 relerri
687 4676 717 4741 p)
736 4678 786 4725 duo
805 4678 871 4725 enim
888 4684 913 4725 ct
930 4677 979 4725 tria
994 4675 1079 4740 pondo
1097 4686 1122 4725 et
1139 4676 1260 4740 deinceps
1275 4676 1465 4734 obseruabimus

186 4748 223 4797 nel
241 4750 406 4809 quotiens-de
423 4756 510 4797 neutro
529 4747 654 4811 loquimur
666 4755 781 4811 correpte
794 4746 902 4795 dicimus
917 4746 1003 4811 pondo
1021 4747 1047 4794 in
1061 4753 1164 4795 accentu
1178 4746 1256 4807 (enirn
1273 4746 1334 4799 add.
1347 4744 1376 4809 l)
1388 4745 1465 4813 longo

186 4821 232 4867 dno
251 4819 367 4868 immines
383 4827 407 4868 et
425 4820 498 4868 ambo
517 4818 631 4868 homines
643 4817 708 4867 duae
722 4817 839 4867 mulieres
853 4816 978 4866 stambere
993 4814 1112 4865 mulieres
1127 4815 1245 4867 dicuntur
1262 4816 1313 4866 duo
1329 4824 1413 4866 autem
1424 4832 1465 4881 ps
