<?xml version="1.0" encoding="UTF-8"?>
<!DOCTYPE html PUBLIC "-//W3C//DTD XHTML 1.0 Transitional//EN"
    "http://www.w3.org/TR/xhtml1/DTD/xhtml1-transitional.dtd">
<html xmlns="http://www.w3.org/1999/xhtml" xml:lang="en" lang="en">
 <head>
  <title>
</title>
<meta http-equiv="Content-Type" content="text/html;charset=utf-8" />
  <meta name='ocr-system' content='tesseract 3.04.00' />
  <meta name='ocr-capabilities' content='ocr_page ocr_carea ocr_par ocr_line ocrx_word'/>
</head>
<body>
  <div class='ocr_page' id='page_1' title='image "./grammaticilatin03hagagoog_0474.png"; bbox 0 0 3525 5600; ppageno 0'>
   <div class='ocr_carea' id='block_1_1' title="bbox 328 393 1067 460">
    <p class='ocr_par' dir='ltr' id='par_1_1' title="bbox 328 393 1067 460">
     <span class='ocr_line' id='line_1_1' title="bbox 328 393 1067 460; baseline -0.007 0"><span class='ocrx_word' id='word_1_1' title='bbox 328 393 392 460; x_wconf 84' lang='lat'><strong>464</strong></span> <span class='ocrx_word' id='word_1_2' title='bbox 883 393 1067 456; x_wconf 71' lang='lat' dir='ltr'><strong>bvrrcffls</strong></span> 
     </span>
    </p>
   </div>
   <div class='ocr_carea' id='block_1_2' title="bbox 330 501 1702 3052">
    <p class='ocr_par' dir='ltr' id='par_1_2' title="bbox 330 501 1701 2812">
     <span class='ocr_line' id='line_1_2' title="bbox 356 501 1577 560; baseline -0.004 -14"><span class='ocrx_word' id='word_1_3' title='bbox 356 519 377 560; x_wconf 77' lang='lat' dir='ltr'><strong>p.</strong></span> <span class='ocrx_word' id='word_1_4' title='bbox 391 508 435 548; x_wconf 84' lang='lat' dir='ltr'><strong>rra.</strong></span> <span class='ocrx_word' id='word_1_5' title='bbox 450 508 472 546; x_wconf 85' lang='lat' dir='ltr'><strong>u</strong></span> <span class='ocrx_word' id='word_1_6' title='bbox 489 505 510 544; x_wconf 83' lang='lat'><strong>1..</strong></span> <span class='ocrx_word' id='word_1_7' title='bbox 1424 514 1444 554; x_wconf 80' lang='lat' dir='ltr'><strong>p.</strong></span> <span class='ocrx_word' id='word_1_8' title='bbox 1457 503 1513 542; x_wconf 74' lang='lat' dir='ltr'><strong>aaa.</strong></span> <span class='ocrx_word' id='word_1_9' title='bbox 1524 504 1547 543; x_wconf 72' lang='lat' dir='ltr'><strong>aa</strong></span> <span class='ocrx_word' id='word_1_10' title='bbox 1557 501 1577 541; x_wconf 89' lang='lat' dir='ltr'><strong>r.</strong></span> 
     </span>
     <span class='ocr_line' id='line_1_3' title="bbox 330 583 1598 666; baseline -0.002 -17"><span class='ocrx_word' id='word_1_11' title='bbox 330 588 468 666; x_wconf 87' lang='lat' dir='ltr'><strong>gationis.</strong></span> <span class='ocrx_word' id='word_1_12' title='bbox 513 588 523 645; x_wconf 94' lang='lat' dir='ltr'><strong>i</strong></span> <span class='ocrx_word' id='word_1_13' title='bbox 545 601 615 644; x_wconf 88' lang='lat' dir='ltr'><strong>vara</strong></span> <span class='ocrx_word' id='word_1_14' title='bbox 642 603 730 664; x_wconf 90' lang='lat' dir='ltr'><strong>qnam</strong></span> <span class='ocrx_word' id='word_1_15' title='bbox 758 601 817 645; x_wconf 88' lang='lat' dir='ltr'><strong>nan</strong></span> <span class='ocrx_word' id='word_1_16' title='bbox 839 583 944 645; x_wconf 89' lang='lat' dir='ltr'><strong>babuit</strong></span> <span class='ocrx_word' id='word_1_17' title='bbox 971 602 1078 646; x_wconf 88' lang='lat' dir='ltr'><strong>namen</strong></span> <span class='ocrx_word' id='word_1_18' title='bbox 1107 587 1138 646; x_wconf 91' lang='lat' dir='ltr'><strong>in</strong></span> <span class='ocrx_word' id='word_1_19' title='bbox 1161 584 1251 645; x_wconf 85' lang='lat' dir='ltr'><strong>verba</strong></span> <span class='ocrx_word' id='word_1_20' title='bbox 1274 584 1415 645; x_wconf 83' lang='lat' dir='ltr'><strong>addentia</strong></span> <span class='ocrx_word' id='word_1_21' title='bbox 1437 592 1598 663; x_wconf 86' lang='lat' dir='ltr'><strong>respuuntur</strong></span> 
     </span>
     <span class='ocr_line' id='line_1_4' title="bbox 331 686 1599 769; baseline -0.002 -19"><span class='ocrx_word' id='word_1_22' title='bbox 331 691 465 769; x_wconf 92' lang='lat' dir='ltr'><strong>aprima</strong></span> <span class='ocrx_word' id='word_1_23' title='bbox 491 688 699 765; x_wconf 84' lang='lat' dir='ltr'><strong>coniugatione</strong></span> <span class='ocrx_word' id='word_1_24' title='bbox 726 693 756 746; x_wconf 92' lang='lat' dir='ltr'><strong>et</strong></span> <span class='ocrx_word' id='word_1_25' title='bbox 784 686 819 746; x_wconf 92' lang='lat' dir='ltr'><strong>ad</strong></span> <span class='ocrx_word' id='word_1_26' title='bbox 848 694 986 766; x_wconf 80' lang='lat' dir='ltr'><strong>quartam</strong></span> <span class='ocrx_word' id='word_1_27' title='bbox 1012 688 1187 767; x_wconf 90' lang='lat' dir='ltr'><strong>plerumque</strong></span> <span class='ocrx_word' id='word_1_28' title='bbox 1216 687 1343 748; x_wconf 90' lang='lat' dir='ltr'><strong>redeunt</strong></span> <span class='ocrx_word' id='word_1_29' title='bbox 1375 695 1406 746; x_wconf 92' lang='lat' dir='ltr'><strong>et</strong></span> <span class='ocrx_word' id='word_1_30' title='bbox 1428 705 1484 747; x_wconf 92' lang='lat' dir='ltr'><strong>una</strong></span> <span class='ocrx_word' id='word_1_31' title='bbox 1505 687 1599 766; x_wconf 74' lang='lat' dir='ltr'><strong>syllaba</strong></span> 
     </span>
     <span class='ocr_line' id='line_1_5' title="bbox 330 789 1599 870; baseline -0.003 -18"><span class='ocrx_word' id='word_1_32' title='bbox 330 797 469 853; x_wconf 87' lang='lat' dir='ltr'><strong>crescunt</strong></span> <span class='ocrx_word' id='word_1_33' title='bbox 490 808 507 850; x_wconf 87' lang='lat' dir='ltr'><strong>a</strong></span> <span class='ocrx_word' id='word_1_34' title='bbox 528 791 659 867; x_wconf 90' lang='lat' dir='ltr'><strong>genitiva</strong></span> <span class='ocrx_word' id='word_1_35' title='bbox 681 789 826 858; x_wconf 90' lang='lat' dir='ltr'><strong>nominis,</strong></span> <span class='ocrx_word' id='word_1_36' title='bbox 855 797 889 849; x_wconf 85' lang='lat' dir='ltr'><strong>ut</strong></span> <span class='ocrx_word' id='word_1_37' title='bbox 915 791 1007 869; x_wconf 90' lang='lat' dir='ltr'><strong>punio</strong></span> <span class='ocrx_word' id='word_1_38' title='bbox 1035 790 1177 870; x_wconf 91' lang='lat' dir='ltr'><strong>superbio</strong></span> <span class='ocrx_word' id='word_1_39' title='bbox 1204 789 1340 850; x_wconf 88' lang='lat' dir='ltr'><strong>custodio</strong></span> <span class='ocrx_word' id='word_1_40' title='bbox 1368 789 1464 864; x_wconf 83' lang='lat' dir='ltr'><strong>gestia</strong></span> <span class='ocrx_word' id='word_1_41' title='bbox 1488 790 1599 868; x_wconf 77' lang='lat' dir='ltr'><strong>ineptia:</strong></span> 
     </span>
     <span class='ocr_line' id='line_1_6' title="bbox 330 889 1600 974; baseline -0.003 -20"><span class='ocrx_word' id='word_1_42' title='bbox 330 893 407 974; x_wconf 91' lang='lat' dir='ltr'><strong>quod</strong></span> <span class='ocrx_word' id='word_1_43' title='bbox 430 895 461 952; x_wconf 90' lang='lat' dir='ltr'><strong>in</strong></span> <span class='ocrx_word' id='word_1_44' title='bbox 483 890 585 952; x_wconf 89' lang='lat' dir='ltr'><strong>verbis</strong></span> <span class='ocrx_word' id='word_1_45' title='bbox 606 893 721 971; x_wconf 85' lang='lat' dir='ltr'><strong>primae</strong></span> <span class='ocrx_word' id='word_1_46' title='bbox 744 893 963 968; x_wconf 87' lang='lat' dir='ltr'><strong>coniugatiauis</strong></span> <span class='ocrx_word' id='word_1_47' title='bbox 985 911 1001 952; x_wconf 91' lang='lat' dir='ltr'><strong>a</strong></span> <span class='ocrx_word' id='word_1_48' title='bbox 1024 891 1196 953; x_wconf 88' lang='lat' dir='ltr'><strong>nominibus</strong></span> <span class='ocrx_word' id='word_1_49' title='bbox 1217 892 1353 953; x_wconf 89' lang='lat' dir='ltr'><strong>deductis</strong></span> <span class='ocrx_word' id='word_1_50' title='bbox 1374 909 1434 952; x_wconf 92' lang='lat' dir='ltr'><strong>nan</strong></span> <span class='ocrx_word' id='word_1_51' title='bbox 1456 889 1526 951; x_wconf 89' lang='lat' dir='ltr'><strong>salet</strong></span> <span class='ocrx_word' id='word_1_52' title='bbox 1544 909 1600 951; x_wconf 84' lang='lat' dir='ltr'><strong>ere·</strong></span> 
     </span>
     <span class='ocr_line' id='line_1_7' title="bbox 330 993 1620 1074; baseline -0.009 -17"><span class='ocrx_word' id='word_1_53' title='bbox 330 998 406 1057; x_wconf 91' lang='lat' dir='ltr'><strong>nire.</strong></span> <span class='ocrx_word' id='word_1_54' title='bbox 436 1012 504 1056; x_wconf 90' lang='lat' dir='ltr'><strong>nam</strong></span> <span class='ocrx_word' id='word_1_55' title='bbox 527 995 636 1074; x_wconf 89' lang='lat' dir='ltr'><strong>positia</strong></span> <span class='ocrx_word' id='word_1_56' title='bbox 658 993 757 1062; x_wconf 91' lang='lat' dir='ltr'><strong>verbi,</strong></span> <span class='ocrx_word' id='word_1_57' title='bbox 782 995 844 1054; x_wconf 86' lang='lat' dir='ltr'><strong>sive</strong></span> <span class='ocrx_word' id='word_1_58' title='bbox 867 993 1017 1073; x_wconf 89' lang='lat' dir='ltr'><strong>quaelibet</strong></span> <span class='ocrx_word' id='word_1_59' title='bbox 1032 1012 1197 1056; x_wconf 81' lang='lat' dir='ltr'><strong>consonans</strong></span> <span class='ocrx_word' id='word_1_60' title='bbox 1211 995 1252 1054; x_wconf 90' lang='lat' dir='ltr'><strong>sit</strong></span> <span class='ocrx_word' id='word_1_61' title='bbox 1265 1001 1335 1054; x_wconf 87' lang='lat' dir='ltr'><strong>ante</strong></span> <span class='ocrx_word' id='word_1_62' title='bbox 1350 1013 1369 1054; x_wconf 94' lang='lat' dir='ltr'><strong>a</strong></span> <span class='ocrx_word' id='word_1_63' title='bbox 1383 995 1446 1054; x_wconf 84' lang='lat' dir='ltr'><strong>sive</strong></span> <span class='ocrx_word' id='word_1_64' title='bbox 1468 995 1477 1052; x_wconf 93' lang='lat' dir='ltr'><strong>i</strong></span> <span class='ocrx_word' id='word_1_65' title='bbox 1498 993 1620 1062; x_wconf 70' lang='lat' dir='ltr'><strong>vacabas</strong></span> 
     </span>
     <span class='ocr_line' id='line_1_8' title="bbox 331 1090 1701 1178; baseline -0.004 -19"><span class='ocrx_word' id='word_1_66' title='bbox 331 1117 346 1159; x_wconf 88' lang='lat' dir='ltr'><strong>a</strong></span> <span class='ocrx_word' id='word_1_67' title='bbox 369 1114 553 1178; x_wconf 88' lang='lat' dir='ltr'><strong>quacumque</strong></span> <span class='ocrx_word' id='word_1_68' title='bbox 576 1098 706 1156; x_wconf 90' lang='lat' dir='ltr'><strong>nominis</strong></span> <span class='ocrx_word' id='word_1_69' title='bbox 728 1097 829 1156; x_wconf 86' lang='lat' dir='ltr'><strong>veniat</strong></span> <span class='ocrx_word' id='word_1_70' title='bbox 849 1097 1077 1166; x_wconf 80' lang='lat' dir='ltr'><strong>terminatione,</strong></span> <span class='ocrx_word' id='word_1_71' title='bbox 1101 1094 1228 1175; x_wconf 78' lang='lat' dir='ltr'><strong>syllabas</strong></span> <span class='ocrx_word' id='word_1_72' title='bbox 1250 1095 1326 1157; x_wconf 93' lang='lat' dir='ltr'><strong>salet</strong></span> <span class='ocrx_word' id='word_1_73' title='bbox 1347 1097 1470 1173; x_wconf 85' lang='lat' dir='ltr'><strong>genitivi</strong></span> <span class='ocrx_word' id='word_1_74' title='bbox 1491 1090 1601 1155; x_wconf 86' lang='lat' dir='ltr'><strong>nominis</strong></span> <span class='ocrx_word' id='word_1_75' title='bbox 1700 1116 1701 1119; x_wconf 43' lang='lat'>¹</span> 
     </span>
     <span class='ocr_line' id='line_1_9' title="bbox 330 1195 1701 1269; baseline -0.001 -9"><span class='ocrx_word' id='word_1_76' title='bbox 330 1215 462 1268; x_wconf 88' lang='lat' dir='ltr'><strong>servare,</strong></span> <span class='ocrx_word' id='word_1_77' title='bbox 497 1205 530 1258; x_wconf 90' lang='lat' dir='ltr'><strong>ut</strong></span> <span class='ocrx_word' id='word_1_78' title='bbox 558 1197 644 1260; x_wconf 90' lang='lat' dir='ltr'><strong>turba</strong></span> <span class='ocrx_word' id='word_1_79' title='bbox 673 1195 778 1259; x_wconf 87' lang='lat' dir='ltr'><strong>turbae</strong></span> <span class='ocrx_word' id='word_1_80' title='bbox 806 1197 896 1258; x_wconf 91' lang='lat' dir='ltr'><strong>turba</strong></span> <span class='ocrx_word' id='word_1_81' title='bbox 924 1197 1043 1269; x_wconf 82' lang='lat' dir='ltr'><strong>turbas,</strong></span> <span class='ocrx_word' id='word_1_82' title='bbox 1077 1201 1200 1260; x_wconf 88' lang='lat' dir='ltr'><strong>nuntius</strong></span> <span class='ocrx_word' id='word_1_83' title='bbox 1233 1199 1331 1258; x_wconf 89' lang='lat' dir='ltr'><strong>nuntii</strong></span> <span class='ocrx_word' id='word_1_84' title='bbox 1359 1199 1464 1258; x_wconf 89' lang='lat' dir='ltr'><strong>nuntio</strong></span> <span class='ocrx_word' id='word_1_85' title='bbox 1491 1198 1600 1266; x_wconf 74' lang='lat' dir='ltr'><strong>nuntias</strong></span> <span class='ocrx_word' id='word_1_86' title='bbox 1700 1208 1701 1269; x_wconf 73' lang='lat' dir='ltr'><strong>l</strong></span> 
     </span>
     <span class='ocr_line' id='line_1_10' title="bbox 330 1299 1602 1380; baseline -0.001 -19"><span class='ocrx_word' id='word_1_87' title='bbox 330 1301 414 1362; x_wconf 92' lang='lat' dir='ltr'><strong>ulcus</strong></span> <span class='ocrx_word' id='word_1_88' title='bbox 442 1299 553 1360; x_wconf 91' lang='lat' dir='ltr'><strong>ulceris</strong></span> <span class='ocrx_word' id='word_1_89' title='bbox 580 1299 682 1360; x_wconf 89' lang='lat' dir='ltr'><strong>ulcera</strong></span> <span class='ocrx_word' id='word_1_90' title='bbox 711 1299 842 1370; x_wconf 87' lang='lat' dir='ltr'><strong>ulceras,</strong></span> <span class='ocrx_word' id='word_1_91' title='bbox 877 1319 947 1380; x_wconf 90' lang='lat' dir='ltr'><strong>spes</strong></span> <span class='ocrx_word' id='word_1_92' title='bbox 981 1303 1045 1380; x_wconf 87' lang='lat' dir='ltr'><strong>spei</strong></span> <span class='ocrx_word' id='word_1_93' title='bbox 1073 1319 1162 1379; x_wconf 91' lang='lat' dir='ltr'><strong>spera</strong></span> <span class='ocrx_word' id='word_1_94' title='bbox 1190 1317 1303 1379; x_wconf 88' lang='lat' dir='ltr'><strong>speras.</strong></span> <span class='ocrx_word' id='word_1_95' title='bbox 1352 1306 1468 1360; x_wconf 87' lang='lat' dir='ltr'><strong>tantum</strong></span> <span class='ocrx_word' id='word_1_96' title='bbox 1498 1307 1602 1379; x_wconf 85' lang='lat' dir='ltr'><strong>quartae</strong></span> 
     </span>
     <span class='ocr_line' id='line_1_11' title="bbox 330 1399 1701 1480; baseline 0 -17"><span class='ocrx_word' id='word_1_97' title='bbox 330 1402 539 1464; x_wconf 83' lang='lat' dir='ltr'><strong>declinationis</strong></span> <span class='ocrx_word' id='word_1_98' title='bbox 561 1403 681 1460; x_wconf 89' lang='lat' dir='ltr'><strong>nomina</strong></span> <span class='ocrx_word' id='word_1_99' title='bbox 704 1418 806 1479; x_wconf 89' lang='lat' dir='ltr'><strong>parem</strong></span> <span class='ocrx_word' id='word_1_100' title='bbox 828 1403 1011 1463; x_wconf 88' lang='lat' dir='ltr'><strong>nominativa</strong></span> <span class='ocrx_word' id='word_1_101' title='bbox 1032 1405 1198 1480; x_wconf 85' lang='lat' dir='ltr'><strong>genitirnm</strong></span> <span class='ocrx_word' id='word_1_102' title='bbox 1225 1400 1367 1462; x_wconf 89' lang='lat' dir='ltr'><strong>babentia</strong></span> <span class='ocrx_word' id='word_1_103' title='bbox 1388 1403 1510 1462; x_wconf 86' lang='lat' dir='ltr'><strong>vincuat</strong></span> <span class='ocrx_word' id='word_1_104' title='bbox 1527 1399 1602 1460; x_wconf 86' lang='lat' dir='ltr'><strong>rerba</strong></span> <span class='ocrx_word' id='word_1_105' title='bbox 1700 1422 1701 1463; x_wconf 79' lang='lat' dir='ltr'><strong>t</strong></span> 
     </span>
     <span class='ocr_line' id='line_1_12' title="bbox 331 1501 1701 1581; baseline -0.003 -16"><span class='ocrx_word' id='word_1_106' title='bbox 331 1502 368 1565; x_wconf 89' lang='lat' dir='ltr'><strong>ab</strong></span> <span class='ocrx_word' id='word_1_107' title='bbox 391 1502 504 1564; x_wconf 87' lang='lat' dir='ltr'><strong>eisdem</strong></span> <span class='ocrx_word' id='word_1_108' title='bbox 519 1501 690 1564; x_wconf 89' lang='lat' dir='ltr'><strong>nominibus</strong></span> <span class='ocrx_word' id='word_1_109' title='bbox 705 1502 837 1564; x_wconf 87' lang='lat' dir='ltr'><strong>derivata</strong></span> <span class='ocrx_word' id='word_1_110' title='bbox 853 1512 896 1573; x_wconf 88' lang='lat' dir='ltr'><strong>et,</strong></span> <span class='ocrx_word' id='word_1_111' title='bbox 921 1513 952 1565; x_wconf 92' lang='lat' dir='ltr'><strong>ut</strong></span> <span class='ocrx_word' id='word_1_112' title='bbox 975 1523 994 1564; x_wconf 93' lang='lat' dir='ltr'><strong>u</strong></span> <span class='ocrx_word' id='word_1_113' title='bbox 1016 1522 1076 1564; x_wconf 93' lang='lat' dir='ltr'><strong>non</strong></span> <span class='ocrx_word' id='word_1_114' title='bbox 1092 1506 1242 1574; x_wconf 85' lang='lat' dir='ltr'><strong>amittant,</strong></span> <span class='ocrx_word' id='word_1_115' title='bbox 1267 1511 1407 1564; x_wconf 89' lang='lat' dir='ltr'><strong>crescunt</strong></span> <span class='ocrx_word' id='word_1_116' title='bbox 1421 1521 1479 1563; x_wconf 86' lang='lat' dir='ltr'><strong>uua</strong></span> <span class='ocrx_word' id='word_1_117' title='bbox 1499 1502 1602 1581; x_wconf 74' lang='lat' dir='ltr'><strong>syllaba,</strong></span> <span class='ocrx_word' id='word_1_118' title='bbox 1613 1517 1630 1554; x_wconf 75' lang='grc' dir='ltr'><strong>ιο</strong></span> <span class='ocrx_word' id='word_1_119' title='bbox 1700 1540 1701 1577; x_wconf 56' lang='lat'><strong>,</strong></span> 
     </span>
     <span class='ocr_line' id='line_1_13' title="bbox 331 1603 1701 1678; baseline -0.004 -11"><span class='ocrx_word' id='word_1_120' title='bbox 331 1614 364 1667; x_wconf 91' lang='lat' dir='ltr'><strong>ut</strong></span> <span class='ocrx_word' id='word_1_121' title='bbox 391 1603 395 1671; x_wconf 87' lang='lat' dir='ltr'><strong>l</strong></span> <span class='ocrx_word' id='word_1_122' title='bbox 423 1605 531 1666; x_wconf 89' lang='lat' dir='ltr'><strong>lluctus</strong></span> <span class='ocrx_word' id='word_1_123' title='bbox 558 1603 683 1672; x_wconf 87' lang='lat' dir='ltr'><strong>lluctua,</strong></span> <span class='ocrx_word' id='word_1_124' title='bbox 714 1611 813 1665; x_wconf 88' lang='lat' dir='ltr'><strong>aestus</strong></span> <span class='ocrx_word' id='word_1_125' title='bbox 841 1614 958 1678; x_wconf 90' lang='lat' dir='ltr'><strong>aestua,</strong></span> <span class='ocrx_word' id='word_1_126' title='bbox 987 1606 1132 1667; x_wconf 90' lang='lat' dir='ltr'><strong>tumultus</strong></span> <span class='ocrx_word' id='word_1_127' title='bbox 1157 1605 1337 1675; x_wconf 90' lang='lat' dir='ltr'><strong>tumultuor,</strong></span> <span class='ocrx_word' id='word_1_128' title='bbox 1368 1607 1452 1666; x_wconf 92' lang='lat' dir='ltr'><strong>sinus</strong></span> <span class='ocrx_word' id='word_1_129' title='bbox 1480 1606 1558 1664; x_wconf 83' lang='lat' dir='ltr'><strong>siam</strong></span> <span class='ocrx_word' id='word_1_130' title='bbox 1580 1612 1604 1663; x_wconf 87' lang='lat' dir='ltr'><strong>et</strong></span> <span class='ocrx_word' id='word_1_131' title='bbox 1700 1630 1701 1641; x_wconf 46' lang='lat'>¹</span> 
     </span>
     <span class='ocr_line' id='line_1_14' title="bbox 331 1705 1604 1787; baseline -0.003 -19"><span class='ocrx_word' id='word_1_132' title='bbox 331 1709 459 1768; x_wconf 88' lang='lat' dir='ltr'><strong>insinno.</strong></span> <span class='ocrx_word' id='word_1_133' title='bbox 504 1723 660 1786; x_wconf 83' lang='lat' dir='ltr'><strong>equoque</strong></span> <span class='ocrx_word' id='word_1_134' title='bbox 689 1713 758 1766; x_wconf 88' lang='lat' dir='ltr'><strong>ante</strong></span> <span class='ocrx_word' id='word_1_135' title='bbox 781 1726 798 1765; x_wconf 94' lang='lat' dir='ltr'><strong>a</strong></span> <span class='ocrx_word' id='word_1_136' title='bbox 827 1707 966 1770; x_wconf 87' lang='lat' dir='ltr'><strong>babentia</strong></span> <span class='ocrx_word' id='word_1_137' title='bbox 989 1708 1121 1768; x_wconf 89' lang='lat' dir='ltr'><strong>derivata</strong></span> <span class='ocrx_word' id='word_1_138' title='bbox 1143 1707 1248 1776; x_wconf 83' lang='lat' dir='ltr'><strong>rerba,</strong></span> <span class='ocrx_word' id='word_1_139' title='bbox 1278 1725 1354 1787; x_wconf 88' lang='lat' dir='ltr'><strong>quae</strong></span> <span class='ocrx_word' id='word_1_140' title='bbox 1375 1708 1442 1766; x_wconf 91' lang='lat' dir='ltr'><strong>iure</strong></span> <span class='ocrx_word' id='word_1_141' title='bbox 1464 1705 1604 1766; x_wconf 90' lang='lat' dir='ltr'><strong>secundam</strong></span> 
     </span>
     <span class='ocr_line' id='line_1_15' title="bbox 332 1809 1605 1888; baseline -0.003 -18"><span class='ocrx_word' id='word_1_142' title='bbox 332 1811 570 1886; x_wconf 86' lang='lat' dir='ltr'><strong>coniugationem</strong></span> <span class='ocrx_word' id='word_1_143' title='bbox 593 1814 772 1886; x_wconf 85' lang='lat' dir='ltr'><strong>sequuntur,</strong></span> <span class='ocrx_word' id='word_1_144' title='bbox 796 1826 854 1868; x_wconf 90' lang='lat' dir='ltr'><strong>uua</strong></span> <span class='ocrx_word' id='word_1_145' title='bbox 876 1809 989 1888; x_wconf 73' lang='lat' dir='ltr'><strong>syllaba</strong></span> <span class='ocrx_word' id='word_1_146' title='bbox 1003 1810 1167 1887; x_wconf 84' lang='lat' dir='ltr'><strong>genitivum</strong></span> <span class='ocrx_word' id='word_1_147' title='bbox 1182 1812 1313 1870; x_wconf 90' lang='lat' dir='ltr'><strong>nominis</strong></span> <span class='ocrx_word' id='word_1_148' title='bbox 1326 1811 1464 1876; x_wconf 80' lang='lat' dir='ltr'><strong>vincant,</strong></span> <span class='ocrx_word' id='word_1_149' title='bbox 1487 1816 1518 1867; x_wconf 90' lang='lat' dir='ltr'><strong>nt</strong></span> <span class='ocrx_word' id='word_1_150' title='bbox 1531 1824 1605 1884; x_wconf 82' lang='lat' dir='ltr'><strong>aeger</strong></span> 
     </span>
     <span class='ocr_line' id='line_1_16' title="bbox 333 1911 1571 1991; baseline -0.002 -20"><span class='ocrx_word' id='word_1_151' title='bbox 333 1913 414 1988; x_wconf 86' lang='lat' dir='ltr'><strong>aegri</strong></span> <span class='ocrx_word' id='word_1_152' title='bbox 449 1927 570 1986; x_wconf 81' lang='lat' dir='ltr'><strong>aegaeo,</strong></span> <span class='ocrx_word' id='word_1_153' title='bbox 603 1912 694 1969; x_wconf 89' lang='lat' dir='ltr'><strong>miser</strong></span> <span class='ocrx_word' id='word_1_154' title='bbox 728 1911 887 1981; x_wconf 88' lang='lat' dir='ltr'><strong>misereor,</strong></span> <span class='ocrx_word' id='word_1_155' title='bbox 922 1929 1029 1972; x_wconf 86' lang='lat' dir='ltr'><strong>census</strong></span> <span class='ocrx_word' id='word_1_156' title='bbox 1058 1929 1176 1971; x_wconf 90' lang='lat' dir='ltr'><strong>censeo.</strong></span> <span class='ocrx_word' id='word_1_157' title='bbox 1226 1911 1390 1991; x_wconf 84' lang='lat' dir='ltr'><strong>eademque</strong></span> <span class='ocrx_word' id='word_1_158' title='bbox 1425 1911 1571 1970; x_wconf 82' lang='lat' dir='ltr'><strong>diversitas</strong></span> 
     </span>
     <span class='ocr_line' id='line_1_17' title="bbox 333 2007 1633 2094; baseline -0.003 -21"><span class='ocrx_word' id='word_1_159' title='bbox 333 2011 532 2073; x_wconf 75' lang='lat' dir='ltr'><strong>clausularum</strong></span> <span class='ocrx_word' id='word_1_160' title='bbox 556 2010 755 2072; x_wconf 76' lang='lat' dir='ltr'><strong>differentiam</strong></span> <span class='ocrx_word' id='word_1_161' title='bbox 783 2015 1025 2090; x_wconf 88' lang='lat' dir='ltr'><strong>coniugatianum</strong></span> <span class='ocrx_word' id='word_1_162' title='bbox 1047 2016 1136 2075; x_wconf 83' lang='lat' dir='ltr'><strong>etiam</strong></span> <span class='ocrx_word' id='word_1_163' title='bbox 1166 2011 1199 2094; x_wconf 88' lang='lat' dir='ltr'><strong>[a</strong></span> <span class='ocrx_word' id='word_1_164' title='bbox 1220 2016 1432 2075; x_wconf 89' lang='lat' dir='ltr'><strong>terminatione</strong></span> <span class='ocrx_word' id='word_1_165' title='bbox 1454 2007 1603 2087; x_wconf 78' lang='lat' dir='ltr'><strong>nominum]</strong></span> <span class='ocrx_word' id='word_1_166' title='bbox 1615 2024 1633 2062; x_wconf 81' lang='lat'><strong>1⁵</strong></span> 
     </span>
     <span class='ocr_line' id='line_1_18' title="bbox 334 2112 1606 2192; baseline -0.004 -16"><span class='ocrx_word' id='word_1_167' title='bbox 334 2119 364 2176; x_wconf 91' lang='lat' dir='ltr'><strong>in</strong></span> <span class='ocrx_word' id='word_1_168' title='bbox 387 2113 514 2176; x_wconf 87' lang='lat' dir='ltr'><strong>secunda</strong></span> <span class='ocrx_word' id='word_1_169' title='bbox 539 2113 615 2174; x_wconf 89' lang='lat' dir='ltr'><strong>salet</strong></span> <span class='ocrx_word' id='word_1_170' title='bbox 637 2113 735 2174; x_wconf 85' lang='lat' dir='ltr'><strong>lacere</strong></span> <span class='ocrx_word' id='word_1_171' title='bbox 759 2115 978 2192; x_wconf 88' lang='lat' dir='ltr'><strong>coniugatione,</strong></span> <span class='ocrx_word' id='word_1_172' title='bbox 1003 2123 1036 2176; x_wconf 91' lang='lat' dir='ltr'><strong>ut</strong></span> <span class='ocrx_word' id='word_1_173' title='bbox 1057 2135 1072 2176; x_wconf 92' lang='lat' dir='ltr'><strong>a</strong></span> <span class='ocrx_word' id='word_1_174' title='bbox 1095 2119 1217 2177; x_wconf 89' lang='lat' dir='ltr'><strong>nomine</strong></span> <span class='ocrx_word' id='word_1_175' title='bbox 1239 2118 1390 2176; x_wconf 85' lang='lat' dir='ltr'><strong>venientia</strong></span> <span class='ocrx_word' id='word_1_176' title='bbox 1413 2112 1514 2181; x_wconf 85' lang='lat' dir='ltr'><strong>verba,</strong></span> <span class='ocrx_word' id='word_1_177' title='bbox 1529 2113 1606 2190; x_wconf 91' lang='lat' dir='ltr'><strong>siqui·</strong></span> 
     </span>
     <span class='ocr_line' id='line_1_19' title="bbox 334 2214 1607 2296; baseline -0.003 -19"><span class='ocrx_word' id='word_1_178' title='bbox 334 2217 402 2277; x_wconf 86' lang='lat' dir='ltr'><strong>dum</strong></span> <span class='ocrx_word' id='word_1_179' title='bbox 425 2235 482 2276; x_wconf 89' lang='lat' dir='ltr'><strong>non</strong></span> <span class='ocrx_word' id='word_1_180' title='bbox 506 2217 537 2274; x_wconf 92' lang='lat' dir='ltr'><strong>iu</strong></span> <span class='ocrx_word' id='word_1_181' title='bbox 560 2233 595 2274; x_wconf 90' lang='lat' dir='ltr'><strong>ea</strong></span> <span class='ocrx_word' id='word_1_182' title='bbox 618 2214 769 2284; x_wconf 86' lang='lat' dir='ltr'><strong>desinant,</strong></span> <span class='ocrx_word' id='word_1_183' title='bbox 792 2218 908 2295; x_wconf 90' lang='lat' dir='ltr'><strong>primae</strong></span> <span class='ocrx_word' id='word_1_184' title='bbox 931 2219 1237 2296; x_wconf 88' lang='lat' dir='ltr'><strong>sintcaniugatiauis,</strong></span> <span class='ocrx_word' id='word_1_185' title='bbox 1261 2221 1293 2279; x_wconf 90' lang='lat' dir='ltr'><strong>in</strong></span> <span class='ocrx_word' id='word_1_186' title='bbox 1316 2237 1352 2278; x_wconf 93' lang='lat' dir='ltr'><strong>ea</strong></span> <span class='ocrx_word' id='word_1_187' title='bbox 1373 2235 1445 2276; x_wconf 92' lang='lat' dir='ltr'><strong>vero</strong></span> <span class='ocrx_word' id='word_1_188' title='bbox 1459 2215 1607 2276; x_wconf 83' lang='lat' dir='ltr'><strong>desinentia</strong></span> 
     </span>
     <span class='ocr_line' id='line_1_20' title="bbox 334 2315 1605 2398; baseline -0.004 -18"><span class='ocrx_word' id='word_1_189' title='bbox 334 2317 429 2380; x_wconf 88' lang='lat' dir='ltr'><strong>modis</strong></span> <span class='ocrx_word' id='word_1_190' title='bbox 457 2317 594 2378; x_wconf 89' lang='lat' dir='ltr'><strong>omnibns</strong></span> <span class='ocrx_word' id='word_1_191' title='bbox 623 2317 659 2377; x_wconf 90' lang='lat' dir='ltr'><strong>ad</strong></span> <span class='ocrx_word' id='word_1_192' title='bbox 688 2316 847 2377; x_wconf 89' lang='lat' dir='ltr'><strong>secundam</strong></span> <span class='ocrx_word' id='word_1_193' title='bbox 875 2321 1066 2398; x_wconf 83' lang='lat' dir='ltr'><strong>perveniant,</strong></span> <span class='ocrx_word' id='word_1_194' title='bbox 1096 2329 1129 2382; x_wconf 92' lang='lat' dir='ltr'><strong>ut</strong></span> <span class='ocrx_word' id='word_1_195' title='bbox 1158 2321 1226 2383; x_wconf 91' lang='lat' dir='ltr'><strong>alba</strong></span> <span class='ocrx_word' id='word_1_196' title='bbox 1258 2321 1342 2382; x_wconf 88' lang='lat' dir='ltr'><strong>albas</strong></span> <span class='ocrx_word' id='word_1_197' title='bbox 1369 2329 1400 2380; x_wconf 88' lang='lat' dir='ltr'><strong>et</strong></span> <span class='ocrx_word' id='word_1_198' title='bbox 1426 2317 1508 2378; x_wconf 94' lang='lat' dir='ltr'><strong>albeo</strong></span> <span class='ocrx_word' id='word_1_199' title='bbox 1528 2315 1605 2383; x_wconf 85' lang='lat' dir='ltr'><strong>albes,</strong></span> 
     </span>
     <span class='ocr_line' id='line_1_21' title="bbox 333 2417 1606 2503; baseline -0.005 -22"><span class='ocrx_word' id='word_1_200' title='bbox 333 2429 367 2482; x_wconf 89' lang='lat' dir='ltr'><strong>nt</strong></span> <span class='ocrx_word' id='word_1_201' title='bbox 382 2419 525 2498; x_wconf 84' lang='lat' dir='ltr'><strong>Virgilius</strong></span> <span class='ocrx_word' id='word_1_202' title='bbox 541 2419 688 2480; x_wconf 79' lang='lat' dir='ltr'><strong>Aeneidos</strong></span> <span class='ocrx_word' id='word_1_203' title='bbox 710 2417 787 2480; x_wconf 92' lang='lat' dir='ltr'><strong>libro</strong></span> <span class='ocrx_word' id='word_1_204' title='bbox 804 2419 857 2480; x_wconf 83' lang='lat' dir='ltr'><strong>llll</strong></span> <span class='ocrx_word' id='word_1_205' title='bbox 880 2424 1094 2503; x_wconf 80' lang='lat' dir='ltr'><strong>‘campique</strong></span> <span class='ocrx_word' id='word_1_206' title='bbox 1118 2421 1462 2500; x_wconf 87' lang='lat' dir='ltr'><strong>ingentesassibus</strong></span> <span class='ocrx_word' id='word_1_207' title='bbox 1482 2417 1606 2479; x_wconf 89' lang='lat' dir='ltr'><strong>albeat:</strong></span> 
     </span>
     <span class='ocr_line' id='line_1_22' title="bbox 335 2519 1701 2603; baseline -0.004 -19"><span class='ocrx_word' id='word_1_208' title='bbox 335 2525 427 2584; x_wconf 82' lang='lat' dir='ltr'><strong>durus</strong></span> <span class='ocrx_word' id='word_1_209' title='bbox 442 2521 517 2582; x_wconf 89' lang='lat' dir='ltr'><strong>dura</strong></span> <span class='ocrx_word' id='word_1_210' title='bbox 533 2519 620 2582; x_wconf 88' lang='lat' dir='ltr'><strong>duras</strong></span> <span class='ocrx_word' id='word_1_211' title='bbox 636 2528 666 2583; x_wconf 90' lang='lat' dir='ltr'><strong>et</strong></span> <span class='ocrx_word' id='word_1_212' title='bbox 681 2521 774 2582; x_wconf 91' lang='lat' dir='ltr'><strong>dureo</strong></span> <span class='ocrx_word' id='word_1_213' title='bbox 787 2521 886 2592; x_wconf 90' lang='lat' dir='ltr'><strong>dures,</strong></span> <span class='ocrx_word' id='word_1_214' title='bbox 904 2523 983 2582; x_wconf 89' lang='lat' dir='ltr'><strong>unde</strong></span> <span class='ocrx_word' id='word_1_215' title='bbox 999 2524 1140 2594; x_wconf 88' lang='lat' dir='ltr'><strong>duresco,</strong></span> <span class='ocrx_word' id='word_1_216' title='bbox 1156 2524 1266 2584; x_wconf 89' lang='lat' dir='ltr'><strong>densus</strong></span> <span class='ocrx_word' id='word_1_217' title='bbox 1281 2525 1374 2585; x_wconf 90' lang='lat' dir='ltr'><strong>densa</strong></span> <span class='ocrx_word' id='word_1_218' title='bbox 1388 2522 1494 2582; x_wconf 89' lang='lat' dir='ltr'><strong>densas</strong></span> <span class='ocrx_word' id='word_1_219' title='bbox 1507 2519 1634 2580; x_wconf 74' lang='lat' dir='ltr'><strong>eatena</strong></span> <span class='ocrx_word' id='word_1_220' title='bbox 1700 2586 1701 2603; x_wconf 23' lang='lat' dir='ltr'><strong>p</strong></span> 
     </span>
     <span class='ocr_line' id='line_1_23' title="bbox 336 2625 1607 2705; baseline -0.004 -19"><span class='ocrx_word' id='word_1_221' title='bbox 336 2644 386 2686; x_wconf 89' lang='lat' dir='ltr'><strong>saa</strong></span> <span class='ocrx_word' id='word_1_222' title='bbox 409 2625 532 2694; x_wconf 67' lang='lat' dir='ltr'><strong>densam</strong></span> <span class='ocrx_word' id='word_1_223' title='bbox 555 2625 647 2684; x_wconf 88' lang='lat' dir='ltr'><strong>miser</strong></span> <span class='ocrx_word' id='word_1_224' title='bbox 663 2641 779 2704; x_wconf 87' lang='lat' dir='ltr'><strong>quoque</strong></span> <span class='ocrx_word' id='word_1_225' title='bbox 802 2626 905 2685; x_wconf 86' lang='lat' dir='ltr'><strong>miseri</strong></span> <span class='ocrx_word' id='word_1_226' title='bbox 929 2626 1056 2686; x_wconf 89' lang='lat' dir='ltr'><strong>miserar</strong></span> <span class='ocrx_word' id='word_1_227' title='bbox 1070 2629 1224 2688; x_wconf 74' lang='lat' dir='ltr'><strong>miseraris</strong></span> <span class='ocrx_word' id='word_1_228' title='bbox 1238 2628 1369 2705; x_wconf 91' lang='lat' dir='ltr'><strong>primae,</strong></span> <span class='ocrx_word' id='word_1_229' title='bbox 1393 2627 1533 2684; x_wconf 88' lang='lat' dir='ltr'><strong>miserear</strong></span> <span class='ocrx_word' id='word_1_230' title='bbox 1550 2639 1607 2681; x_wconf 88' lang='lat' dir='ltr'><strong>raro</strong></span> 
     </span>
    </p>

    <p class='ocr_par' dir='ltr' id='par_1_3' title="bbox 1700 2841 1702 3052">
     <span class='ocr_line' id='line_1_24' title="bbox 1700 2841 1701 2866; baseline 0 0"><span class='ocrx_word' id='word_1_231' title='bbox 1700 2841 1701 2866; x_wconf 57' lang='lat' dir='ltr'><strong>a</strong></span> 
     </span>
     <span class='ocr_line' id='line_1_25' title="bbox 1700 2873 1701 2908; baseline 0 0"><span class='ocrx_word' id='word_1_232' title='bbox 1700 2873 1701 2908; x_wconf 87' lang='lat' dir='ltr'><strong>l</strong></span> 
     </span>
     <span class='ocr_line' id='line_1_26' title="bbox 1700 2913 1701 2954; baseline 0 0"><span class='ocrx_word' id='word_1_233' title='bbox 1700 2913 1701 2954; x_wconf 75' lang='lat' dir='ltr'><strong>l</strong></span> 
     </span>
     <span class='ocr_line' id='line_1_27' title="bbox 1700 3015 1702 3052; baseline 0 0"><span class='ocrx_word' id='word_1_234' title='bbox 1700 3015 1702 3052; x_wconf 89' lang='lat' dir='ltr'><strong>l</strong></span> 
     </span>
    </p>
   </div>
   <div class='ocr_carea' id='block_1_3' title="bbox 336 2725 1636 3823">
    <p class='ocr_par' dir='ltr' id='par_1_4' title="bbox 336 2725 1636 3823">
     <span class='ocr_line' id='line_1_28' title="bbox 336 2725 1608 2809; baseline -0.005 -21"><span class='ocrx_word' id='word_1_235' title='bbox 336 2727 493 2788; x_wconf 87' lang='lat' dir='ltr'><strong>secundae.</strong></span> <span class='ocrx_word' id='word_1_236' title='bbox 528 2727 605 2787; x_wconf 89' lang='lat' dir='ltr'><strong>sicut</strong></span> <span class='ocrx_word' id='word_1_237' title='bbox 626 2727 658 2786; x_wconf 90' lang='lat' dir='ltr'><strong>in</strong></span> <span class='ocrx_word' id='word_1_238' title='bbox 679 2725 745 2787; x_wconf 92' lang='lat' dir='ltr'><strong>aliis</strong></span> <span class='ocrx_word' id='word_1_239' title='bbox 765 2744 882 2807; x_wconf 91' lang='lat' dir='ltr'><strong>quoque</strong></span> <span class='ocrx_word' id='word_1_240' title='bbox 905 2727 1005 2790; x_wconf 87' lang='lat' dir='ltr'><strong>verbis</strong></span> <span class='ocrx_word' id='word_1_241' title='bbox 1026 2730 1187 2809; x_wconf 81' lang='lat' dir='ltr'><strong>primitivis</strong></span> <span class='ocrx_word' id='word_1_242' title='bbox 1209 2727 1288 2789; x_wconf 92' lang='lat' dir='ltr'><strong>idem</strong></span> <span class='ocrx_word' id='word_1_243' title='bbox 1310 2729 1425 2795; x_wconf 80' lang='lat' dir='ltr'><strong>evenit,</strong></span> <span class='ocrx_word' id='word_1_244' title='bbox 1448 2726 1561 2805; x_wconf 85' lang='lat' dir='ltr'><strong>quaein</strong></span> <span class='ocrx_word' id='word_1_245' title='bbox 1579 2741 1608 2781; x_wconf 94' lang='lat' dir='ltr'><strong>eo</strong></span> 
     </span>
     <span class='ocr_line' id='line_1_29' title="bbox 338 2828 1608 2909; baseline -0.004 -20"><span class='ocrx_word' id='word_1_246' title='bbox 338 2829 458 2909; x_wconf 90' lang='lat' dir='ltr'><strong>quidem</strong></span> <span class='ocrx_word' id='word_1_247' title='bbox 488 2828 655 2890; x_wconf 85' lang='lat' dir='ltr'><strong>desinentia</strong></span> <span class='ocrx_word' id='word_1_248' title='bbox 684 2828 830 2890; x_wconf 86' lang='lat' dir='ltr'><strong>secundae</strong></span> <span class='ocrx_word' id='word_1_249' title='bbox 853 2832 1072 2909; x_wconf 85' lang='lat' dir='ltr'><strong>coniugationis</strong></span> <span class='ocrx_word' id='word_1_250' title='bbox 1093 2838 1176 2901; x_wconf 92' lang='lat' dir='ltr'><strong>sunt,</strong></span> <span class='ocrx_word' id='word_1_251' title='bbox 1206 2850 1223 2891; x_wconf 96' lang='lat' dir='ltr'><strong>e</strong></span> <span class='ocrx_word' id='word_1_252' title='bbox 1246 2836 1345 2891; x_wconf 88' lang='lat' dir='ltr'><strong>autem</strong></span> <span class='ocrx_word' id='word_1_253' title='bbox 1367 2830 1498 2890; x_wconf 90' lang='lat' dir='ltr'><strong>carentia</strong></span> <span class='ocrx_word' id='word_1_254' title='bbox 1517 2828 1608 2887; x_wconf 87' lang='lat' dir='ltr'><strong>tertiae</strong></span> 
     </span>
     <span class='ocr_line' id='line_1_30' title="bbox 337 2928 1608 3011; baseline -0.003 -21"><span class='ocrx_word' id='word_1_255' title='bbox 337 2938 421 2999; x_wconf 88' lang='lat' dir='ltr'><strong>sunt,</strong></span> <span class='ocrx_word' id='word_1_256' title='bbox 455 2938 488 2990; x_wconf 90' lang='lat' dir='ltr'><strong>ut</strong></span> <span class='ocrx_word' id='word_1_257' title='bbox 515 2930 616 2990; x_wconf 88' lang='lat' dir='ltr'><strong>lerrea</strong></span> <span class='ocrx_word' id='word_1_258' title='bbox 644 2930 741 2991; x_wconf 83' lang='lat' dir='ltr'><strong>serves</strong></span> <span class='ocrx_word' id='word_1_259' title='bbox 769 2937 798 2991; x_wconf 89' lang='lat' dir='ltr'><strong>et</strong></span> <span class='ocrx_word' id='word_1_260' title='bbox 825 2931 909 2991; x_wconf 90' lang='lat' dir='ltr'><strong>lerva</strong></span> <span class='ocrx_word' id='word_1_261' title='bbox 937 2932 1044 3003; x_wconf 83' lang='lat' dir='ltr'><strong>fervis,</strong></span> <span class='ocrx_word' id='word_1_262' title='bbox 1079 2932 1157 2993; x_wconf 91' lang='lat' dir='ltr'><strong>unde</strong></span> <span class='ocrx_word' id='word_1_263' title='bbox 1186 2931 1329 3011; x_wconf 84' lang='lat' dir='ltr'><strong>Virgilius</strong></span> <span class='ocrx_word' id='word_1_264' title='bbox 1362 2933 1395 2992; x_wconf 92' lang='lat' dir='ltr'><strong>in</strong></span> <span class='ocrx_word' id='word_1_265' title='bbox 1421 2938 1520 2991; x_wconf 86' lang='lat' dir='ltr'><strong>actara</strong></span> <span class='ocrx_word' id='word_1_266' title='bbox 1544 2928 1608 2989; x_wconf 90' lang='lat' dir='ltr'><strong>libra</strong></span> 
     </span>
     <span class='ocr_line' id='line_1_31' title="bbox 337 3028 1636 3112; baseline -0.003 -19"><span class='ocrx_word' id='word_1_267' title='bbox 337 3032 504 3093; x_wconf 79' lang='lat' dir='ltr'><strong>‘fervere</strong></span> <span class='ocrx_word' id='word_1_268' title='bbox 520 3031 722 3093; x_wconf 88' lang='lat' dir='ltr'><strong>Leucaten’</strong></span> <span class='ocrx_word' id='word_1_269' title='bbox 743 3032 834 3093; x_wconf 84' lang='lat' dir='ltr'><strong>dixit:</strong></span> <span class='ocrx_word' id='word_1_270' title='bbox 859 3033 953 3094; x_wconf 92' lang='lat' dir='ltr'><strong>strido</strong></span> <span class='ocrx_word' id='word_1_271' title='bbox 968 3034 1086 3103; x_wconf 92' lang='lat' dir='ltr'><strong>stridis,</strong></span> <span class='ocrx_word' id='word_1_272' title='bbox 1102 3042 1136 3095; x_wconf 90' lang='lat' dir='ltr'><strong>ut</strong></span> <span class='ocrx_word' id='word_1_273' title='bbox 1149 3034 1292 3112; x_wconf 86' lang='lat' dir='ltr'><strong>Virgilius</strong></span> <span class='ocrx_word' id='word_1_274' title='bbox 1305 3034 1466 3112; x_wconf 81' lang='lat' dir='ltr'><strong>georgicon</strong></span> <span class='ocrx_word' id='word_1_275' title='bbox 1481 3030 1553 3091; x_wconf 91' lang='lat' dir='ltr'><strong>libro</strong></span> <span class='ocrx_word' id='word_1_276' title='bbox 1564 3028 1636 3089; x_wconf 74' lang='lat' dir='ltr'><strong>lilla</strong></span> 
     </span>
     <span class='ocr_line' id='line_1_32' title="bbox 338 3134 1489 3213; baseline -0.002 -19"><span class='ocrx_word' id='word_1_277' title='bbox 338 3134 521 3195; x_wconf 74' lang='lat' dir='ltr'><strong>‘stridere</strong></span> <span class='ocrx_word' id='word_1_278' title='bbox 545 3152 630 3213; x_wconf 87' lang='lat' dir='ltr'><strong>apes</strong></span> <span class='ocrx_word' id='word_1_279' title='bbox 654 3138 787 3204; x_wconf 90' lang='lat' dir='ltr'><strong>utero&#39;,</strong></span> <span class='ocrx_word' id='word_1_280' title='bbox 811 3134 925 3197; x_wconf 86' lang='lat' dir='ltr'><strong>strideo</strong></span> <span class='ocrx_word' id='word_1_281' title='bbox 945 3136 1069 3205; x_wconf 90' lang='lat' dir='ltr'><strong>strides,</strong></span> <span class='ocrx_word' id='word_1_282' title='bbox 1092 3144 1125 3196; x_wconf 89' lang='lat' dir='ltr'><strong>nt</strong></span> <span class='ocrx_word' id='word_1_283' title='bbox 1146 3136 1284 3197; x_wconf 87' lang='lat' dir='ltr'><strong>Lucanus</strong></span> <span class='ocrx_word' id='word_1_284' title='bbox 1305 3140 1390 3195; x_wconf 84' lang='lat' dir='ltr'><strong>sexto</strong></span> <span class='ocrx_word' id='word_1_285' title='bbox 1412 3134 1489 3195; x_wconf 92' lang='lat' dir='ltr'><strong>libro</strong></span> 
     </span>
     <span class='ocr_line' id='line_1_33' title="bbox 491 3235 1363 3300; baseline 0 -3"><span class='ocrx_word' id='word_1_286' title='bbox 491 3235 647 3297; x_wconf 91' lang='lat' dir='ltr'><strong>auribus</strong></span> <span class='ocrx_word' id='word_1_287' title='bbox 670 3239 854 3297; x_wconf 88' lang='lat' dir='ltr'><strong>incertum</strong></span> <span class='ocrx_word' id='word_1_288' title='bbox 877 3238 1016 3298; x_wconf 90' lang='lat' dir='ltr'><strong>leralis</strong></span> <span class='ocrx_word' id='word_1_289' title='bbox 1038 3238 1200 3300; x_wconf 87' lang='lat' dir='ltr'><strong>strideat</strong></span> <span class='ocrx_word' id='word_1_290' title='bbox 1221 3237 1363 3300; x_wconf 88' lang='lat' dir='ltr'><strong>umbra:</strong></span> 
     </span>
     <span class='ocr_line' id='line_1_34' title="bbox 339 3336 1309 3418; baseline 0.002 -19"><span class='ocrx_word' id='word_1_291' title='bbox 339 3347 424 3399; x_wconf 88' lang='lat' dir='ltr'><strong>tueor</strong></span> <span class='ocrx_word' id='word_1_292' title='bbox 447 3346 477 3399; x_wconf 87' lang='lat' dir='ltr'><strong>et</strong></span> <span class='ocrx_word' id='word_1_293' title='bbox 498 3346 580 3407; x_wconf 91' lang='lat' dir='ltr'><strong>tuor,</strong></span> <span class='ocrx_word' id='word_1_294' title='bbox 603 3337 681 3417; x_wconf 93' lang='lat' dir='ltr'><strong>qnod</strong></span> <span class='ocrx_word' id='word_1_295' title='bbox 704 3337 782 3418; x_wconf 91' lang='lat' dir='ltr'><strong>apud</strong></span> <span class='ocrx_word' id='word_1_296' title='bbox 805 3336 931 3399; x_wconf 85' lang='lat' dir='ltr'><strong>Statium</strong></span> <span class='ocrx_word' id='word_1_297' title='bbox 953 3342 985 3400; x_wconf 89' lang='lat' dir='ltr'><strong>in</strong></span> <span class='ocrx_word' id='word_1_298' title='bbox 1008 3339 1085 3401; x_wconf 93' lang='lat' dir='ltr'><strong>libro</strong></span> <span class='ocrx_word' id='word_1_299' title='bbox 1106 3339 1147 3402; x_wconf 90' lang='lat' dir='ltr'><strong>Ill</strong></span> <span class='ocrx_word' id='word_1_300' title='bbox 1169 3340 1309 3418; x_wconf 85' lang='lat' dir='ltr'><strong>legimus,</strong></span> 
     </span>
     <span class='ocr_line' id='line_1_35' title="bbox 491 3440 1494 3519; baseline 0 -20"><span class='ocrx_word' id='word_1_301' title='bbox 491 3440 605 3500; x_wconf 89' lang='lat' dir='ltr'><strong>hosne</strong></span> <span class='ocrx_word' id='word_1_302' title='bbox 628 3456 693 3517; x_wconf 89' lang='lat' dir='ltr'><strong>ego</strong></span> <span class='ocrx_word' id='word_1_303' title='bbox 716 3440 931 3519; x_wconf 86' lang='lat' dir='ltr'><strong>complexus</strong></span> <span class='ocrx_word' id='word_1_304' title='bbox 951 3444 1134 3519; x_wconf 83' lang='lat' dir='ltr'><strong>genitrix,</strong></span> <span class='ocrx_word' id='word_1_305' title='bbox 1157 3443 1248 3504; x_wconf 88' lang='lat' dir='ltr'><strong>baec</strong></span> <span class='ocrx_word' id='word_1_306' title='bbox 1268 3441 1396 3502; x_wconf 90' lang='lat' dir='ltr'><strong>ascula</strong></span> <span class='ocrx_word' id='word_1_307' title='bbox 1418 3442 1494 3500; x_wconf 90' lang='lat' dir='ltr'><strong>nati</strong></span> 
     </span>
     <span class='ocr_line' id='line_1_36' title="bbox 491 3542 1636 3621; baseline 0.002 -22"><span class='ocrx_word' id='word_1_308' title='bbox 491 3550 616 3603; x_wconf 85' lang='lat' dir='ltr'><strong>restra</strong></span> <span class='ocrx_word' id='word_1_309' title='bbox 639 3542 741 3602; x_wconf 84' lang='lat' dir='ltr'><strong>tuarl</strong></span> <span class='ocrx_word' id='word_1_310' title='bbox 764 3544 817 3603; x_wconf 90' lang='lat' dir='ltr'><strong>sia</strong></span> <span class='ocrx_word' id='word_1_311' title='bbox 839 3561 901 3603; x_wconf 88' lang='lat' dir='ltr'><strong>vos</strong></span> <span class='ocrx_word' id='word_1_312' title='bbox 924 3551 1089 3605; x_wconf 82' lang='lat' dir='ltr'><strong>extremo</strong></span> <span class='ocrx_word' id='word_1_313' title='bbox 1112 3548 1148 3605; x_wconf 93' lang='lat' dir='ltr'><strong>in</strong></span> <span class='ocrx_word' id='word_1_314' title='bbox 1170 3545 1249 3605; x_wconf 86' lang='lat' dir='ltr'><strong>line</strong></span> <span class='ocrx_word' id='word_1_315' title='bbox 1272 3544 1428 3621; x_wconf 88' lang='lat' dir='ltr'><strong>ligavit;</strong></span> <span class='ocrx_word' id='word_1_316' title='bbox 1617 3551 1636 3589; x_wconf 78' lang='lat'><strong>³⁰</strong></span> 
     </span>
     <span class='ocr_line' id='line_1_37' title="bbox 342 3644 1405 3723; baseline 0.001 -19"><span class='ocrx_word' id='word_1_317' title='bbox 342 3663 378 3704; x_wconf 85' lang='lat' dir='ltr'><strong>er</strong></span> <span class='ocrx_word' id='word_1_318' title='bbox 400 3662 459 3723; x_wconf 94' lang='lat' dir='ltr'><strong>qua</strong></span> <span class='ocrx_word' id='word_1_319' title='bbox 481 3645 676 3723; x_wconf 85' lang='lat' dir='ltr'><strong>compositum</strong></span> <span class='ocrx_word' id='word_1_320' title='bbox 699 3644 789 3704; x_wconf 88' lang='lat' dir='ltr'><strong>etiam</strong></span> <span class='ocrx_word' id='word_1_321' title='bbox 812 3644 913 3706; x_wconf 87' lang='lat' dir='ltr'><strong>lntuor</strong></span> <span class='ocrx_word' id='word_1_322' title='bbox 934 3646 1014 3706; x_wconf 91' lang='lat' dir='ltr'><strong>idem</strong></span> <span class='ocrx_word' id='word_1_323' title='bbox 1036 3649 1066 3706; x_wconf 90' lang='lat' dir='ltr'><strong>in</strong></span> <span class='ocrx_word' id='word_1_324' title='bbox 1090 3646 1193 3706; x_wconf 87' lang='lat' dir='ltr'><strong>eodem</strong></span> <span class='ocrx_word' id='word_1_325' title='bbox 1215 3645 1294 3706; x_wconf 92' lang='lat' dir='ltr'><strong>libra</strong></span> <span class='ocrx_word' id='word_1_326' title='bbox 1316 3645 1405 3713; x_wconf 79' lang='lat' dir='ltr'><strong>dixit,</strong></span> 
     </span>
     <span class='ocr_line' id='line_1_38' title="bbox 494 3746 1363 3823; baseline -0.001 -16"><span class='ocrx_word' id='word_1_327' title='bbox 494 3748 697 3823; x_wconf 82' lang='lat' dir='ltr'><strong>armigeras</strong></span> <span class='ocrx_word' id='word_1_328' title='bbox 720 3749 845 3807; x_wconf 90' lang='lat' dir='ltr'><strong>summi</strong></span> <span class='ocrx_word' id='word_1_329' title='bbox 867 3746 966 3808; x_wconf 85' lang='lat' dir='ltr'><strong>lavis</strong></span> <span class='ocrx_word' id='word_1_330' title='bbox 987 3748 1184 3809; x_wconf 84' lang='lat' dir='ltr'><strong>exultante</strong></span> <span class='ocrx_word' id='word_1_331' title='bbox 1207 3755 1363 3808; x_wconf 82' lang='lat' dir='ltr'><strong>caterva</strong></span> 
     </span>
    </p>
   </div>
   <div class='ocr_carea' id='block_1_4' title="bbox 343 4037 1701 4815">
    <p class='ocr_par' dir='ltr' id='par_1_5' title="bbox 412 4037 1701 4117">
     <span class='ocr_line' id='line_1_39' title="bbox 412 4037 1701 4117; baseline -0.001 -18"><span class='ocrx_word' id='word_1_332' title='bbox 412 4049 551 4117; x_wconf 75' lang='lat' dir='ltr'><strong>dineptio]</strong></span> <span class='ocrx_word' id='word_1_333' title='bbox 572 4050 683 4115; x_wconf 86' lang='lat' dir='ltr'><strong>impedio</strong></span> <span class='ocrx_word' id='word_1_334' title='bbox 698 4050 723 4099; x_wconf 99' lang='grc' dir='ltr'><em>Β</em></span> <span class='ocrx_word' id='word_1_335' title='bbox 791 4048 945 4100; x_wconf 71' lang='lat' dir='ltr'><strong>Ohabentia</strong></span> <span class='ocrx_word' id='word_1_336' title='bbox 960 4052 1070 4101; x_wconf 86' lang='lat' dir='ltr'><strong>nominis</strong></span> <span class='ocrx_word' id='word_1_337' title='bbox 1088 4053 1192 4102; x_wconf 86' lang='lat' dir='ltr'><strong>uinoaat</strong></span> <span class='ocrx_word' id='word_1_338' title='bbox 1210 4053 1235 4101; x_wconf 89' lang='lat' dir='ltr'><em>P</em></span> <span class='ocrx_word' id='word_1_339' title='bbox 1304 4054 1409 4101; x_wconf 85' lang='lat' dir='ltr'><strong>vineant</strong></span> <span class='ocrx_word' id='word_1_340' title='bbox 1428 4050 1574 4099; x_wconf 81' lang='lat' dir='ltr'><strong>-den&#39;vau</strong></span> <span class='ocrx_word' id='word_1_341' title='bbox 1589 4057 1608 4092; x_wconf 84' lang='lat' dir='ltr'><strong>et</strong></span> <span class='ocrx_word' id='word_1_342' title='bbox 1700 4037 1701 4098; x_wconf 64' lang='grc' dir='ltr'>Ῑ</span> 
     </span>
    </p>

    <p class='ocr_par' dir='ltr' id='par_1_6' title="bbox 343 4116 1701 4815">
     <span class='ocr_line' id='line_1_40' title="bbox 343 4116 1701 4186; baseline -0.008 -15"><span class='ocrx_word' id='word_1_343' title='bbox 343 4136 389 4171; x_wconf 84' lang='lat' dir='ltr'><strong>om.</strong></span> <span class='ocrx_word' id='word_1_344' title='bbox 403 4118 450 4182; x_wconf 83' lang='lat' dir='ltr'><strong>Bs</strong></span> <span class='ocrx_word' id='word_1_345' title='bbox 516 4118 549 4171; x_wconf 87' lang='lat'><strong>10</strong></span> <span class='ocrx_word' id='word_1_346' title='bbox 567 4121 724 4169; x_wconf 79' lang='lat' dir='ltr'><strong>caesenatia</strong></span> <span class='ocrx_word' id='word_1_347' title='bbox 742 4119 826 4169; x_wconf 80' lang='lat' dir='ltr'><strong>uerbis</strong></span> <span class='ocrx_word' id='word_1_348' title='bbox 844 4135 896 4169; x_wconf 86' lang='lat' dir='ltr'><strong>una</strong></span> <span class='ocrx_word' id='word_1_349' title='bbox 913 4120 960 4183; x_wconf 75' lang='lat' dir='ltr'><strong>Pr</strong></span> <span class='ocrx_word' id='word_1_350' title='bbox 1026 4121 1057 4171; x_wconf 82' lang='lat'><strong>15</strong></span> <span class='ocrx_word' id='word_1_351' title='bbox 1081 4121 1250 4171; x_wconf 80' lang='lat' dir='ltr'><strong>differentiam</strong></span> <span class='ocrx_word' id='word_1_352' title='bbox 1268 4122 1475 4186; x_wconf 84' lang='lat' dir='ltr'><strong>coniugationnm</strong></span> <span class='ocrx_word' id='word_1_353' title='bbox 1492 4116 1609 4167; x_wconf 82' lang='lat' dir='ltr'><strong>ananiae</strong></span> <span class='ocrx_word' id='word_1_354' title='bbox 1700 4141 1701 4186; x_wconf 51' lang='lat' dir='ltr'><strong>p</strong></span> 
     </span>
     <span class='ocr_line' id='line_1_41' title="bbox 345 4188 1701 4258; baseline -0.005 -19"><span class='ocrx_word' id='word_1_355' title='bbox 345 4190 499 4240; x_wconf 88' lang='lat' dir='ltr'><strong>uenientium</strong></span> <span class='ocrx_word' id='word_1_356' title='bbox 518 4190 594 4239; x_wconf 85' lang='lat' dir='ltr'><strong>etiam</strong></span> <span class='ocrx_word' id='word_1_357' title='bbox 614 4190 639 4238; x_wconf 91' lang='lat' dir='ltr'><strong>in</strong></span> <span class='ocrx_word' id='word_1_358' title='bbox 659 4190 770 4239; x_wconf 84' lang='lat' dir='ltr'><strong>secunda</strong></span> <span class='ocrx_word' id='word_1_359' title='bbox 788 4188 853 4239; x_wconf 84' lang='lat' dir='ltr'><strong>solet</strong></span> <span class='ocrx_word' id='word_1_360' title='bbox 871 4189 956 4239; x_wconf 82' lang='lat' dir='ltr'><strong>lacere</strong></span> <span class='ocrx_word' id='word_1_361' title='bbox 973 4191 1152 4256; x_wconf 81' lang='lat' dir='ltr'><strong>coniugatione</strong></span> <span class='ocrx_word' id='word_1_362' title='bbox 1171 4200 1181 4240; x_wconf 87' lang='lat' dir='ltr'><strong>t</strong></span> <span class='ocrx_word' id='word_1_363' title='bbox 1204 4191 1371 4241; x_wconf 82' lang='lat' dir='ltr'><strong>differentiam</strong></span> <span class='ocrx_word' id='word_1_364' title='bbox 1391 4188 1608 4256; x_wconf 71' lang='lat' dir='ltr'><strong>coniugatiaaume</strong></span> <span class='ocrx_word' id='word_1_365' title='bbox 1700 4189 1701 4258; x_wconf 44' lang='grc' dir='ltr'>ζ</span> 
     </span>
     <span class='ocr_line' id='line_1_42' title="bbox 344 4256 1701 4327; baseline -0.007 -17"><span class='ocrx_word' id='word_1_366' title='bbox 344 4260 484 4325; x_wconf 70' lang='grc' dir='ltr'><strong>(ειῳενεον.</strong></span> <span class='ocrx_word' id='word_1_367' title='bbox 499 4275 514 4309; x_wconf 84' lang='lat' dir='ltr'><strong>a</strong></span> <span class='ocrx_word' id='word_1_368' title='bbox 531 4257 644 4322; x_wconf 88' lang='lat' dir='ltr'><strong>nomine)</strong></span> <span class='ocrx_word' id='word_1_369' title='bbox 659 4259 814 4309; x_wconf 86' lang='lat' dir='ltr'><strong>uenientium</strong></span> <span class='ocrx_word' id='word_1_370' title='bbox 833 4261 897 4309; x_wconf 82' lang='lat' dir='ltr'><strong>solet</strong></span> <span class='ocrx_word' id='word_1_371' title='bbox 916 4259 1039 4309; x_wconf 81' lang='lat' dir='ltr'><strong>lacereB</strong></span> <span class='ocrx_word' id='word_1_372' title='bbox 1106 4263 1139 4312; x_wconf 87' lang='grc'><strong>17</strong></span> <span class='ocrx_word' id='word_1_373' title='bbox 1154 4258 1214 4327; x_wconf 83' lang='lat' dir='ltr'><strong>siat]</strong></span> <span class='ocrx_word' id='word_1_374' title='bbox 1232 4269 1291 4309; x_wconf 86' lang='lat' dir='ltr'><strong>sant</strong></span> <span class='ocrx_word' id='word_1_375' title='bbox 1309 4260 1365 4310; x_wconf 86' lang='lat' dir='ltr'><strong>BP</strong></span> <span class='ocrx_word' id='word_1_376' title='bbox 1433 4261 1466 4310; x_wconf 87' lang='grc'><strong>18</strong></span> <span class='ocrx_word' id='word_1_377' title='bbox 1479 4256 1609 4323; x_wconf 88' lang='lat' dir='ltr'><strong>peraeainat</strong></span> <span class='ocrx_word' id='word_1_378' title='bbox 1700 4277 1701 4324; x_wconf 45' lang='lat' dir='ltr'><strong>p</strong></span> 
     </span>
     <span class='ocr_line' id='line_1_43' title="bbox 345 4324 1701 4394; baseline -0.004 -14"><span class='ocrx_word' id='word_1_379' title='bbox 345 4330 400 4381; x_wconf 89' lang='lat' dir='ltr'><strong>BP</strong></span> <span class='ocrx_word' id='word_1_380' title='bbox 451 4329 485 4381; x_wconf 83' lang='lat'><strong>19</strong></span> <span class='ocrx_word' id='word_1_381' title='bbox 507 4328 621 4380; x_wconf 85' lang='lat' dir='ltr'><strong>libraXl</strong></span> <span class='ocrx_word' id='word_1_382' title='bbox 644 4328 712 4380; x_wconf 86' lang='lat' dir='ltr'><strong>BP:</strong></span> <span class='ocrx_word' id='word_1_383' title='bbox 740 4330 818 4394; x_wconf 77' lang='lat' dir='ltr'><strong>Verp.</strong></span> <span class='ocrx_word' id='word_1_384' title='bbox 839 4330 904 4381; x_wconf 82' lang='lat' dir='ltr'><strong>Aen.</strong></span> <span class='ocrx_word' id='word_1_385' title='bbox 925 4328 1034 4381; x_wconf 74' lang='lat' dir='ltr'><strong>xlttu.</strong></span> <span class='ocrx_word' id='word_1_386' title='bbox 1059 4330 1237 4390; x_wconf 63' lang='lat' dir='ltr'><strong>rfiPriacian.</strong></span> <span class='ocrx_word' id='word_1_387' title='bbox 1258 4328 1501 4393; x_wconf 66' lang='lat' dir='ltr'><strong>titiliacum</strong></span> <span class='ocrx_word' id='word_1_388' title='bbox 1545 4324 1608 4374; x_wconf 75' lang='lat' dir='ltr'><strong>etin</strong></span> <span class='ocrx_word' id='word_1_389' title='bbox 1700 4335 1701 4354; x_wconf 71' lang='lat'><em>³</em></span> 
     </span>
     <span class='ocr_line' id='line_1_44' title="bbox 346 4394 1553 4468; baseline -0.003 -18"><span class='ocrx_word' id='word_1_390' title='bbox 346 4409 434 4450; x_wconf 84' lang='lat' dir='ltr'><strong>octavo</strong></span> <span class='ocrx_word' id='word_1_391' title='bbox 451 4395 525 4465; x_wconf 89' lang='lat' dir='ltr'><strong>libro]</strong></span> <span class='ocrx_word' id='word_1_392' title='bbox 543 4416 566 4448; x_wconf 84' lang='lat' dir='ltr'><strong>a.</strong></span> <span class='ocrx_word' id='word_1_393' title='bbox 584 4398 636 4449; x_wconf 95' lang='grc'><strong>677</strong></span> <span class='ocrx_word' id='word_1_394' title='bbox 706 4398 740 4448; x_wconf 82' lang='grc'><strong>26</strong></span> <span class='ocrx_word' id='word_1_395' title='bbox 757 4399 869 4448; x_wconf 84' lang='lat' dir='ltr'><strong>leucaten</strong></span> <span class='ocrx_word' id='word_1_396' title='bbox 889 4415 958 4453; x_wconf 82' lang='lat' dir='ltr'><strong>corr.</strong></span> <span class='ocrx_word' id='word_1_397' title='bbox 976 4398 1089 4449; x_wconf 85' lang='lat' dir='ltr'><strong>leoeaten</strong></span> <span class='ocrx_word' id='word_1_398' title='bbox 1107 4400 1133 4449; x_wconf 88' lang='lat' dir='ltr'><em>B</em></span> <span class='ocrx_word' id='word_1_399' title='bbox 1202 4415 1291 4466; x_wconf 79' lang='lat' dir='ltr'><strong>georg.</strong></span> <span class='ocrx_word' id='word_1_400' title='bbox 1312 4400 1375 4449; x_wconf 89' lang='lat' dir='ltr'><strong>libro</strong></span> <span class='ocrx_word' id='word_1_401' title='bbox 1396 4398 1450 4468; x_wconf 91' lang='lat' dir='ltr'><strong>llll]</strong></span> <span class='ocrx_word' id='word_1_402' title='bbox 1469 4416 1489 4448; x_wconf 86' lang='lat' dir='ltr'><strong>a.</strong></span> <span class='ocrx_word' id='word_1_403' title='bbox 1507 4394 1553 4446; x_wconf 75' lang='lat' dir='ltr'><strong>aad</strong></span> 
     </span>
     <span class='ocr_line' id='line_1_45' title="bbox 345 4460 1608 4535; baseline 0.002 -16"><span class='ocrx_word' id='word_1_404' title='bbox 345 4470 379 4521; x_wconf 91' lang='grc'><strong>26</strong></span> <span class='ocrx_word' id='word_1_405' title='bbox 393 4466 474 4535; x_wconf 87' lang='lat' dir='ltr'><strong>utera]</strong></span> <span class='ocrx_word' id='word_1_406' title='bbox 493 4473 525 4519; x_wconf 82' lang='lat' dir='ltr'><strong>lit</strong></span> <span class='ocrx_word' id='word_1_407' title='bbox 542 4484 603 4518; x_wconf 86' lang='lat' dir='ltr'><strong>uero</strong></span> <span class='ocrx_word' id='word_1_408' title='bbox 619 4470 643 4518; x_wconf 92' lang='lat' dir='ltr'><em>P</em></span> <span class='ocrx_word' id='word_1_409' title='bbox 713 4468 774 4519; x_wconf 91' lang='lat' dir='ltr'><strong>libra</strong></span> <span class='ocrx_word' id='word_1_410' title='bbox 788 4483 832 4517; x_wconf 88' lang='lat' dir='ltr'><strong>am.</strong></span> <span class='ocrx_word' id='word_1_411' title='bbox 850 4468 886 4517; x_wconf 81' lang='lat' dir='ltr'><strong>P:</strong></span> <span class='ocrx_word' id='word_1_412' title='bbox 903 4469 1000 4521; x_wconf 81' lang='lat' dir='ltr'><strong>Lacca.</strong></span> <span class='ocrx_word' id='word_1_413' title='bbox 1019 4469 1110 4520; x_wconf 82' lang='lat' dir='ltr'><strong>Pbara.</strong></span> <span class='ocrx_word' id='word_1_414' title='bbox 1127 4470 1161 4519; x_wconf 96' lang='lat' dir='ltr'><strong>Vl</strong></span> <span class='ocrx_word' id='word_1_415' title='bbox 1179 4470 1239 4522; x_wconf 83' lang='grc'>623.</span> <span class='ocrx_word' id='word_1_416' title='bbox 1258 4470 1294 4532; x_wconf 83' lang='lat' dir='ltr'><strong>cf.</strong></span> <span class='ocrx_word' id='word_1_417' title='bbox 1314 4472 1398 4520; x_wconf 81' lang='lat' dir='ltr'><strong>Priaa.</strong></span> <span class='ocrx_word' id='word_1_418' title='bbox 1417 4472 1434 4524; x_wconf 88' lang='lat' dir='ltr'><strong>l,</strong></span> <span class='ocrx_word' id='word_1_419' title='bbox 1455 4468 1506 4519; x_wconf 90' lang='lat' dir='ltr'><strong>Vlll</strong></span> <span class='ocrx_word' id='word_1_420' title='bbox 1522 4483 1547 4531; x_wconf 84' lang='lat' dir='ltr'><strong>p.</strong></span> <span class='ocrx_word' id='word_1_421' title='bbox 1559 4460 1608 4522; x_wconf 68' lang='lat'><strong>443»</strong></span> 
     </span>
     <span class='ocr_line' id='line_1_46' title="bbox 345 4536 1610 4604; baseline -0.004 -15"><span class='ocrx_word' id='word_1_422' title='bbox 345 4541 388 4592; x_wconf 86' lang='grc'><strong>24.</strong></span> <span class='ocrx_word' id='word_1_423' title='bbox 409 4542 427 4592; x_wconf 87' lang='lat' dir='ltr'><strong>l.</strong></span> <span class='ocrx_word' id='word_1_424' title='bbox 450 4536 484 4587; x_wconf 83' lang='lat' dir='ltr'><strong>tx</strong></span> <span class='ocrx_word' id='word_1_425' title='bbox 501 4556 528 4603; x_wconf 88' lang='lat' dir='ltr'><strong>p.</strong></span> <span class='ocrx_word' id='word_1_426' title='bbox 548 4539 609 4601; x_wconf 84' lang='grc'>479,</span> <span class='ocrx_word' id='word_1_427' title='bbox 627 4540 669 4593; x_wconf 85' lang='grc'><strong>22,</strong></span> <span class='ocrx_word' id='word_1_428' title='bbox 688 4536 746 4587; x_wconf 75' lang='lat' dir='ltr'><strong>LX</strong></span> <span class='ocrx_word' id='word_1_429' title='bbox 761 4556 788 4603; x_wconf 84' lang='lat' dir='ltr'><strong>p.</strong></span> <span class='ocrx_word' id='word_1_430' title='bbox 806 4539 902 4597; x_wconf 83' lang='grc'>621,7</span> <span class='ocrx_word' id='word_1_431' title='bbox 990 4540 1023 4589; x_wconf 91' lang='grc'><strong>27</strong></span> <span class='ocrx_word' id='word_1_432' title='bbox 1044 4538 1158 4589; x_wconf 79' lang='lat' dir='ltr'><strong>fereliP</strong></span> <span class='ocrx_word' id='word_1_433' title='bbox 1240 4540 1274 4589; x_wconf 87' lang='grc'><strong>28</strong></span> <span class='ocrx_word' id='word_1_434' title='bbox 1296 4547 1369 4589; x_wconf 92' lang='lat' dir='ltr'><strong>tuear</strong></span> <span class='ocrx_word' id='word_1_435' title='bbox 1384 4551 1409 4589; x_wconf 88' lang='lat' dir='ltr'><strong>et</strong></span> <span class='ocrx_word' id='word_1_436' title='bbox 1426 4536 1492 4604; x_wconf 89' lang='lat' dir='ltr'><strong>tuor]</strong></span> <span class='ocrx_word' id='word_1_437' title='bbox 1511 4549 1535 4585; x_wconf 87' lang='lat' dir='ltr'><strong>et</strong></span> <span class='ocrx_word' id='word_1_438' title='bbox 1550 4544 1610 4584; x_wconf 79' lang='lat' dir='ltr'><strong>tuear</strong></span> 
     </span>
     <span class='ocr_line' id='line_1_47' title="bbox 345 4606 1608 4677; baseline -0.002 -19"><span class='ocrx_word' id='word_1_439' title='bbox 345 4608 404 4658; x_wconf 88' lang='lat' dir='ltr'><strong>BP</strong></span> <span class='ocrx_word' id='word_1_440' title='bbox 467 4608 535 4674; x_wconf 85' lang='lat' dir='ltr'><strong>apud</strong></span> <span class='ocrx_word' id='word_1_441' title='bbox 553 4608 658 4659; x_wconf 85' lang='lat' dir='ltr'><strong>Statium</strong></span> <span class='ocrx_word' id='word_1_442' title='bbox 677 4610 702 4657; x_wconf 91' lang='lat' dir='ltr'><strong>in</strong></span> <span class='ocrx_word' id='word_1_443' title='bbox 717 4608 781 4657; x_wconf 91' lang='lat' dir='ltr'><strong>libro</strong></span> <span class='ocrx_word' id='word_1_444' title='bbox 799 4606 843 4675; x_wconf 79' lang='grc' dir='ltr'><strong>ΙΙΙ]</strong></span> <span class='ocrx_word' id='word_1_445' title='bbox 863 4626 887 4663; x_wconf 90' lang='lat' dir='ltr'><strong>a.</strong></span> <span class='ocrx_word' id='word_1_446' title='bbox 908 4609 954 4659; x_wconf 82' lang='lat' dir='ltr'><strong>lal</strong></span> <span class='ocrx_word' id='word_1_447' title='bbox 1016 4610 1126 4675; x_wconf 82' lang='lat' dir='ltr'><strong>legimus</strong></span> <span class='ocrx_word' id='word_1_448' title='bbox 1142 4620 1168 4657; x_wconf 90' lang='lat' dir='ltr'><strong>ut</strong></span> <span class='ocrx_word' id='word_1_449' title='bbox 1186 4610 1266 4660; x_wconf 86' lang='lat' dir='ltr'><strong>basae</strong></span> <span class='ocrx_word' id='word_1_450' title='bbox 1284 4610 1608 4677; x_wconf 73' lang='lat' dir='ltr'><strong>egaftegtmaaataaaae</strong></span> 
     </span>
     <span class='ocr_line' id='line_1_48' title="bbox 348 4676 1608 4747; baseline 0.003 -20"><span class='ocrx_word' id='word_1_451' title='bbox 348 4693 397 4745; x_wconf 81' lang='lat' dir='ltr'><strong>ego</strong></span> <span class='ocrx_word' id='word_1_452' title='bbox 415 4693 484 4733; x_wconf 80' lang='lat' dir='ltr'><strong>corr.</strong></span> <span class='ocrx_word' id='word_1_453' title='bbox 505 4679 613 4745; x_wconf 82' lang='lat' dir='ltr'><strong>legimus</strong></span> <span class='ocrx_word' id='word_1_454' title='bbox 632 4678 671 4728; x_wconf 91' lang='lat' dir='ltr'><strong>ael</strong></span> <span class='ocrx_word' id='word_1_455' title='bbox 684 4678 763 4729; x_wconf 87' lang='lat' dir='ltr'><strong>hosne</strong></span> <span class='ocrx_word' id='word_1_456' title='bbox 782 4694 830 4744; x_wconf 85' lang='lat' dir='ltr'><strong>ego</strong></span> <span class='ocrx_word' id='word_1_457' title='bbox 847 4680 872 4728; x_wconf 92' lang='lat' dir='ltr'><em>B</em></span> <span class='ocrx_word' id='word_1_458' title='bbox 888 4678 998 4745; x_wconf 81' lang='lat' dir='ltr'><strong>legimus</strong></span> <span class='ocrx_word' id='word_1_459' title='bbox 1017 4692 1067 4730; x_wconf 88' lang='lat' dir='ltr'><strong>nan</strong></span> <span class='ocrx_word' id='word_1_460' title='bbox 1086 4695 1135 4747; x_wconf 83' lang='lat' dir='ltr'><strong>ega</strong></span> <span class='ocrx_word' id='word_1_461' title='bbox 1151 4679 1191 4730; x_wconf 82' lang='lat' dir='ltr'><strong>Pt</strong></span> <span class='ocrx_word' id='word_1_462' title='bbox 1274 4678 1309 4731; x_wconf 79' lang='grc'><strong>30</strong></span> <span class='ocrx_word' id='word_1_463' title='bbox 1323 4682 1344 4728; x_wconf 89' lang='lat' dir='ltr'><strong>si</strong></span> <span class='ocrx_word' id='word_1_464' title='bbox 1363 4694 1427 4744; x_wconf 78' lang='lat' dir='ltr'><strong>qnos</strong></span> <span class='ocrx_word' id='word_1_465' title='bbox 1445 4695 1506 4731; x_wconf 82' lang='lat' dir='ltr'><strong>corr·</strong></span> <span class='ocrx_word' id='word_1_466' title='bbox 1524 4676 1558 4723; x_wconf 65' lang='lat'><strong>⁸30</strong></span> <span class='ocrx_word' id='word_1_467' title='bbox 1571 4686 1608 4721; x_wconf 61' lang='grc' dir='ltr'><strong>ΕΜ</strong></span> 
     </span>
     <span class='ocr_line' id='line_1_49' title="bbox 352 4745 1551 4815; baseline -0.001 -17"><span class='ocrx_word' id='word_1_468' title='bbox 352 4750 373 4798; x_wconf 89' lang='grc' dir='ltr'><em>Β</em></span> <span class='ocrx_word' id='word_1_469' title='bbox 392 4748 428 4799; x_wconf 89' lang='lat' dir='ltr'><strong>sic</strong></span> <span class='ocrx_word' id='word_1_470' title='bbox 446 4764 509 4812; x_wconf 85' lang='lat' dir='ltr'><strong>qnos</strong></span> <span class='ocrx_word' id='word_1_471' title='bbox 528 4750 573 4812; x_wconf 71' lang='lat' dir='ltr'><strong>Pr</strong></span> <span class='ocrx_word' id='word_1_472' title='bbox 586 4750 607 4798; x_wconf 85' lang='lat' dir='ltr'><strong>ai</strong></span> <span class='ocrx_word' id='word_1_473' title='bbox 623 4759 707 4813; x_wconf 86' lang='lat' dir='ltr'><strong>quest</strong></span> <span class='ocrx_word' id='word_1_474' title='bbox 777 4756 889 4799; x_wconf 81' lang='lat' dir='ltr'><strong>extrema</strong></span> <span class='ocrx_word' id='word_1_475' title='bbox 906 4764 975 4803; x_wconf 84' lang='lat' dir='ltr'><strong>carr.</strong></span> <span class='ocrx_word' id='word_1_476' title='bbox 995 4764 1050 4798; x_wconf 90' lang='lat' dir='ltr'><strong>-ma</strong></span> <span class='ocrx_word' id='word_1_477' title='bbox 1070 4750 1095 4799; x_wconf 89' lang='grc' dir='ltr'><em>Β</em></span> <span class='ocrx_word' id='word_1_478' title='bbox 1163 4749 1196 4801; x_wconf 84' lang='grc'><strong>31</strong></span> <span class='ocrx_word' id='word_1_479' title='bbox 1213 4751 1239 4799; x_wconf 92' lang='lat' dir='ltr'><strong>in</strong></span> <span class='ocrx_word' id='word_1_480' title='bbox 1257 4752 1348 4799; x_wconf 91' lang='lat' dir='ltr'><strong>eadem</strong></span> <span class='ocrx_word' id='word_1_481' title='bbox 1366 4746 1440 4815; x_wconf 91' lang='lat' dir='ltr'><strong>libra]</strong></span> <span class='ocrx_word' id='word_1_482' title='bbox 1458 4750 1487 4799; x_wconf 91' lang='lat' dir='ltr'><strong>lll</strong></span> <span class='ocrx_word' id='word_1_483' title='bbox 1504 4745 1551 4797; x_wconf 80' lang='grc'><strong>532</strong></span> 
     </span>
    </p>
   </div>
   <div class='ocr_carea' id='block_1_5' title="bbox 348 4441 1702 5010">
    <p class='ocr_par' dir='ltr' id='par_1_7' title="bbox 348 4441 1702 4970">
     <span class='ocr_line' id='line_1_50' title="bbox 1700 4441 1701 4490; baseline 0 0"><span class='ocrx_word' id='word_1_484' title='bbox 1700 4441 1701 4490; x_wconf 89' lang='lat' dir='ltr'><strong>l</strong></span> 
     </span>
     <span class='ocr_line' id='line_1_51' title="bbox 1700 4541 1701 4576; baseline 0 0"><span class='ocrx_word' id='word_1_485' title='bbox 1700 4541 1701 4576; x_wconf 78' lang='lat' dir='ltr'><strong>t</strong></span> 
     </span>
     <span class='ocr_line' id='line_1_52' title="bbox 1700 4599 1701 4636; baseline 0 0"><span class='ocrx_word' id='word_1_486' title='bbox 1700 4599 1701 4636; x_wconf 80' lang='lat' dir='ltr'><strong>t</strong></span> 
     </span>
     <span class='ocr_line' id='line_1_53' title="bbox 348 4793 1702 4886; baseline -0.006 -18"><span class='ocrx_word' id='word_1_487' title='bbox 348 4817 383 4868; x_wconf 84' lang='lat'><strong>32</strong></span> <span class='ocrx_word' id='word_1_488' title='bbox 406 4820 544 4882; x_wconf 80' lang='lat' dir='ltr'><strong>armigeras</strong></span> <span class='ocrx_word' id='word_1_489' title='bbox 567 4826 576 4868; x_wconf 80' lang='lat' dir='ltr'><strong>t</strong></span> <span class='ocrx_word' id='word_1_490' title='bbox 673 4816 799 4869; x_wconf 80' lang='lat' dir='ltr'><strong>exultante</strong></span> <span class='ocrx_word' id='word_1_491' title='bbox 821 4827 936 4869; x_wconf 80' lang='lat' dir='ltr'><strong>cateruas</strong></span> <span class='ocrx_word' id='word_1_492' title='bbox 959 4834 977 4874; x_wconf 81' lang='grc' dir='ltr'><strong>ς</strong></span> <span class='ocrx_word' id='word_1_493' title='bbox 1001 4820 1144 4871; x_wconf 81' lang='lat' dir='ltr'><strong>exultantes</strong></span> <span class='ocrx_word' id='word_1_494' title='bbox 1173 4828 1287 4870; x_wconf 83' lang='lat' dir='ltr'><strong>cateruas</strong></span> <span class='ocrx_word' id='word_1_495' title='bbox 1309 4820 1373 4881; x_wconf 78' lang='lat' dir='ltr'><strong>Bis</strong></span> <span class='ocrx_word' id='word_1_496' title='bbox 1395 4818 1553 4878; x_wconf 64' lang='lat' dir='ltr'><strong>minutasque</strong></span> <span class='ocrx_word' id='word_1_497' title='bbox 1574 4825 1608 4860; x_wconf 82' lang='lat' dir='ltr'><strong>aa·</strong></span> <span class='ocrx_word' id='word_1_498' title='bbox 1700 4793 1702 4886; x_wconf 61' lang='lat' dir='ltr'><strong>l</strong></span> 
     </span>
     <span class='ocr_line' id='line_1_54' title="bbox 349 4888 1701 4954; baseline -0.001 -18"><span class='ocrx_word' id='word_1_499' title='bbox 349 4896 433 4937; x_wconf 82' lang='lat' dir='ltr'><strong>ternas</strong></span> <span class='ocrx_word' id='word_1_500' title='bbox 451 4888 476 4938; x_wconf 89' lang='lat' dir='ltr'><em>P</em></span> <span class='ocrx_word' id='word_1_501' title='bbox 1700 4889 1701 4954; x_wconf 71' lang='lat' dir='ltr'><strong>l</strong></span> 
     </span>
    </p>

    <p class='ocr_par' dir='ltr' id='par_1_8' title="bbox 1700 4985 1701 5010">
     <span class='ocr_line' id='line_1_55' title="bbox 1700 4985 1701 5010; baseline 0 0"><span class='ocrx_word' id='word_1_502' title='bbox 1700 4985 1701 5010; x_wconf 88' lang='lat' dir='ltr'><strong>l</strong></span> 
     </span>
    </p>
   </div>
   <div class='ocr_carea' id='block_1_6' title="bbox 0 0 1788 5600">
    <p class='ocr_par' dir='ltr' id='par_1_9' title="bbox 0 0 1788 5600">
     <span class='ocr_line' id='line_1_56' title="bbox 0 0 1788 5600; baseline 0 0"><span class='ocrx_word' id='word_1_503' title='bbox 0 0 1788 5600; x_wconf 95' lang='lat' dir='ltr'><strong> </strong></span> 
     </span>
    </p>
   </div>
  </div>
 </body>
</html>
