3525 5600
339 414 401 480 348
866 417 1071 479 CONSENTll

364 539 386 578 p.
402 526 459 565 2020.
473 525 497 564 30
511 523 534 564 P.

338 607 450 684 gularis
471 622 567 684 neque
590 603 713 684 pluralis
727 607 844 664 numeri
861 604 962 664 dicere
985 623 1154 684 possumus,
1179 604 1274 666 dualis
1295 624 1361 665 esse
1384 607 1537 668 discertent.
1569 608 1613 667 sed

338 715 417 768 recta
439 710 516 768 ratio
539 705 668 765 obtinuit
696 706 773 785 apud,
795 707 916 767 Latinos
938 707 1012 766 duos
1034 725 1114 776 osse,
1138 707 1334 784 singularem,
1358 715 1390 768 ut
1412 708 1460 767 hic
1482 710 1614 784 magister

337 809 411 870 baec
438 809 519 869 Musa
546 808 602 868 hoc
628 825 793 877 scamnum,
830 816 859 869 et
888 809 1046 888 pluralem,
1075 815 1108 868 ut
1135 808 1166 868 bi
1194 811 1329 886 magistri
1351 809 1407 868 bae
1429 808 1530 869 Musae
1550 809 1613 870 baec
1714 886 1715 889 Ἴ

337 930 464 972 scamna.
501 929 558 971 non
583 911 680 970 tamen
704 911 801 970 omnia
824 913 943 972 nomina
966 912 1098 971 omnium
1120 929 1264 988 generum
1284 919 1445 990 utrumque
1466 929 1613 972 numerum

336 1016 495 1093 recipiunt.
540 1031 607 1074 nam
642 1019 710 1072 sunt
737 1011 877 1091 pleraque
906 1015 1023 1074 nemina
1058 1032 1176 1092 semper
1205 1012 1381 1090 singularia,
1415 1012 1471 1073 alia
1506 1030 1634 1092 sempera

337 1115 477 1196 pluralia:
508 1114 670 1192 singularia
699 1113 854 1174 masculini
883 1117 1002 1191 generis
1029 1115 1126 1194 pulvis
1159 1116 1296 1192 sanguis,
1324 1115 1462 1174 leminini
1490 1133 1547 1193 par
1571 1115 1614 1174 lux

336 1219 413 1279 lama
435 1216 561 1286 invidia,
592 1218 691 1277 neutri
714 1233 818 1276 aurum
841 1215 938 1276 oleum
962 1216 1089 1286 serrum,
1123 1225 1153 1276 et
1174 1218 1238 1276 iere
1261 1224 1362 1276 cetera
1383 1233 1460 1295 quae
1482 1216 1519 1276 ad
1541 1235 1613 1276 uren·

335 1340 434 1383 suram
463 1319 614 1400 pondusre
643 1321 831 1387 referentum
863 1316 989 1395 pluralia
1022 1319 1178 1379 masculini
1206 1319 1327 1396 generis
1359 1335 1463 1377 manes
1491 1315 1614 1386 Quirites

334 1423 472 1490 cancelli,
497 1421 632 1481 seminini
655 1418 797 1480 lralendae
821 1418 970 1479 nundinae
997 1420 1090 1480 leriae
1113 1421 1276 1499 quadrigae
1298 1420 1419 1498 nuptiae
1441 1419 1538 1480 scalae
1558 1439 1614 1480 sor·
1714 1430 1715 1471 ὲ

335 1526 387 1586 des
410 1542 533 1604 scopae,
557 1521 681 1602 pluralia
705 1523 803 1581 neutri
826 1523 946 1598 generis
969 1539 1049 1582 arma
1073 1530 1168 1582 castra
1185 1521 1314 1583 Floralia
1335 1521 1516 1581 Saturnalia.
1550 1521 1644 1586 haece

334 1629 448 1687 ratione
470 1627 512 1686 ita
535 1634 619 1692 sunt;
643 1624 695 1683 sed
717 1623 857 1702 pleraque
880 1625 1045 1683 auctoritas
1059 1631 1163 1684 centra
1185 1626 1329 1685 rationem
1352 1625 1521 1684 inmotam.
1554 1639 1614 1684 nam
1714 1666 1715 1677 2

334 1737 363 1788 et
386 1729 489 1788 Cicero
512 1726 657 1786 sordem
680 1724 872 1802 singulariter
895 1725 985 1794 dixit,
1015 1733 1044 1785 et
1071 1725 1214 1803 Virgilius
1242 1728 1309 1786 vina
1337 1734 1367 1785 et
1388 1725 1502 1785 bordea
1524 1725 1613 1804 plura·
1714 1754 1715 1757 ¹

333 1831 401 1892 liter
429 1830 591 1907 usurpavit.
635 1827 776 1906 pleraque
804 1828 951 1904 positione
986 1826 1148 1904 singularia
1180 1837 1264 1897 sunt,
1297 1825 1451 1887 intellectu
1485 1827 1613 1906 pluralia,
1714 1866 1715 1877 ³

334 1941 365 1992 ut
386 1930 512 2011 populus
535 1930 650 1998 conlio;
679 1927 736 1988 alia
766 1930 898 2000 vicissim
920 1930 1067 2007 positione
1089 1928 1214 2007 pluralia
1237 1937 1320 1997 sunt,
1344 1928 1498 1989 intellectu
1521 1931 1614 2007 singu·

332 2035 420 2103 laria,
459 2041 491 2093 ut
522 2031 660 2110 Mycenae
695 2028 803 2090 Cumae
837 2037 903 2089 exta
936 2032 1061 2090 moenia.
1106 2038 1175 2091 sunt
1206 2032 1295 2092 etiam
1329 2030 1474 2110 quaedam
1502 2033 1645 2094 nominare

332 2139 487 2215 utriusque
509 2134 626 2193 numeri
649 2132 829 2200 communia,
861 2140 894 2191 ut
916 2148 965 2192 res
987 2131 1082 2191 nubes
1111 2131 1190 2191 dies:
1225 2151 1292 2193 nam
1321 2141 1350 2192 et
1379 2132 1429 2191 lric
1451 2132 1517 2193 dies
1538 2141 1567 2192 et
1586 2132 1614 2192 bi

332 2239 411 2308 dies,
435 2237 508 2297 haee
531 2253 579 2295 res
602 2241 631 2293 et
654 2233 708 2294 hae
731 2251 794 2301 res,
817 2232 891 2293 haec
914 2231 1010 2294 nubes
1033 2241 1062 2293 et
1083 2233 1139 2293 bae
1161 2233 1256 2294 nubes
1278 2235 1462 2294 nominativo
1484 2243 1516 2295 et
1536 2252 1614 2295 roca·
1714 2218 1715 2225 ¹

330 2343 391 2401 tivo
414 2355 484 2400 casu
506 2345 566 2398 tam
590 2335 733 2413 singulari
755 2353 843 2414 quam
868 2331 872 2415 1
896 2334 1003 2413 plurali
1026 2336 1168 2396 similiter
1189 2336 1364 2396 elleruntur.
1400 2335 1546 2416 quaedam
1567 2355 1614 2396 no·

330 2445 410 2503 mina
444 2458 512 2501 cum
544 2438 700 2498 rideantur
730 2437 886 2516 utriusque
918 2438 1036 2496 numeri
1065 2456 1145 2506 esse,
1179 2440 1337 2498 tamenin
1365 2437 1423 2498 alio
1451 2439 1613 2517 significatu
1714 2488 1715 2491 ,

330 2562 447 2623 semper
476 2540 637 2618 singularia
666 2547 749 2608 sunt,
779 2540 809 2598 iu
840 2538 897 2598 alio
925 2556 1044 2619 semper
1075 2539 1216 2618 pluralia,
1246 2548 1278 2599 ut
1300 2548 1345 2600 est
1367 2539 1423 2599 lac.
1454 2558 1523 2601 nam
1544 2541 1645 2602 diriter

329 2646 472 2724 Virgilius
500 2642 574 2702 ‘lac
602 2641 693 2701 mihi
722 2659 791 2701 non
820 2647 964 2703 aestate
992 2645 1150 2711 novum';
1187 2649 1217 2702 et
1243 2641 1395 2719 singulare
1428 2660 1547 2722 semper
1572 2652 1612 2702 est

331 2749 450 2826 generis
476 2746 586 2808 neutri.
631 2760 722 2823 porro
749 2742 854 2812 lactes,
883 2750 917 2802 ut
943 2744 987 2804 ait
1013 2741 1154 2805 Horatius
1182 2743 1370 2823 ‘pulmone
1392 2751 1428 2804 et
1449 2743 1612 2807 lactibus

329 2852 485 2919 unctis’,
509 2866 567 2927 quo
589 2845 668 2907 aliud
691 2846 847 2921 significat,
870 2844 984 2924 plurale
1006 2863 1126 2924 semper
1148 2852 1193 2905 est
1207 2848 1328 2924 generis
1343 2845 1499 2907 masculini
1522 2864 1612 2926 neque

330 2950 564 3029 singularitatem
593 2946 691 3007 babet.
736 2945 832 3006 simile
860 2955 905 3006 est
928 2954 957 3006 et
979 2945 1037 3006 sal:
1060 2946 1115 3006 boc
1138 2949 1218 3007 enim
1241 2964 1362 3025 semper
1383 2947 1536 3025 singulare
1556 2956 1612 3019 est;
1714 2991 1715 3018 2

329 3056 354 3113 si
378 3062 474 3113 autom
502 3049 656 3131 pluraliter
684 3048 815 3117 dicatur,
845 3046 1046 3108 urbanitatem
1074 3050 1234 3126 significat,
1258 3038 1438 3128 quamquam
1460 3050 1644 3111 urbanitase
1714 3087 1715 3100 2

329 3156 478 3233 designari
501 3154 594 3233 possit
617 3152 706 3210 etiam
729 3147 872 3226 singulari
896 3166 1035 3219 numere,
1059 3158 1091 3209 ut
1107 3152 1148 3210 ait
1163 3150 1243 3210 idem
1265 3149 1378 3229 ‘quod
1402 3151 1481 3212 sale
1504 3151 1612 3211 multo
1714 3155 1715 3234 j

329 3256 455 3317 urbem
483 3255 686 3314 delricuit'
723 3259 752 3311 et
785 3250 892 3328 ‘quid
925 3248 1037 3310 babet
1064 3250 1117 3311 sal
1146 3253 1209 3330 qui
1237 3252 1273 3311 in
1296 3260 1333 3311 te
1356 3255 1442 3313 est’.
1486 3254 1539 3314 sed
1561 3254 1612 3313 boc

328 3359 490 3420 masculino
512 3373 622 3434 genere
645 3354 765 3413 dicitur.

412 3458 579 3520 Notandum
602 3464 648 3517 est
668 3455 725 3515 boc
740 3471 872 3533 quoque,
898 3453 976 3533 quod
992 3455 1145 3514 civitatum
1166 3456 1286 3515 nomina
1308 3459 1484 3534 peremnia
1506 3476 1612 3536 genera
1714 3439 1715 3460 ³

328 3562 506 3629 efferuntur,
534 3576 613 3619 nunc
641 3566 765 3635 utroque
793 3573 932 3625 numero,
972 3573 1051 3615 nunc
1083 3556 1227 3633 singulari
1259 3564 1374 3617 tantum
1414 3567 1464 3619 aut
1501 3568 1644 3621 tantuma

326 3663 448 3743 plurali:
484 3668 608 3739 utroque
643 3675 766 3718 numero
800 3657 959 3726 feminina,
994 3665 1027 3717 ut
1054 3657 1127 3717 baec
1150 3658 1287 3718 Caesaria
1315 3667 1344 3718 et
1373 3659 1427 3720 bae
1450 3661 1611 3726 Caesarine,

327 3765 399 3825 baec
428 3764 510 3823 Ostia
539 3768 568 3820 et
595 3759 651 3819 bae
680 3758 796 3827 Ostiae,
826 3759 900 3819 baec
923 3757 1069 3836 Carthago
1097 3767 1127 3818 et
1154 3759 1209 3819 lrae
1232 3759 1442 3838 Carthagines;
1470 3763 1611 3841 singulari

326 3875 455 3934 tantum,
481 3872 512 3923 ut
534 3862 607 3923 baec
630 3861 736 3930 Roma;
760 3859 866 3938 plurali
889 3868 1017 3929 tantum,
1041 3868 1073 3920 ut
1095 3859 1150 3920 bae
1165 3860 1304 3940 Mycenae
1321 3861 1441 3923 Thebae
1463 3863 1610 3925 biterrae:

327 3976 452 4046 utroque
476 3982 600 4024 numero
623 3961 799 4031 masculina,
830 3970 862 4021 ut
884 3962 934 4022 bic
956 3961 1066 4039 Caulon
1088 3970 1119 4021 et
1141 3962 1171 4021 bi
1195 3961 1355 4033 Caulones;
1383 3965 1529 4042 singulari
1549 3974 1610 4027 tan·

327 4080 405 4138 tum,
429 4076 461 4128 ut
484 4066 533 4126 hic
556 4063 671 4133 Narbo;
693 4061 800 4141 plurali
823 4070 953 4134 tantum,
976 4073 1009 4123 ut
1031 4064 1061 4123 bi
1085 4063 1203 4123 Treviri
1218 4065 1342 4125 Arverni
1366 4065 1465 4127 Cales:
1487 4076 1643 4147 utroqurse

395 4342 408 4391 1
429 4318 548 4389 dixerunt
564 4352 610 4385 om.
628 4335 652 4384 B
660 4334 693 4385 M
761 4333 794 4385 10
811 4347 881 4383 erma
898 4334 999 4384 moenia
1016 4342 1099 4384 castra
1117 4334 1150 4384 M
1211 4336 1275 4386 baec
1286 4337 1418 4389 Paracletus
1434 4338 1482 4388 bae
1494 4337 1561 4389 ΒΜ

326 4413 357 4462 12
376 4406 474 4476 Cicero]
492 4426 518 4475 p.
533 4408 618 4457 Flere.
631 4405 662 4470 3,
675 4406 691 4455 7
704 4402 798 4453 mdlam
810 4404 836 4451 in
857 4418 882 4453 re
895 4403 1014 4453 familiari
1030 4406 1129 4454 sordem
1144 4419 1221 4470 posse
1237 4408 1360 4471 proterri3
1375 4410 1413 4458 ad
1424 4410 1480 4461 Au
1496 4410 1508 4458 l
1522 4410 1565 4471 le,
1579 4410 1607 4460 li

376 4489 400 4531 et
412 4481 473 4529 uina
489 4487 514 4528 et
532 4476 655 4526 ordeaM
706 4474 738 4523 15
753 4488 841 4523 cremae
853 4473 906 4523 Bm
924 4474 1043 4524 comeM
1089 4473 1122 4524 16
1136 4484 1243 4538 utroque
1259 4492 1364 4527 numero
1382 4479 1448 4528 ΒΜ
1496 4476 1531 4528 18
1543 4479 1611 4527 aimi-
1714 4497 1715 4506 ¹

325 4552 381 4601 liter
399 4546 562 4600 serunturM
632 4543 664 4596 19
682 4540 776 4608 tamen]
798 4542 873 4593 tirM
939 4544 973 4593 20
994 4558 1051 4592 nam
1071 4543 1317 4610 dispunctam)
1335 4549 1374 4597 lae
1394 4548 1425 4597 Μ
1440 4562 1498 4597 nam
1517 4548 1609 4598 lacB:

328 4621 405 4685 Verp.
424 4620 503 4673 bucol.
520 4621 546 4682 2,
565 4618 599 4667 22
652 4613 778 4664 retentes
796 4613 962 4663 masculinum
982 4628 1082 4678 semper
1094 4614 1187 4679 plurali
1205 4616 1348 4681 significatu
1363 4626 1392 4666 ut
1408 4619 1442 4669 ait
1453 4618 1480 4667 B
1533 4618 1610 4668 Hora-

323 4688 383 4757 tiur]
406 4690 481 4741 Pera.
501 4696 551 4738 sat.
568 4688 599 4749 2,
619 4684 653 4735 30
727 4682 760 4732 23
785 4680 845 4749 quo]
873 4697 923 4745 qua
941 4682 975 4731 M
982 4696 989 4729 τ
1013 4697 1063 4747 quo
1086 4684 1155 4733 aliud
1177 4685 1333 4751 significatur
1353 4688 1483 4738 Penariae
1553 4688 1612 4755 plui

324 4774 424 4825 semper
442 4768 466 4809 et
484 4773 578 4825 genere
596 4756 734 4805 masculino
750 4751 784 4801 M
850 4752 885 4803 20
899 4766 964 4816 quae
981 4752 1034 4803 aale
1050 4753 1092 4804 B:
1109 4753 1174 4803 Her.
1191 4763 1242 4805 aar.
1263 4758 1270 4804 Ι
1290 4755 1331 4820 10,
1348 4755 1365 4807 3
1382 4756 1444 4822 (11)
1512 4758 1549 4808 27
1566 4758 1608 4821 qui

323 4829 399 4879 babet
417 4830 564 4879 Patrobios:
585 4825 683 4876 Terens
705 4824 817 4873 Eunuclr.
840 4822 873 4871 111
895 4822 918 4885 1,
939 4820 971 4872 10
1057 4822 1089 4873 31
1110 4822 1173 4873 baec
1192 4827 1303 4875 cessaria
1324 4825 1373 4876 bae
1396 4826 1521 4876 cessariae
1545 4828 1608 4877 haer

324 4898 407 4949 hostia
425 4908 447 4946 et
468 4896 515 4946 bue
534 4896 631 4945 hostiae
650 4894 680 4941 M
746 4892 779 4943 33
799 4892 911 4941 biterrae
929 4891 994 4941 ΒΜ
1062 4892 1096 4942 35
1116 4893 1142 4943 bi
1159 4896 1241 4944 triuiri
1255 4894 1281 4945 hi
1299 4897 1418 4946 arrruerni
1435 4894 1466 4945 Μ
