3525 5600
326 354 367 434 '36
887 357 1061 430 ethoorttt

353 493 374 534 p.
389 483 446 521 root.
459 477 521 519 1121).

328 571 451 640 nepotes
480 569 510 620 et
537 567 762 637 consumptores
785 557 911 617 dicimus
934 565 964 616 et
986 555 1112 626 adfines,
1142 565 1173 616 ut
1196 557 1288 618 acient
1311 551 1464 616 oculorum
1492 549 1617 614 dicimus

209 674 268 735 313,
281 674 313 721 22
327 673 357 723 et
379 663 527 722 exercitus
550 660 637 740 [haec
660 668 784 740 utraque
806 658 1005 718 declinatione
1033 655 1216 737 flectuntur]
1252 693 1293 701 —
1330 658 1425 720 Sunt
1452 660 1532 718 alia
1560 675 1616 733 sp-

166 761 170 767 ’
327 781 504 840 nonanto:
539 762 613 823 haec
641 763 787 822 contraria
816 768 886 821 sunt
913 760 1114 838 homonymis,
1144 779 1210 820 eum
1232 779 1291 821 una
1313 779 1363 821 res
1386 758 1478 820 multa
1501 760 1618 819 nomina

281 877 314 925 23
329 866 427 926 habet.
452 899 488 910 -
513 863 786 941 Patroupmica:
811 864 867 921 ista
891 881 950 922 nou
974 861 1068 923 solum
1085 882 1101 922 a
1117 861 1254 941 patribus
1268 862 1469 942 appellantur,
1487 861 1587 921 sedet
1603 880 1618 920 a

326 967 470 1029 matribus
492 964 537 1024 vel
559 967 635 1034 atis,
658 972 691 1026 ut
711 963 867 1026 Aeacides:
898 965 1121 1044 patronymicon
1145 972 1204 1034 est,
1233 965 1303 1024 dum
1327 964 1364 1024 ah
1386 981 1439 1024 avo
1462 961 1642 1043 perhibeo-s
1719 981 1720 990 ¹

327 1080 386 1132 tur.
419 1075 488 1147 *quo
516 1065 605 1127 modo
632 1065 730 1127 trihus
752 1065 849 1126 modis
871 1073 979 1125 exeunt
1001 1064 1179 1134 masculina,
1209 1067 1252 1127 sic
1275 1065 1371 1126 trihus
1393 1065 1489 1126 modis
1512 1073 1620 1126 exeunt

325 1174 480 1240 feminina,
518 1178 552 1230 ut
572 1168 687 1229 Peleias
709 1170 824 1229 Atreias
846 1168 984 1238 Nereias,
1023 1170 1065 1228 sio
1093 1169 1163 1228 item
1186 1168 1282 1228 Atreis
1303 1166 1399 1228 Paleis
1421 1167 1540 1236 Nereis,
1578 1168 1621 1226 sic

280 1276 427 1337 astartae
449 1271 550 1332 Peline
572 1271 698 1339 Nerine,
721 1278 754 1330 ut
775 1269 922 1347 Vergilius
945 1271 1102 1330 ‘Nerine
1124 1269 1302 1331 Galatea’.
1326 1305 1367 1314 -
1389 1271 1432 1328 Vt
1453 1267 1619 1330 Atrides:

279 1385 313 1434 28
325 1378 403 1436 trina
425 1373 542 1452 regula,
571 1383 605 1432 ut
626 1371 745 1432 Atrides
767 1373 883 1431 Atreius
905 1373 1036 1432 Atreion.
1064 1406 1105 1415 —-
1129 1373 1170 1432 Vt
1193 1371 1346 1432 Nerine:
1377 1372 1478 1433 Atrine
1501 1370 1621 1440 Nerine,

265 1481 268 1487 '
325 1487 358 1538 ut
379 1476 533 1538 ‘Nerine
561 1473 745 1541 Galatea',
776 1471 829 1551 [ita
853 1481 882 1533 et
906 1472 1039 1552 Galatea]
1065 1475 1102 1531 ita
1128 1481 1157 1533 et
1179 1473 1295 1534 Nereia.
1318 1507 1358 1516 -—
1382 1473 1494 1533 Ctetica
1517 1472 1655 1544 dicun-1⁰

326 1588 374 1640 tur
397 1574 403 1660 Ι
428 1595 504 1655 quae
532 1574 791 1636 coniunctionibus
813 1576 958 1653 gaudent,
987 1575 1044 1650 ltop
1073 1575 1217 1654 estquod
1241 1574 1304 1634 aliis
1327 1575 1503 1654 copulantur
1525 1575 1620 1635 nomi·

227 1680 429 1755 titanibus,
453 1681 531 1740 sicut
560 1676 694 1754 exempla
717 1676 833 1737 docent.
863 1712 897 1721 —
922 1679 1033 1737 tltetica
1063 1677 1202 1737 dictmtur
1230 1678 1396 1755 possessiva
1427 1712 1464 1720 -
1494 1676 1620 1738 Mediam

325 1783 569 1862 significationem
592 1779 718 1849 habent,
748 1781 816 1858 quia
841 1785 870 1838 et
893 1781 1055 1840 exereitum
1080 1795 1218 1856 inagnum
1242 1778 1368 1840 dicimus
1392 1787 1422 1839 et
1443 1781 1554 1848 virum;
1578 1781 1622 1840 sic

327 1894 356 1946 et
377 1887 495 1946 lortem.
541 1899 617 1960 quae
644 1901 661 1942 a
690 1881 776 1941 uobis
804 1881 919 1942 mediae
942 1882 1166 1958 significationis
1189 1880 1344 1951 dicuntur,
1374 1882 1535 1942 aGraecis
1557 1883 1621 1960 epi-

299 1987 404 2048 tthcta
435 1993 583 2047 vocantur.
618 2017 659 2028 -
694 1984 766 2044 Cum
805 1983 931 2044 dicimus
958 1981 1125 2043 Euandrius
1153 1981 1262 2053 Pallas,
1297 1985 1531 2064 patronymicum
1561 1991 1657 2052 est;¹⁵

208 2103 266 2163 373,
280 2091 419 2157 teensis,
449 2087 658 2166 possessivum.
691 2118 733 2129 -
767 2083 803 2143 Et
830 2103 845 2145 a
874 2095 969 2145 matre
998 2087 1036 2145 ita
1065 2085 1139 2144 tiunt
1167 2086 1384 2163 patronymica,
1419 2095 1451 2146 ut
1473 2085 1621 2164 Vergilius

326 2195 381 2251 ‘et
402 2188 491 2249 lnoo
513 2187 765 2255 Melicertae’;
789 2187 846 2246 erit
867 2187 1065 2247 nominativus
1081 2187 1170 2247 Inous
1192 2185 1352 2248 Melicerta.
1384 2185 1456 2248 haec
1472 2187 1509 2249 ab
1524 2191 1621 2248 omni-

225 2292 380 2367 374,4hus
408 2291 543 2370 cognatis
562 2285 576 2373 Η
596 2291 685 2360 hunt,
715 2307 771 2350 nec
799 2307 815 2349 a
838 2287 993 2349 sororibus
1015 2290 1142 2366 penitus.
1166 2287 1310 2350 -Haec
1333 2291 1420 2351 etiam
1443 2289 1621 2352 adiunctiva.

324 2429 367 2438 -
388 2391 594 2465 Qualitatis
618 2389 667 2471 [ut
682 2392 888 2469 magnanimus
903 2387 1031 2470 Aeneas]
1056 2401 1094 2450 ut
1116 2390 1247 2452 bonus:
1272 2391 1395 2470 qualitas
1416 2390 1545 2452 trahitur
1567 2410 1632 2470 per

296 2511 438 2568 amores,
454 2495 614 2576 ‘quanmas
642 2511 697 2572 per
725 2491 959 2569 magnitudinem
986 2527 1027 2535 -
1056 2492 1135 2553 Alia
1157 2495 1295 2571 gentis:
1325 2496 1403 2555 inter
1425 2494 1546 2573 gentilia
1568 2513 1621 2554 no·
1634 2511 1658 2551 eo

326 2602 406 2661 mina
429 2606 458 2659 et
479 2597 682 2677 patronymica
710 2594 768 2654 hoc
795 2595 933 2655 interest:
962 2593 1082 2673 gentilia
1106 2596 1223 2656 nomina
1243 2594 1248 2670 Ι
1268 2615 1283 2656 a
1305 2597 1466 2675 provinciis
1489 2598 1621 2667 veniunt,

324 2700 527 2780 patronymica
556 2705 586 2757 et
613 2716 628 2758 a
657 2695 833 2764 civitatibus.
865 2729 909 2740 —-
941 2695 1118 2767 Quantitatis
1146 2696 1181 2757 ad
1211 2715 1382 2758 mensuram
1410 2699 1555 2770 retertur,
1589 2708 1624 2760 ut

297 2803 462 2866 oostendat
483 2807 612 2883 quantus
634 2801 682 2860 sit.
704 2834 747 2845 -
770 2800 812 2859 Vt
832 2818 940 2860 unus:
964 2801 1083 2861 numeri
1106 2801 1225 2861 nomina
1249 2800 1284 2861 ab
1307 2820 1367 2863 uno
1390 2820 1485 2882 usque
1500 2802 1536 2863 ad
1558 2810 1622 2863 tres

325 2906 524 2972 declinamus;
562 2922 578 2963 a
600 2901 696 2962 tribus
717 2918 811 2979 usque
833 2900 868 2963 atl
893 2908 1011 2962 centum
1034 2918 1093 2963 nort
1116 2904 1316 2975 declinamus:
1347 2924 1364 2964 a
1387 2912 1505 2966 centum
1523 2922 1623 2983 usque

297 3008 360 3073 tad
383 3005 464 3067 mille
486 3006 679 3065 declinamus.
706 3038 759 3049 v—
797 3003 877 3063 lnter
905 3005 1033 3083 primum
1064 3012 1093 3065 et
1121 3008 1253 3083 priorem
1281 3005 1338 3066 hoc
1360 3008 1498 3069 interest:
1536 3009 1659 3088 priores

325 3108 434 3169 dicitnr
468 3106 505 3166 de
540 3105 670 3175 duobus,
704 3107 819 3184 primus
852 3106 889 3167 de
922 3106 1036 3177 multis,
1072 3109 1148 3169 sieut
1181 3106 1256 3169 alter
1289 3118 1318 3169 et
1349 3106 1437 3178 alius:
1476 3109 1551 3171 alter
1584 3109 1621 3169 de

295 3210 455 3280 aduohus,
485 3207 558 3269 alius
581 3208 618 3267 de
640 3205 740 3267 multis
763 3208 878 3268 dieitur.
904 3242 944 3251 -
968 3208 1009 3268 Vt
1037 3209 1079 3269 de
1102 3208 1243 3271 duohus
1273 3208 1360 3290 [haec
1389 3210 1426 3271 ab
1448 3210 1622 3273 auctoribus

325 3320 463 3391 corrupta
497 3308 580 3389 sunt]
615 3312 778 3371 alterum
811 3309 987 3371 dicimus:
1023 3318 1056 3371 ut
1089 3312 1214 3392 spondei
1248 3311 1369 3373 alteram
1403 3312 1521 3392 longam
1549 3312 1620 3374 dici-

324 3432 406 3483 mus,
436 3412 472 3472 de
501 3410 602 3473 multis
629 3413 772 3491 primam,
801 3412 962 3491 utdactyli
985 3412 1156 3493 etreliqua.
1185 3450 1226 3458 —
1254 3416 1302 3475 Ad
1330 3414 1473 3493 aliquid
1502 3416 1621 3478 dicta:

327 3515 378 3597 [ad
401 3532 560 3594 personam
582 3512 717 3594 respicit]
740 3516 819 3575 inter
833 3516 877 3574 att
897 3513 1006 3594 aliquid
1031 3524 1060 3575 et
1082 3518 1126 3576 acl
1145 3515 1255 3598 aliquid
1278 3518 1404 3595 qualiter
1427 3536 1459 3579 se
1481 3518 1621 3581 habentia
1635 3534 1659 3575 ao

323 3618 381 3679 hoc
403 3618 543 3686 interest,
570 3615 649 3695 quod
676 3618 719 3676 od
745 3615 856 3695 aliquid
882 3618 926 3676 od
951 3634 1109 3695 personam
1139 3620 1275 3697 respicit:
1299 3618 1334 3679 ad
1358 3619 1469 3699 aliquid
1492 3622 1620 3699 qualiter

323 3739 356 3781 se
379 3718 519 3780 habentia
547 3716 582 3778 ad
611 3716 707 3778 locum
736 3718 873 3797 respicit,
898 3736 957 3779 non
987 3718 1022 3778 ad
1050 3738 1210 3798 personam
1235 3718 1353 3800 [dexter
1375 3720 1526 3783 dexterior
1548 3720 1638 3785 sini-⁵

394 3925 455 3976 God.
478 3924 558 3973 Bere.
580 3924 614 3974 Vl
638 3922 726 3973 2-3.
822 3923 929 3975 iacies
1030 3926 1188 3988 'tetrisque
1217 3924 1394 3975 declinationis
1483 3935 1542 3976 sunt
1569 3928 1621 3977 alita

324 4009 466 4063 synonyma
485 4009 529 4045 om.
614 3992 792 4058 3omonymia
879 3990 993 4058 nentina]
1020 4008 1154 4059 omonyma
1240 3994 1350 4046 thabet
1369 3996 1418 4045 ista
1435 4010 1484 4045 non
1504 3996 1620 4047 solome

322 4066 439 4133 patribus
455 4062 630 4129 patronymica
641 4062 803 4129 appellantur
816 4064 890 4114 seda
945 4064 1085 4115 baccadas
1137 4066 1281 4131 periheatur
1335 4067 1411 4116 taut
1429 4066 1525 4131 peleiae
1541 4068 1620 4117 atrias

393 4134 432 4185 sic
454 4137 515 4183 item
538 4133 600 4183 atris
618 4131 684 4198 pella
701 4134 770 4182 neris
794 4134 831 4183 sic
854 4133 952 4183 atridae
968 4133 1070 4200 pelidae
1088 4136 1190 4184 neridae
1259 4136 1403 4185 8nerinae
1430 4136 1532 4201 galatea
1602 4136 1620 4187 9

326 4206 428 4257 Atreius
442 4199 558 4268 Atreion]
578 4205 657 4253 atrius
671 4210 758 4253 atreon
812 4203 843 4254 ll
858 4204 942 4253 eliiia
996 4204 1028 4255 13
1042 4203 1118 4255 habet
1132 4204 1236 4269 quiaad
1254 4206 1392 4256 exercitum
1446 4206 1479 4257 15
1494 4207 1620 4257 euandios

394 4275 428 4326 16
445 4271 621 4339 posaeaaiuatn
692 4273 725 4324 17
742 4283 767 4323 et
781 4274 823 4323 ino
842 4274 972 4323 melicerta
1042 4274 1167 4338 inouaque
1191 4274 1319 4326 melicerta
1387 4276 1421 4325 22
1436 4286 1463 4325 ut
1482 4275 1620 4329 hostendat

393 4346 428 4397 23
446 4354 474 4393 ut
487 4342 572 4395 hunos
642 4344 677 4394 24
695 4358 745 4394 non
763 4344 921 4394 declinamus
938 4352 996 4409 poet
1013 4353 1112 4395 centum
1129 4356 1153 4395 et
1168 4344 1326 4395 declinamus
1342 4354 1402 4409 post
1419 4346 1487 4397 mille
1500 4362 1547 4400 ont.

323 4416 358 4465 27
376 4412 450 4481 haec]
471 4412 520 4462 hae
590 4412 624 4462 28
639 4414 746 4463 alterum
763 4430 809 4465 om.
880 4414 915 4465 29
935 4414 987 4464 mul
1004 4430 1072 4466 corr.
1089 4416 1125 4468 ol.
1144 4432 1211 4468 mua.
1233 4417 1317 4467 multis
1387 4414 1422 4467 30
1442 4417 1508 4467 inter
1521 4416 1619 4483 aliquid

325 4494 350 4535 et
368 4485 465 4549 aliquid
535 4483 637 4533 abentitt
706 4482 827 4547 atquae
852 4484 948 4547 aliquid
968 4499 1101 4549 personam
1124 4486 1213 4552 recipit

323 4606 506 4614 ..α’-ω...
548 4606 627 4614 ᾶ-ι

396 4655 429 4706 10
446 4653 549 4722 Nerine]
574 4658 652 4723 Verg.
666 4656 746 4707 bucol.
767 4656 792 4718 7,
812 4657 843 4707 at
889 4628 890 4631 Ἴ
916 4656 947 4707 11
968 4672 1032 4720 quae
1052 4656 1271 4709 coniunctionibus
1286 4686 1319 4695 —
1335 4659 1425 4710 docent
1444 4660 1481 4709 od
1493 4660 1619 4724 definitio-

324 4741 379 4777 nem
397 4725 558 4787 epithetorum
577 4730 706 4789 pertinere
725 4729 840 4778 videntur
911 4726 943 4777 17
962 4737 986 4775 et
1005 4725 1075 4795 lnoo]
1102 4728 1387 4795 Ver9.9eor9.1457
1438 4731 1554 4793 sortasse
1572 4744 1620 4779 nec

324 4796 595 4930 ddtdemdddlelloeitss
615 4799 789 4863 patronymica
811 4800 987 4862 promaterterae
1003 4798 1102 4848 dictare
1125 4800 1224 4849 uidetur
1247 4816 1311 4865 patae
1328 4800 1426 4867 patriae
1445 4802 1548 4851 nomlua
1567 4802 1619 4904 Do-
