3525 5600
745 296 921 360 nucvttu
1415 294 1476 361 511

1275 417 1298 458 p.
1313 407 1414 448 tout—ae
1426 406 1452 449 P.

191 492 262 546 sunt
283 485 378 554 modi,
407 503 462 565 per
484 503 557 565 quos
579 487 678 546 omnia
700 484 790 547 verba
812 494 942 547 cursant.
987 488 1046 548 iam
1068 486 1105 547 ad
1126 487 1251 547 iormam
1274 489 1362 548 unius
1385 487 1477 558 verbi,

190 569 270 650 qued
292 572 511 650 percurrimus,
539 589 750 651 percurramus
777 570 868 632 verba
898 579 998 633 cetera
1020 572 1174 640 similiter,
1198 591 1264 634 amo
1287 591 1367 635 arnas
1390 580 1476 644 amat,

191 663 279 716 canto
300 663 400 717 cantas
423 663 534 726 cantat,
557 656 643 736 pulso
665 657 765 736 pulsas
787 656 898 737 pulsat,
922 658 1007 717 lreno
1028 657 1128 718 irenas
1141 658 1252 727 frenat,
1277 677 1359 720 armo
1381 677 1479 721 armas

191 747 304 810 armat,
327 742 459 821 inpugna
481 744 628 820 inpugnas
651 744 808 822 inpugnat,
832 749 918 821 capto
933 749 1034 822 captas
1048 749 1161 823 captat,
1184 761 1258 822 paro
1272 761 1361 824 paras
1382 750 1476 823 parat,

162 843 298 905 sseparo
320 845 440 907 separas
462 835 596 907 separat,
620 845 727 888 accuso
749 845 870 888 accusas
890 832 1023 897 accusat,
1048 823 1053 908 Ι
1076 828 1327 902 mandomandas
1348 828 1476 899 mandat,

188 929 281 988 gravo
303 929 407 990 gravas
429 919 545 990 gravat,
569 913 633 974 lavo
656 911 735 972 lavas
756 911 847 982 lavat,
870 930 982 990 genero
997 929 1122 989 generas
1140 922 1277 990 generat,
1301 931 1371 974 creo
1392 933 1477 975 creas

188 1003 286 1081 creat,
310 996 370 1075 ligo
392 996 466 1074 ligas
488 997 574 1074 ligat,
604 996 691 1075 alligo
720 997 822 1074 alligas
849 997 964 1076 alligat,
993 998 1127 1059 sacrifico
1149 999 1299 1058 sacrificas
1321 1001 1476 1069 sacrificat,

187 1083 249 1143 cito
272 1084 347 1144 citas
369 1083 454 1152 citat,
478 1081 600 1142 vulnero
616 1081 752 1143 vulneras
767 1083 915 1153 vuluerat,
938 1101 1056 1143 macero
1070 1101 1202 1144 maceras
1217 1091 1355 1153 macerat,
1379 1083 1477 1145 lacero

187 1166 305 1226 laceras
327 1167 453 1238 lacerat,
477 1185 529 1228 aro
551 1186 617 1229 aras
640 1174 718 1238 arat,
742 1167 822 1228 calco
844 1166 940 1228 calcas
961 1168 1067 1238 calcat,
1093 1186 1224 1228 memoro
1245 1185 1392 1230 memoras
1414 1188 1475 1229 me·

148 1268 174 1306 10
187 1259 300 1322 morat,
330 1252 421 1313 caleio
449 1253 557 1313 calcias
585 1251 704 1324 calciat,
728 1252 806 1313 lanio
828 1253 922 1313 lanias
943 1253 1049 1323 laniat,
1080 1255 1227 1330 investigo
1248 1255 1408 1330 investigas
1431 1255 1476 1314 in-

186 1337 334 1414 vestigat,
357 1337 432 1398 vallo
455 1337 544 1399 vallas
566 1336 668 1408 vallat,
693 1337 779 1398 domo
801 1336 902 1399 domas
924 1338 1036 1408 domat,
1060 1337 1250 1399 circumvalla
1272 1338 1475 1400 circumvallas

186 1422 401 1491 circumvallat,
425 1441 514 1483 curvo
537 1441 642 1483 curvas
664 1430 774 1492 curvat,
797 1422 915 1482 medico
936 1423 1066 1484 medicas
1088 1421 1224 1492 medicat,
1248 1422 1381 1484 consulto
1405 1441 1474 1484 con·

186 1507 282 1568 sultas
305 1507 466 1578 consultat,
490 1509 594 1568 intimo
622 1509 742 1568 intimas
769 1509 901 1578 intimat,
930 1508 1050 1568 insinuo
1077 1509 1211 1568 insinuas
1238 1509 1385 1577 insinuat,
1413 1509 1473 1568 ire·

186 1600 301 1672 quento
323 1594 496 1674 frequentas
511 1594 695 1672 frequentat,
719 1592 837 1653 celebro
852 1592 988 1653 celebras
1003 1592 1147 1662 celebrat,
1171 1595 1308 1654 ministro
1323 1594 1475 1654 ministras

147 1696 171 1736 ιε,
185 1680 353 1748 ministrat,
384 1678 472 1758 palpo
499 1678 602 1757 palpas
629 1678 741 1757 palpat,
771 1680 852 1740 socio
880 1680 976 1739 socias
1004 1681 1109 1748 sociat,
1138 1686 1220 1739 muto
1247 1685 1344 1739 mutas
1370 1686 1473 1748 mutat,

184 1763 305 1843 postulo
333 1763 463 1843 postulas
491 1762 634 1842 postulat,
664 1781 772 1842 quasso
799 1781 921 1842 quassas
949 1771 1083 1843 quassat,
1112 1763 1204 1824 denso
1231 1763 1338 1825 densas
1360 1763 1473 1833 densat,

184 1866 297 1909 enervo
326 1866 449 1910 enervas
475 1856 609 1918 enervat,
644 1850 777 1909 eviscero
811 1850 959 1909 evisceras
991 1850 1151 1918 eviscerat,
1179 1847 1306 1908 verbero
1333 1847 1475 1908 verberas

183 1932 341 2003 verberat,
364 1939 460 1994 macto
482 1939 594 1994 mactas
615 1940 737 2002 mactat,
761 1933 832 2011 iugo
853 1935 939 2010 sugas
959 1935 1050 2010 lugat,
1074 1933 1197 1994 elimino
1220 1933 1356 1994 eliminas
1378 1932 1473 1994 elimi-

184 2026 253 2089 nat,
278 2017 341 2078 celo
364 2019 443 2080 celas
465 2017 555 2088 celat,
579 2021 663 2096 signo
686 2019 786 2096 signas
808 2019 919 2094 signat,
943 2035 1015 2080 sono
1037 2035 1124 2079 sonas
1146 2025 1247 2088 sonat,
1269 2017 1381 2079 ventilo
1402 2037 1473 2079 ven·

144 2121 170 2160 so
183 2105 257 2165 tilas
284 2104 421 2173 ventilat,
451 2105 593 2164 contristo
615 2106 777 2165 contristas
805 2105 975 2172 contristat,
1004 2120 1110 2164 sereno
1141 2122 1263 2164 serenas
1296 2110 1415 2164 serenat
1444 2110 1474 2164 et

183 2189 254 2250 alia.
300 2189 365 2250 istis
392 2188 530 2250 omnibus
557 2188 684 2249 adicitur
711 2207 726 2249 r
753 2188 867 2258 littera,
897 2195 927 2249 et
952 2190 1028 2248 liunt
1054 2190 1183 2267 passiva,
1207 2198 1240 2248 ut
1262 2207 1344 2249 amor
1366 2190 1474 2249 amaris

182 2281 317 2343 amatur,
348 2272 450 2352 pulsor
477 2273 605 2352 pulsaris
632 2273 781 2353 pulsatur,
810 2291 895 2333 secor
928 2275 1040 2334 secaris
1073 2281 1205 2342 secatur,
1237 2291 1327 2333 curor
1359 2275 1473 2334 curaris

182 2367 320 2420 curatur.
364 2360 408 2419 sic
435 2361 533 2420 omnia
561 2360 712 2438 percurris
740 2377 794 2437 per
821 2357 889 2419 illos
916 2357 1034 2426 modos,
1067 2376 1141 2437 quos
1168 2359 1306 2437 superius
1334 2357 1471 2428 dimmus,

181 2444 383 2505 indicativum
405 2445 613 2524 imperativum
635 2445 797 2522 optativum
820 2444 1040 2503 coniunctivum
1061 2443 1220 2504 inlinitum.
1265 2460 1335 2503 sane
1357 2461 1395 2502 ex
1416 2443 1472 2503 boe

143 2545 168 2586 as
182 2549 279 2598 sono,
309 2547 367 2608 quo
395 2527 484 2590 verba
513 2529 607 2592 activa
635 2528 851 2597 ordinavimus,
880 2527 911 2587 id
939 2534 986 2588 est
1014 2526 1124 2607 quibus
1153 2546 1208 2588 nos
1239 2545 1327 2605 agere
1359 2526 1472 2607 aliquid

181 2614 403 2692 significamus,
427 2620 497 2676 suut
518 2613 632 2674 similes
654 2615 729 2698 spni,
753 2612 805 2674 sed
828 2612 863 2673 ad
886 2611 978 2672 verba
999 2612 1151 2692 pertinent
1173 2613 1329 2674 neutralia.
1359 2612 1410 2672 sed
1433 2631 1471 2672 ne
1528 2671 1532 2678 ,

180 2707 211 2760 te
237 2706 434 2769 commoveat,
458 2715 549 2778 quare
573 2698 712 2759 dicuntur
734 2698 896 2767 neutralia,
925 2697 998 2758 baec
1019 2700 1097 2758 ratio
1118 2706 1177 2768 est,
1207 2700 1277 2777 quia
1300 2715 1356 2759 nec
1381 2706 1472 2775 agunt

180 2783 299 2865 aliquid
322 2802 376 2845 nec
399 2786 561 2864 patiuntur,
584 2791 617 2845 ut
639 2791 683 2845 est
705 2791 750 2845 sto
773 2785 855 2844 iaceo
878 2781 956 2843 cubo
977 2782 1075 2844 sedeo.
1105 2782 1179 2843 haec
1201 2785 1232 2843 in
1253 2782 1471 2845 nullanctione

180 2881 269 2939 sunt,
299 2872 330 2930 in
357 2870 436 2931 nulla
464 2872 612 2949 passione.
662 2876 731 2929 sunt
752 2869 811 2930 alia
838 2867 985 2929 neutralia
1013 2867 1107 2928 abusu
1134 2868 1227 2938 dicta,
1258 2887 1332 2947 quae
1360 2867 1471 2930 habent

142 2977 167 3016 ao
180 2957 349 3025 actionem,
373 2954 426 3015 sed
448 2956 618 3034 passionem
640 2954 750 3035 nullam
776 2952 822 3033 [ut
844 2961 927 3013 certo
948 2950 1039 3013 habet
1059 2954 1216 3024 actionem,
1239 2954 1291 3014 sed
1313 2972 1373 3014 non
1395 2954 1469 3015 dici·

179 3060 251 3102 mus
273 3038 403 3119 certor],
426 3048 459 3100 ut
481 3058 580 3112 curro.
610 3057 646 3099 ex
668 3058 726 3119 quo
748 3057 819 3099 sono
842 3038 934 3099 rnulta
956 3044 1034 3107 sunt,
1056 3056 1132 3117 quae
1155 3057 1221 3099 curn
1237 3034 1242 3120 Ι
1258 3040 1289 3099 in
1311 3057 1328 3098 o
1351 3046 1469 3108 exeunt,

178 3145 215 3187 or
239 3144 300 3185 non
322 3126 494 3194 admittunt,
519 3133 552 3185 ut
572 3124 646 3185 haee
660 3123 764 3194 verba,
787 3142 887 3204 pugno
908 3139 1023 3203 pugnas
1044 3131 1168 3202 pugnat,
1193 3122 1269 3184 bello
1291 3122 1384 3185 bellas
1406 3122 1469 3184 bel·

178 3212 239 3281 lat,
264 3228 339 3271 ceno
361 3228 451 3271 cenas
472 3217 573 3279 cenat,
597 3217 665 3270 nato
687 3217 771 3269 natas
793 3215 882 3278 natat,
906 3206 1025 3269 ambulo
1046 3206 1179 3269 ambulas
1201 3207 1341 3278 ambulat,
1364 3210 1470 3286 navigo

139 3293 144 3303 '
179 3296 307 3373 navigas
329 3296 461 3372 navigat,
484 3312 618 3355 commeo
634 3312 781 3355 comrneas
796 3301 956 3361 commeat,
980 3299 1081 3352 aestuo
1096 3301 1213 3353 aestuas
1234 3299 1361 3363 aestuat,
1377 3312 1470 3370 regno

140 3400 165 3441 ss
179 3398 293 3457 regnas
320 3386 440 3457 regnat,
469 3379 535 3458 gelo
563 3380 644 3457 gelas
676 3378 770 3455 gelat,
799 3378 865 3439 dico
894 3377 975 3437 dicas
1002 3377 1095 3447 dicat,
1123 3376 1209 3437 exulo
1237 3378 1337 3439 exulas
1359 3378 1468 3448 exulat,

178 3466 320 3527 sacrifico
347 3465 495 3526 sacrillcas
522 3465 682 3534 sacrificat,
711 3464 856 3525 cachinno
884 3462 1044 3523 cacbinnas
1066 3461 1232 3523 cachinnat.
1275 3462 1469 3523 haecomnia

180 3552 301 3630 primae
324 3550 541 3627 coniugationis
563 3556 647 3619 sunt,
671 3552 741 3628 quia
763 3547 923 3609 secundam
944 3565 1101 3627 personam
1117 3547 1304 3609 haecomnia
1327 3546 1416 3608 verba
1438 3551 1469 3608 in

179 3656 212 3697 as
228 3633 376 3715 syllabam
391 3636 529 3703 mittunt,
554 3643 586 3696 ut
600 3641 687 3695 canto
701 3640 818 3703 cantas,
841 3632 929 3713 pulso
950 3632 1066 3711 pulsas,
1090 3634 1176 3694 irene
1197 3634 1313 3702 irenas,
1336 3634 1468 3712 inpugno

178 3723 344 3800 inpugnas,
376 3737 457 3779 armo
486 3736 597 3788 armas,
626 3719 700 3780 salto
722 3719 824 3788 saltas,
849 3736 939 3779 curvo
961 3735 1080 3787 curvas,
1108 3735 1208 3797 pugno
1230 3734 1353 3797 pugnas.
1397 3736 1469 3796 ergo

139 3827 165 3865 an
179 3804 295 3867 audisti
318 3805 443 3883 primam
465 3806 712 3883 coniugationem,
736 3806 813 3865 scire
836 3802 928 3863 debes
949 3802 1109 3863 secundam
1130 3801 1214 3862 verbi
1237 3820 1393 3881 personam
1413 3821 1468 3882 per

178 3910 211 3953 as
235 3888 380 3970 syllabam
402 3892 495 3949 exire.
540 3908 609 3951 nam
631 3888 701 3951 inde
723 3889 834 3949 dicitur
856 3889 1038 3963 coniugatio,
1066 3886 1144 3967 quod
1166 3886 1225 3948 sibi
1247 3887 1283 3947 ad
1306 3906 1398 3948 unum
1419 3906 1466 3949 so·

177 3994 253 4036 num
282 3974 375 4035 multa
402 3976 562 4053 coniungat
593 3972 659 4053 [bas
688 3974 912 4053 coniugationes
940 3972 1042 4033 Graeci
1072 3970 1229 4051 συζυγίας
1250 3970 1379 4052 dicunt}
1422 3974 1466 4034 sie

176 4068 209 4121 et
232 4057 344 4121 similia
366 4061 464 4120 onvnia
487 4062 605 4121 inventa
628 4060 664 4121 ad
686 4060 762 4119 hanc
784 4059 947 4138 percurris.

265 4144 403 4205 Secunda
436 4152 534 4205 autem
565 4146 735 4222 coniugatio
765 4151 811 4204 est
844 4160 919 4222 qnae
954 4143 984 4201 in
1013 4141 1142 4201 secunda
1168 4141 1307 4203 similiter
1339 4160 1466 4222 persona

138 4230 338 4311 requaeritur
360 4237 391 4289 et
413 4231 474 4289 exit
495 4248 549 4311 per
572 4249 620 4301 es,
644 4236 676 4289 ut
691 4236 778 4289 teneo
793 4236 895 4296 tenes,
919 4225 1049 4306 praebeo
1063 4225 1204 4306 praebes,
1227 4246 1333 4288 moneo
1353 4246 1464 4299 mones,

203 4466 206 4472 ·
266 4432 280 4483 l
303 4441 435 4481 cursantur
451 4434 496 4491 Fe
579 4434 596 4483 2
613 4432 682 4496 quod
701 4430 825 4481 currimus
842 4443 1019 4495 percurremus
1033 4437 1117 4481 cetera
1132 4430 1211 4481 uerba
1227 4443 1244 4487 ς
1258 4430 1326 4494 qnod
1341 4433 1464 4481 currimus

175 4502 256 4553 uerba
275 4513 360 4553 cetera
378 4501 404 4550 F
453 4502 487 4555 10
505 4502 584 4553 calcio
603 4518 631 4553 ss
647 4512 672 4552 at
689 4502 713 4551 F
728 4501 811 4551 calceo
831 4499 929 4549 calceas
949 4500 1076 4558 calceate
1144 4498 1178 4551 23
1194 4500 1350 4567 percurreris
1365 4500 1412 4557 Fe

175 4572 211 4625 29
229 4568 362 4638 passione]
386 4574 549 4637 possessione
565 4572 590 4622 F
673 4570 706 4623 31
728 4568 819 4638 multa]
839 4578 923 4619 mutue
942 4571 967 4619 F
1038 4568 1074 4623 te
1090 4572 1196 4620 cecinna
1214 4586 1260 4619 nas
1278 4577 1321 4618 nat
1336 4570 1362 4619 F
1428 4569 1462 4621 37

174 4658 241 4706 quae
257 4640 395 4692 secundam
415 4657 548 4708 personam
566 4642 654 4693 borum
674 4642 786 4691 omnium
804 4640 939 4691 uerborum
958 4640 984 4687 in
1001 4654 1031 4689 ss
1046 4642 1093 4697 Fe
1161 4642 1195 4689 42
1212 4641 1367 4705 coniungant
1380 4640 1407 4689 F

175 4709 315 4777 cataplus
329 4710 461 4762 metae
478 4710 635 4778 συζυγίατα
649 4724 675 4773 ς,
688 4726 734 4763 oon
753 4712 779 4762 F
827 4710 860 4763 43
877 4709 970 4758 similia
988 4710 1021 4759 ad
1036 4709 1102 4760 hano
1117 4712 1202 4761 omnia
1219 4711 1323 4761 inuenta
1336 4710 1462 4775 percurris

172 4782 198 4836 F
214 4781 313 4832 similia
331 4781 415 4834 omnia
429 4782 477 4833 heo
492 4780 568 4847 (haec
582 4780 728 4847 Putscbius)
743 4783 845 4832 iuuenta
863 4780 991 4845 percurris
1009 4792 1026 4837 ς
1039 4780 1172 4833 Putscbiue
