3525 5600
207 423 211 428 ’
260 417 283 484 4
314 357 322 372 ’
818 411 995 478 cnsnonn
1035 365 1037 374 ’

260 627 359 670 manu
378 601 616 690 praescriptum
633 611 683 665 est
695 603 864 680 INCIPIT,
877 599 955 663 item
975 603 1135 664 benur]
1151 610 1226 664 ante
1238 598 1378 684 collecto)
1394 602 1557 665 PROBUS

261 711 319 772 ET
334 709 459 772 UASSO
474 727 544 790 sqq.
561 703 706 768 codicem
722 700 798 767 olim
813 700 905 765 Petri
920 700 1048 766 Pitheci
1071 701 1173 792 ¹fuisse
1195 701 1320 767 indicat
1341 724 1458 768 nomen
1482 703 1552 766 eius

259 810 295 874 in
316 810 382 873 ima
403 806 549 892 margine
575 806 701 892 primae
722 803 865 890 paginae
888 803 1063 889 scriptum,
1093 807 1144 866 εΡ.
1169 807 1275 868 Pithon
1297 807 1366 866 Emi
1385 807 1503 868 Basilio
1519 851 1553 867 ..

263 911 374 976 1568’.
418 909 662 994 inscriptionem
690 905 817 970 Pithoel
846 925 919 969 cum
952 907 1128 992 specimine
1163 907 1342 991 scripturae
1369 907 1472 992 ipsius
1500 928 1553 971 eo·

261 1014 343 1079 dicis
366 1010 527 1097 expressit
549 1007 585 1073 C:
602 1011 643 1073 G.
666 1005 843 1072 Muellerus
867 1004 1003 1070 analect.
1027 1007 1183 1071 Bernens.
1207 1017 1289 1093 part.
1311 1005 1364 1072 ΙΙΙ
1389 1007 1432 1091 (a.
1457 1006 1552 1092 1841)

260 1117 327 1180 tab.
352 1115 396 1178 ΙΙ.

345 1216 418 1280 Hoc
447 1213 548 1299 igitur
575 1211 705 1291 codice,
733 1233 806 1274 cum
834 1221 911 1296 post
932 1211 1022 1275 Petri
1043 1211 1171 1276 Pithoei
1193 1221 1331 1276 mortem
1352 1212 1396 1276 ad
1418 1211 1553 1275 fratrem

259 1318 489 1398 Franciscum,
518 1325 555 1379 ut
577 1313 724 1392 videtur,
755 1311 896 1416 delatus·
912 1323 1015 1393 esset,
1043 1335 1122 1377 usus
1146 1323 1195 1378 est
1216 1313 1407 1396 Putschius,
1437 1312 1555 1400 quide

261 1420 401 1486 editione
434 1439 494 1482 sua
526 1417 559 1480 in
592 1413 735 1500 epistula
766 1413 809 1477 ad
836 1413 1016 1479 Gruterum
1051 1415 1145 1496 data,
1179 1437 1262 1502 quae
1290 1414 1440 1481 Cledonii
1468 1413 1553 1479 libro

260 1522 441 1610 praemissa
469 1529 534 1596 est,
563 1517 677 1582 scribit
690 1503 777 1580 ¹haee
785 1564 794 1596 ,
823 1522 902 1601 ‘ego
926 1539 1004 1581 sane
1027 1517 1060 1582 in
1083 1519 1144 1583 hac
1167 1519 1320 1604 temporis
1344 1516 1512 1602 angustia,
1536 1539 1554 1580 e

259 1633 413 1709 corrupto
441 1619 591 1686 Cledonii
624 1616 736 1682 codice
769 1616 864 1704 plura
897 1641 1010 1694 eruere
1044 1643 1110 1686 non
1143 1622 1251 1706 potui,
1284 1641 1344 1684 nec
1372 1616 1555 1684 consultum

263 1725 439 1790 videbatur
453 1721 584 1806 ingenio
598 1719 695 1783 nimis
711 1719 899 1804 indulgere,
923 1719 1010 1806 quod
1033 1720 1135 1786 sciam
1156 1721 1240 1786 hanc
1254 1743 1323 1785 rem
1338 1719 1448 1784 multis
1470 1717 1555 1784 male

261 1827 469 1892 successisse.
514 1822 572 1887 sed
593 1831 631 1886 ut
652 1844 767 1887 verum
788 1820 891 1887 libere
914 1823 1083 1908 profitear,
1106 1825 1190 1888 tanti
1212 1845 1277 1888 non
1299 1833 1349 1888 est
1371 1823 1427 1909 qui
1448 1821 1552 1887 bonas

260 1929 356 1993 horas
379 1925 463 1992 male
486 1923 632 2005 auferat,
654 1923 703 1988 ita
724 1945 822 2008 saepe
843 1923 992 1988 suaviter
1013 1923 1167 2010 nugatur.
1201 1928 1279 2012 quia
1299 1935 1409 1990 tamen
1432 1921 1555 2009 aliquot

259 2041 408 2097 veterum
432 2036 602 2092 auctorum
623 2025 810 2110 fragmenta
830 2024 958 2090 inedita
972 2027 1132 2108 continet,
1157 2026 1256 2091 malui
1271 2037 1377 2092 totum
1391 2034 1554 2110 corrupte,

260 2154 358 2219 quam
378 2128 453 2194 illas
476 2129 565 2214 ipsas
589 2128 662 2192 aevi
683 2127 804 2213 prioris
826 2149 972 2212 gemmas
995 2129 1173 2215 separatim
1194 2127 1378 2216 publicare,
1394 2129 1486 2216 cuius
1507 2125 1556 2189 rei

251 2229 394 2299 'causam
421 2229 519 2295 facile
548 2229 710 2314 suspicari
736 2237 860 2314 potes’.
908 2240 940 2294 et
966 2231 1137 2296 verissime
1165 2230 1297 2318 quidem
1319 2229 1494 2295 Putschius
1523 2237 1555 2291 et

262 2336 303 2402 de
330 2341 483 2419 corrupto
513 2329 625 2397 codice
648 2339 681 2394 et
702 2331 744 2395 de
766 2327 879 2396 labore
902 2331 1098 2396 emendandi
1119 2332 1196 2398 libri
1218 2343 1352 2419 questus
1375 2340 1436 2396 cst.
1479 2351 1555 2394 nam

260 2448 298 2502 ut
318 2435 425 2501 codex
441 2431 590 2498 Cledonii
612 2431 807 2524 antiquitate
829 2431 973 2519 reliquos
995 2456 1106 2499 omnes
1129 2433 1304 2500 latinorum
1325 2433 1555 2520 grammatico·

261 2561 335 2604 rum
361 2537 464 2602 libros
492 2543 641 2620 superat,
669 2535 717 2598 ita
743 2535 802 2600 vix
828 2533 916 2599 ullus
943 2535 978 2599 in
1006 2535 1068 2602 hoc
1095 2535 1280 2602 litterarum
1307 2557 1427 2622 genere
1454 2543 1554 2614 extat,

261 2643 318 2730 qui
339 2638 392 2705 vel
415 2638 545 2720 gravius
568 2646 740 2723 corruptus
764 2637 808 2702 sit
827 2635 882 2702 vel
904 2637 1061 2703 maiorem
1082 2637 1117 2701 in
1140 2638 1343 2704 emendando
1371 2635 1556 2701 molestiam

261 2753 365 2833 paret.
408 2739 498 2806 cuius
526 2737 574 2804 rei
607 2760 707 2804 causa
733 2760 799 2803 non
826 2737 933 2805 solum
961 2763 1003 2805 ex
1031 2739 1239 2827 neglegentia
1265 2739 1387 2807 veteris
1417 2737 1554 2819 librarii,

263 2845 412 2935 quamvis
436 2844 463 2906 is
487 2862 614 2927 quoque
636 2838 741 2904 multa
763 2844 966 2927 peccaverit,
990 2842 1049 2907 sed
1066 2846 1164 2907 etiarn
1181 2866 1223 2909 ex
1244 2845 1370 2909 ratione
1393 2852 1425 2906 et
1447 2837 1556 2905 indole

264 2950 369 3036 ipsius
392 2944 467 3010 libri
490 2940 668 3029 repetenda
689 2952 750 3006 est.
793 2966 897 3030 neque
920 2944 1006 3008 enim
1030 2945 1183 3010 continuo
1206 2968 1373 3027 sermone,
1402 2944 1486 3009 sicut
1508 2964 1574 3021 re·-

261 3048 343 3135 llqui
371 3042 595 3131 grammatici,
625 3042 680 3130 qui
711 3046 958 3109 commentarios
987 3046 1021 3109 in
1050 3046 1217 3112 Donatum
1245 3047 1459 3133 scripserunt,
1483 3042 1554 3109 Cle-

263 3150 380 3217 donius
409 3155 585 3234 praecepta
611 3144 691 3210 artis
721 3155 934 3233 exposuerat,
964 3148 1024 3211 sed
1051 3148 1239 3235 interpretis
1269 3170 1402 3213 munere
1423 3145 1555 3211 functus

263 3254 309 3317 ita
331 3273 390 3337 per
412 3248 602 3314 universum
623 3245 742 3311 librum
763 3248 865 3313 verba
886 3250 1090 3331 grammatici
1112 3263 1243 3315 secutus
1266 3260 1331 3331 est,
1353 3261 1391 3316 ut
1413 3270 1556 3335 eaquae

263 3353 317 3417 vel
345 3352 529 3417 accuratius
564 3346 761 3434 explicanda
788 3347 839 3413 vel
872 3350 1007 3416 uberius
1041 3352 1236 3438 exponenda
1268 3375 1340 3417 esse
1366 3351 1557 3416 viderentur

264 3454 431 3539 adscripta
458 3451 668 3517 adnotatione
695 3449 888 3515 illustraret.
932 3454 986 3539 qui
1015 3456 1269 3520 commentarius
1292 3454 1385 3535 olim,
1408 3464 1445 3517 ut
1466 3451 1555 3517 vido·

264 3567 334 3637 tur,
356 3575 519 3619 unacum
541 3554 668 3637 integro
689 3551 814 3617 Donati
836 3551 919 3617 libro
942 3555 1083 3641 scriptus
1108 3566 1193 3639 erat3
1224 3579 1317 3633 mox,
1341 3557 1414 3621 cum
1436 3554 1478 3620 ab
1501 3552 1556 3618 illo

265 3666 487 3743 separaretur,
516 3653 612 3718 modo
640 3674 746 3739 pauca
767 3654 892 3717 Donati
921 3657 1023 3721 verba
1049 3657 1212 3723 lemmatis
1240 3657 1310 3723 loco
1339 3655 1477 3742 singulis
1500 3656 1556 3720 ad-

266 3758 493 3824 notationibus
522 3754 742 3842 praescripta,
776 3756 874 3820 modo
909 3779 947 3820 ca
979 3759 1022 3821 ad
1055 3781 1138 3844 quae
1169 3760 1357 3845 interpretis
1389 3758 1556 3823 adnotatio

265 3859 451 3947 pertinebat
472 3858 610 3938 omissa,
633 3856 796 3922 interdum
818 3860 982 3924 continuis
1006 3861 1200 3947 antiquioris
1222 3860 1425 3945 grammatici
1447 3859 1556 3923 verbis

266 3960 488 4046 transscriptis
517 3982 557 4024 ea
584 3980 667 4045 quae
689 3960 731 4023 ab
754 3960 930 4044 interprete
954 3960 1113 4027 adnotata
1134 3972 1229 4027 crant
1250 3963 1447 4049 interposita
1469 3972 1554 4027 sunt.

266 4063 371 4129 multa
391 4072 500 4126 autem
521 4062 586 4125 iam
608 4071 693 4141 tum,
717 4083 790 4124 curn
813 4063 952 4147 primunr
976 4062 1009 4125 in
1031 4062 1115 4128 hane
1138 4064 1276 4128 lorrnam
1299 4064 1382 4129 liber
1404 4062 1556 4128 redactus

266 4178 333 4248 est,
361 4164 554 4251 perturbata
582 4185 654 4226 esse
681 4162 780 4227 facile
802 4163 1017 4249 intellegitur3
1049 4166 1113 4229 alia
1135 4177 1251 4252 postea
1272 4166 1314 4231 ab
1338 4165 1378 4228 iis
1401 4164 1456 4251 qui
1477 4164 1557 4229 baec

266 4268 512 4354 descripserunt
544 4273 578 4328 et
611 4264 654 4327 ad
688 4287 782 4327 suurn
814 4287 909 4329 usum
943 4267 1277 4333 adcommodaverunt
1304 4278 1457 4353 corrupta
1484 4289 1558 4331 esse

266 4369 428 4435 videntur.
468 4365 598 4453 saepius
622 4366 708 4429 enim
731 4365 772 4430 de
795 4390 859 4432 uno
883 4366 956 4433 loco
980 4366 1088 4453 plures
1113 4370 1252 4456 scriptae
1276 4378 1352 4433 sunt
1374 4367 1557 4435 adnotatio-

267 4493 341 4551 nes,
371 4470 440 4533 sive
468 4471 539 4554 ipse
567 4466 745 4533 Cledonius
778 4467 874 4554 plura
908 4469 948 4533 de
975 4469 1089 4535 eodem
1122 4482 1311 4556 argumento
1345 4476 1386 4535 ‘a
1417 4470 1557 4535 diversis

267 4571 461 4651 veteribus',
489 4581 526 4634 ut
547 4570 610 4653 ait,
634 4567 771 4635 collecta
797 4580 968 4657 posuerat,
999 4572 1069 4637 sive
1097 4574 1258 4660 quaedam
1286 4574 1327 4638 ab
1351 4570 1421 4637 aliis
1445 4572 1559 4637 addita

267 4683 373 4745 erant,
398 4693 519 4757 eaeque
534 4696 598 4738 non
612 4694 788 4759 numquam
802 4672 874 4735 aliis
897 4674 1099 4759 interpositis
1124 4673 1315 4756 distractae,
1339 4685 1437 4761 atqua
1459 4676 1558 4739 etiam

268 4774 381 4839 eadem
409 4772 512 4837 verba
539 4772 677 4839 diversis
704 4773 786 4840 locis
815 4775 955 4860 repetita
988 4786 1073 4841 sunt.
1119 4787 1288 4863 praeterea
1314 4776 1387 4839 aliis
1415 4775 1557 4857 omissis,

266 4874 339 4943 aliis
361 4875 569 4962 transpositis
592 4878 764 4943 continuae
786 4876 1015 4943 adnotationes
1039 4876 1194 4944 disiectae
1218 4877 1270 4945 vel
1292 4890 1399 4967 partes
1423 4878 1558 4943 adnota-
