3525 5600
322 407 385 472 aaa
625 489 629 496 ι
736 417 743 436 ·
888 406 1041 470 rournn

349 517 470 572 otta-ta
484 515 506 557 L.
1701 548 1702 553 ,

322 599 441 659 interim
464 596 535 657 illud
558 597 720 676 quaeritur,
745 597 1009 674 quotienscumque
1031 614 1085 676 per
1106 595 1125 654 b
1152 595 1276 655 iacimus
1304 593 1533 665 barbarismum,
1558 598 1601 655 cui
1701 580 1702 611 ³

322 701 367 760 rei
389 698 507 760 dabitur
528 699 576 758 hio
598 696 814 768 barbarismus,
838 699 952 777 scriptu
974 706 1024 758 aut
1044 699 1251 777 pronuntiatu,
1276 698 1319 757 sic
1342 714 1402 774 quo
1431 695 1517 758 modo
1538 695 1601 757 illud
1701 698 1702 703 ’

322 800 456 879 legimus,
480 801 498 860 b
522 799 649 862 litteram
673 817 738 862 esse
762 811 811 860 aut
832 799 1062 881 aspirajtiouem.
1109 801 1134 861 si
1157 799 1253 860 littera
1274 806 1326 870 est,
1350 799 1464 880 scriptu
1479 797 1600 868 debitum

322 905 345 962 si
368 904 507 983 aspiratio
531 909 590 979 est,
613 903 815 982 pronuntiatu.
855 899 927 982 [qua
963 903 1078 963 ratione
1101 903 1240 981 quoniam
1263 901 1300 962 de
1322 900 1507 962 barbarismo
1528 899 1601 971 dixit,
1702 960 1703 965 ,

322 1005 428 1066 adiecit
448 989 603 1086 litteramJ.
1608 1019 1618 1057 a

221 1118 309 1180 trad
407 1108 482 1168 Sunt
504 1107 606 1186 aliqua·
623 1109 702 1178 vitia,
726 1125 801 1187 quae
825 1108 917 1169 vitare
939 1106 1092 1168 debemus.
1136 1109 1206 1168 istas
1233 1108 1364 1186 quinque
1387 1123 1436 1166 res
1457 1104 1547 1165 debes
1568 1106 1602 1163 ri·
1702 1094 1703 1149 ἶ

323 1217 400 1278 tare,
438 1211 610 1270 iotacismos
637 1209 834 1272 labdacismos
862 1209 1071 1290 myotacismos
1105 1199 1283 1270 conlisioues
1309 1208 1417 1268 hiatus.
1467 1207 1601 1267 iotacismi

321 1317 398 1380 sunt,
422 1312 473 1391 qui
496 1312 568 1372 irunt
589 1331 643 1391 per
665 1314 675 1372 i
697 1311 840 1382 litteram,
864 1313 943 1391 siqui
964 1312 1005 1372 ita
1028 1309 1119 1382 dieat,
1147 1311 1240 1372 Titius
1262 1329 1317 1390 pro
1339 1329 1374 1371 eo
1396 1308 1475 1390 quod
1498 1316 1541 1369 est
1560 1307 1602 1368 Ti·

320 1415 388 1483 tius,
412 1414 552 1475 Aventius
574 1433 628 1494 pro
652 1431 687 1474 eo
709 1414 788 1494 quod
812 1420 856 1474 est
870 1415 1016 1483 Aventius,
1040 1415 1194 1475 Amantius
1214 1433 1269 1494 pro
1293 1433 1329 1474 eo
1351 1411 1430 1493 quod
1446 1419 1492 1472 est
1505 1412 1600 1471 Aman-
1703 1426 1704 1507 y

321 1517 389 1576 tius.
440 1532 498 1593 quo
529 1515 617 1576 modo
646 1534 717 1595 ergo
745 1515 802 1575 hoc
831 1515 863 1574 stt
896 1517 1019 1576 sitium?
1063 1516 1236 1576 ‹letiniamus
1268 1515 1358 1584 illud,
1392 1522 1422 1574 et
1449 1512 1631 1573 ridebimuso
1703 1516 1704 1561 t

321 1625 439 1697 postea,
463 1637 522 1698 quo
546 1617 633 1679 modo
656 1635 759 1678 cavere
782 1616 936 1679 debemus.
981 1619 1013 1678 ut
1041 1618 1099 1679 boc
1125 1619 1242 1686 citium,
1271 1617 1407 1696 quotiens
1434 1621 1504 1695 post
1523 1615 1543 1674 ti
1562 1613 1605 1673 rel

322 1719 350 1778 di
379 1719 520 1799 syllabam
549 1721 682 1800 sequitur
710 1717 831 1789 vocalis,
867 1721 892 1781 si
919 1736 979 1780 non
1006 1719 1110 1781 sibilus
1138 1722 1186 1781 sit.
1237 1719 1502 1799 quotienscumque
1531 1717 1603 1776 enim

320 1828 389 1901 post
412 1820 499 1882 tirel
522 1821 552 1882 di
574 1822 715 1901 syllabam
738 1823 872 1900 sequitur
895 1821 1016 1892 roralis,
1039 1821 1112 1883 illud
1134 1824 1157 1883 ti
1179 1819 1225 1882 rel
1247 1821 1277 1882 di
1300 1821 1330 1881 iu
1354 1818 1472 1881 sibilum
1496 1825 1601 1878 verten-

322 1923 391 1984 dum
415 1931 466 1984 est.
512 1942 571 1985 non
594 1923 737 1985 debemus
759 1922 858 1984 dicere
878 1925 927 1992 ita,
951 1942 1039 2004 quem
1062 1924 1098 1984 ad
1121 1923 1241 1995 modum
1263 1923 1405 1986 scribitur
1426 1922 1529 1992 Titius,
1555 1918 1601 1980 sed

321 2023 432 2096 Titius:
463 2023 560 2087 media
582 2024 630 2086 illa
654 2024 764 2106 syllaba
787 2033 916 2086 nrutatur
937 2027 969 2085 in
991 2025 1121 2088 sibilum.
1167 2045 1239 2105 ergo
1265 2027 1290 2086 si
1318 2024 1445 2087 uolueris
1466 2019 1564 2084 dicere
1583 2023 1632 2081 tiu
1704 2044 1705 2101 y

321 2127 366 2188 vel
389 2127 433 2198 di,
462 2129 537 2198 noli,
568 2127 714 2208 quemad
739 2127 858 2189 modurn
881 2127 1035 2198 scribitur,
1065 2129 1108 2188 sic
1133 2129 1284 2208 prolerre,
1313 2127 1366 2189 sed
1389 2126 1477 2188 sibilo
1499 2125 1602 2205 proier.

320 2227 387 2310 [sed
408 2233 447 2292 ita
471 2231 638 2310 exprimere
661 2227 761 2300 debes,
785 2230 934 2291 vitandum
957 2239 1002 2291 est
1024 2238 1055 2290 ut
1077 2229 1187 2310 syllaba
1209 2229 1261 2291 illa
1283 2238 1415 2290 vertatur
1430 2231 1461 2289 ln
1476 2221 1601 2304 sibilum]

320 2332 372 2392 sed
400 2331 470 2393 illud
499 2335 576 2394 scire
604 2330 708 2400 debes,
738 2333 805 2411 quia
833 2341 903 2393 tunc
931 2331 988 2392 boc
1015 2332 1114 2393 iacere
1142 2330 1247 2402 debes,
1275 2333 1301 2392 si
1329 2331 1427 2392 media
1455 2328 1460 2412 Ι
1489 2330 1534 2410 sit.
1580 2329 1603 2387 si
1705 2336 1706 2403 3

320 2442 419 2495 autom
441 2435 536 2514 prima
565 2435 654 2495 luerit
682 2433 725 2513 [in
753 2434 849 2512 prima
877 2442 961 2513 parte
983 2431 1155 2516 orationis],
1187 2435 1304 2495 etiamsi
1325 2439 1468 2514 sequatur
1488 2429 1602 2498 vocalis,
1705 2406 1706 2489 i

320 2553 379 2596 nou
401 2534 481 2596 illam
506 2538 592 2597 vertit
614 2539 644 2596 in
667 2533 795 2600 sibilum.
842 2554 912 2596 ecce
937 2535 1001 2598 dies
1023 2535 1114 2597 babet
1139 2543 1207 2616 post
1228 2553 1260 2596 se
1289 2533 1437 2605 vocalem;
1467 2532 1635 2595 debemus

320 2637 420 2699 dicore
443 2637 514 2708 dics,
538 2637 590 2698 sed
613 2656 672 2698 non
696 2637 831 2697 dicimus.
861 2635 936 2697 adde
958 2636 1001 2697 illi
1022 2646 1136 2718 partem
1159 2639 1299 2718 priorem,
1323 2646 1356 2698 ut
1377 2639 1463 2698 istam
1484 2634 1603 2696 mediam

319 2740 423 2807 iacias.
453 2747 482 2801 et
510 2738 584 2800 dicis
606 2729 758 2800 meridies:
789 2757 847 2800 non
876 2757 1036 2819 possumus
1064 2739 1164 2802 dicere
1192 2739 1345 2817 meridies,
1375 2749 1408 2801 ut
1436 2739 1509 2801 scias
1535 2757 1605 2818 quo·
1706 2794 1707 2834 i

321 2846 399 2903 niam
422 2852 493 2904 tuuc
516 2842 662 2919 contingit
684 2841 739 2902 boc
761 2836 830 2901 huic
851 2840 995 2921 syllabae,
1025 2844 1159 2918 quotiens
1173 2840 1278 2904 'media
1305 2852 1364 2913 est,
1393 2860 1453 2903 nou
1475 2842 1606 2922 quotiens
1706 2855 1707 2916 y

320 2946 403 3024 prior
426 2954 479 3005 est.
516 2942 568 3005 sed
591 2942 649 3003 hoc
671 2961 790 3003 servare
813 2941 963 3013 debemus,
988 2946 1076 3004 etiam
1098 2946 1216 3024 quando
1237 2944 1422 3027 praecedunt
1444 2943 1517 3004 duae
1538 2960 1605 3002 con·
1706 2929 1707 2984 ἶ

320 3054 469 3118 sonantes,
493 3047 610 3106 castius.
656 3042 728 3105 nihil
759 3046 867 3107 castius
891 3046 916 3107 si
944 3046 1091 3117 dicamus,
1121 3049 1286 3128 quaesitum
1313 3055 1365 3108 est.
1411 3053 1441 3107 et
1462 3044 1518 3106 ltoc
1538 3059 1637 3103 eccos

321 3146 418 3208 media
440 3146 549 3229 syllaba
574 3154 625 3217 est,
651 3153 681 3207 et
703 3145 795 3207 nihilo
818 3148 918 3209 minus
939 3150 971 3210 in
993 3146 1111 3209 sibilum
1134 3166 1194 3209 non
1216 3150 1312 3218 vertit,
1336 3166 1513 3229 quamquam
1534 3145 1603 3206 disi·

322 3268 387 3311 mus
410 3250 521 3311 medias
544 3246 654 3309 debere
677 3266 731 3310 nos
752 3250 781 3309 in
806 3247 925 3310 sibilum
947 3257 1073 3312 vertere.
1117 3250 1170 3312 sed
1198 3254 1305 3313 castius
1327 3268 1417 3313 nemo
1441 3249 1525 3318 dicit,
1553 3266 1606 3307 nec

320 3360 427 3433 potest.
470 3353 528 3412 ianr
553 3358 582 3411 et
603 3350 718 3412 reddita
747 3358 792 3413 est
818 3355 909 3424 ratio,
938 3370 1032 3431 quaro
1059 3371 1120 3413 uon
1146 3354 1240 3433 possit
1261 3352 1332 3414 illud
1355 3352 1422 3413 dici.
1469 3356 1607 3431 quaeest

319 3454 414 3514 ratiol
444 3452 496 3514 ubl
517 3472 532 3513 s
554 3451 651 3514 littera
673 3460 726 3524 est,
749 3452 791 3514 ibi
814 3472 873 3515 nou
896 3473 1053 3535 possumus
1076 3453 1194 3515 sibilum
1216 3455 1247 3516 in
1270 3457 1333 3535 ipsa
1355 3457 1365 3515 i
1387 3454 1486 3515 littera
1503 3452 1605 3520 iacere,

296 3557 461 3635 ¹quoniam
489 3557 551 3635 ipsa
580 3554 691 3634 syllaba
720 3574 736 3616 a
763 3555 870 3618 litteris
897 3558 1012 3636 accepit
1033 3554 1161 3617 sibilum.
1195 3574 1280 3634 ergo
1302 3556 1442 3637 quoniam
1465 3556 1524 3615 iam
1544 3554 1639 3633 ipsas

320 3655 431 3737 syllaba
454 3676 469 3718 a
492 3656 598 3719 litteris
621 3658 734 3738 accepit
756 3656 890 3728 sibilum,
920 3676 979 3719 non
1001 3656 1092 3719 debet
1113 3670 1143 3719 et
1164 3675 1180 3718 a
1203 3659 1443 3737 pronuntiatione
1465 3657 1606 3735 accipere,

319 3759 349 3820 id
379 3766 423 3821 est
452 3758 562 3841 syllaba
590 3776 650 3819 uon
667 3760 671 3769 “
678 3764 773 3839 potest
801 3762 970 3821 consentire
997 3759 1033 3820 ad
1062 3758 1197 3830 sibilum,
1226 3760 1252 3820 si
1281 3760 1440 3840 praecedat
1468 3758 1608 3825 slittera,

321 3864 460 3941 quoniam
483 3862 541 3923 iam
563 3880 577 3921 s
599 3862 662 3941 ipsa
684 3860 801 3922 sibilum
824 3860 923 3923 habet.
950 3862 953 3944 l

200 3975 307 4047 aram
404 3960 615 4024 Labdacismus
638 3970 681 4023 est
702 3960 767 4033 ille,
795 3964 846 4044 qui
868 3972 919 4025 aut
940 3983 995 4043 per
1016 3982 1109 4026 unum
1137 3964 1146 4025 l
1175 3964 1208 4029 iit
1235 3975 1287 4027 aut
1307 3984 1363 4045 per
1384 3964 1456 4035 duo;
1484 3962 1535 4025 sed
1557 3978 1609 4043 per

389 4200 465 4269 talc]
483 4202 505 4252 si
521 4200 598 4253 BOS
603 4201 636 4253 P.
651 4200 766 4264 sortasse
781 4201 877 4252 scilicet
892 4204 1011 4266 quoniam
1027 4201 1088 4253 illud
1159 4205 1175 4253 7
1191 4203 1368 4255 meotacismos
1384 4204 1439 4255 BG
1506 4202 1523 4255 8
1542 4200 1609 4265 quod

321 4282 359 4323 est
377 4274 446 4321 titius
463 4270 485 4322 S
501 4272 569 4335 quod
584 4280 622 4321 est
640 4272 713 4321 citius
732 4272 753 4321 G
771 4273 838 4335 quod
857 4275 935 4336 tytius
952 4274 995 4325 B:
1012 4272 1094 4322 Titius
1112 4288 1158 4338 pro
1174 4290 1203 4323 eo
1225 4272 1293 4336 quod
1312 4283 1350 4323 est
1367 4274 1464 4325 'litoius
1479 4278 1515 4324 ‘et
1531 4277 1568 4323 sic
1585 4277 1611 4323 ia

321 4344 436 4408 reliquie'
454 4344 559 4393 ront'ect‘t
572 4342 766 4395 Lindemaaaus.
786 4344 835 4393 sed
848 4346 1024 4407 qrnrnmutr'cus
1038 4344 1142 4406 attatum,
1156 4345 1200 4409 qui
1211 4344 1243 4405 fit
1257 4348 1466 4405 pronuntiatione,
1480 4344 1611 4394 sesamo

320 4428 368 4463 non
387 4413 487 4463 videtur
504 4414 674 4477 expressisse.
695 4428 754 4468 rem,
773 4413 805 4461 de
822 4428 871 4481 qua
888 4416 981 4477 equor,
1000 4416 1117 4464 tractauit
1135 4414 1169 4464 E.
1182 4412 1333 4463 Huebuerur
1348 4414 1533 4478 annotantur.
1554 4429 1608 4464 noo.

321 4500 344 4535 u.
367 4480 821 4546 Lxxvttta.1858)p.3t1eqq.
874 4480 1053 4549 ilAmaotius]
1073 4484 1404 4546 amantusprr'oreloccss
1471 4484 1501 4536 ll
1521 4498 1611 4531 cauere

320 4549 512 4601 ScarereBb'
580 4552 697 4615 quotiens
714 4552 861 4613 -sibilus
877 4553 910 4601 sit
929 4568 975 4602 om.
993 4554 1025 4603 St
1051 4555 1276 4619 quotienscumque
1295 4554 1320 4602 B
1343 4552 1510 4615 quomodoG
1580 4552 1612 4603 15

320 4622 405 4672 media
420 4620 518 4686 syllaba
537 4622 649 4671 mittatur
666 4622 686 4672 0
771 4623 803 4672 ’23
824 4631 882 4669 tuuc
901 4623 1026 4687 contingit
1046 4623 1070 4670 Ρ
1088 4638 1154 4673 nunc
1173 4625 1298 4688 contingit
1314 4622 1366 4673 BS
1385 4638 1433 4672 nou
1453 4621 1614 4688 contingitG

390 4690 425 4742 26
443 4689 608 4757 quamquam]
626 4690 782 4753 quioBGS
832 4691 865 4740 27
885 4692 1073 4742 conuerteret)
1124 4692 1158 4743 28
1177 4688 1253 4758 quoe]
1273 4709 1351 4756 quare
1368 4692 1446 4744 BOS
1512 4694 1611 4745 ²9nou

321 4774 426 4827 possum
443 4761 468 4809 in
488 4762 572 4826 ipsoi
596 4760 703 4811 litteram
724 4760 825 4811 sibilum
848 4760 971 4812 iacereC
1039 4760 1073 4813 30
1093 4763 1211 4827 quoniam
1232 4764 1288 4828 ipsa
1306 4764 1346 4814 ct
1370 4764 1489 4826 quoniam
1511 4764 1613 4829 inipso

320 4829 391 4881 BSc
460 4830 492 4881 at
513 4840 538 4881 et
555 4830 831 4897 inpronuutiationeG
900 4830 934 4883 32
952 4830 979 4881 id
997 4842 1035 4882 est
1053 4834 1143 4884 sibilus
1164 4848 1213 4885 uon
1232 4831 1421 4898 potostSide
1439 4832 1544 4882 sibilum
1563 4846 1612 4882 nou

321 4910 405 4967 potest
420 4900 446 4951 B
464 4916 533 4957 corr,
553 4902 585 4952 ob
602 4900 667 4951 banc
684 4914 786 4968 eausam
804 4916 853 4952 non
873 4912 957 4968 potest
976 4902 998 4952 0
