3525 5600
1263 1301 1284 1341 p.
1298 1291 1342 1329 lat.
1355 1291 1381 1329 28
1395 1288 1420 1326 V'.

221 1383 517 1479 FRAGMENTVM
546 1385 752 1479 llVlllllVVll
778 1387 835 1479 llll
861 1385 1023 1481 nontin
1051 1387 1103 1479 llV
1130 1385 1379 1482 VllVVlllllVll

694 1760 743 1822 DE
765 1759 912 1822 NOMINE

240 1895 314 1956 Nam
342 1893 470 1973 legimus
500 1895 576 1976 apud
604 1895 776 1958 Lucretium
805 1904 835 1957 et
863 1895 1028 1974 Vergilium
1054 1897 1192 1957 ‘terrai
1225 1899 1446 1976 frugiferai’

154 2014 210 2075 pro
233 2005 331 2058 terrae
355 1998 517 2076 frugiferae
540 2006 570 2058 et
593 1996 708 2058 ‘aulai
732 1999 868 2058 medio'
891 1997 1059 2078 proauiae,
1084 1999 1210 2078 ‘atque
1233 2002 1337 2060 aurai
1360 2002 1446 2061 sim·

130 2095 271 2176 eplieis
300 2101 441 2177 ignem'
469 2119 524 2179 pro
552 2117 657 2169 aurae,
686 2102 758 2160 item
786 2101 908 2160 ‘dives
935 2103 1052 2180 pictai
1081 2102 1217 2161 vestis'
1251 2119 1306 2180 pro
1333 2103 1447 2180 pictae;

153 2198 235 2280 apud
257 2200 419 2262 Salustium
441 2184 745 2282 quoque‘duobus
768 2205 890 2263 senati
912 2202 1115 2265 consultis'
1138 2221 1193 2282 pro
1213 2211 1348 2273 senatus3
1371 2203 1448 2282 apud

154 2301 331 2364 Terentium
360 2306 449 2364 etiam
477 2302 593 2365 ‘nihil
623 2305 761 2374 ornati,
796 2304 893 2365 nihil
920 2304 1102 2375 tumulti',
1136 2307 1209 2366 item
1236 2306 1336 2364 ‘eius
1364 2306 1448 2366 anui

154 2406 283 2466 causa'
316 2423 370 2486 pro
402 2413 524 2466 ornatus
557 2405 700 2466 tumultus
729 2425 817 2473 anus:
852 2407 924 2466 item
951 2405 1028 2486 apud
1056 2405 1220 2484 Vergilium
1246 2404 1362 2467 ‘libra
1390 2405 1448 2465 die

154 2507 372 2585 somnique'
400 2527 455 2587 pro
484 2508 559 2578 diei,
590 2517 620 2569 et
647 2507 724 2588 apud
754 2505 915 2568 Salustium
938 2507 1145 2568 ‘dubitavit
1167 2510 1246 2568 acie
1268 2511 1371 2587 pars'
1393 2526 1448 2587 pro

119 2627 141 2664 ro
154 2609 243 2667 aciei.
288 2608 340 2668 sed
368 2609 441 2670 haec
469 2613 567 2670 omnia
597 2609 766 2689 usurpando
788 2609 949 2670 vindicavit
970 2608 1029 2670 sihi
1051 2617 1194 2678 vetustae,
1217 2612 1376 2689 posteritas
1398 2630 1447 2671 ex·

153 2708 257 2789 plosit.
303 2714 399 2772 omnis
421 2713 511 2772 etiam
535 2714 732 2774 nominativus
755 2712 902 2773 secundae
926 2711 1132 2772 declinationis
1154 2729 1188 2771 us
1211 2729 1285 2790 pura
1309 2715 1447 2773 termina·

154 2821 204 2873 tus
227 2815 425 2892 praecedente
454 2817 465 2874 i
496 2814 595 2875 littera
624 2817 787 2893 genitivum
816 2833 902 2875 suum
929 2833 984 2894 per
1006 2814 1078 2876 duas
1100 2817 1111 2874 i
1133 2814 1262 2893 proferri
1285 2815 1375 2875 iaciat
1397 2833 1448 2875 ne·

153 2932 241 2974 cesse
264 2922 324 2985 est,
349 2934 385 2976 ue
407 2918 554 2977 minorem
577 2936 645 2977 eum
667 2915 775 2977 habeat
797 2936 922 2977 numero
937 2915 1125 2994 syllabarum,
1149 2933 1216 2975 eum
1238 2914 1284 2975 vel
1306 2934 1448 2996 superare

152 3017 308 3093 genitivus
330 3015 376 3077 vel
397 3026 479 3077 certe
503 3017 610 3079 debeat
632 3018 798 3098 adaequare
821 3020 1035 3080 nominativum
1056 3036 1157 3087 suum,
1181 3024 1213 3077 ut
1228 3015 1368 3077 Horatius
1389 3016 1448 3077 Ho-

118 3134 141 3175 ra
154 3119 240 3179 ratii.
272 3117 411 3179 similiter
434 3127 463 3180 et
485 3126 589 3181 neutra
612 3119 747 3181 eiusdem
769 3118 975 3181 declinationis
997 3137 1072 3199 quae
1094 3122 1105 3179 i
1128 3116 1286 3179 habuerint
1308 3126 1376 3179 ante
1398 3137 1449 3179 um

153 3219 352 3297 geminabant
380 3222 390 3279 i
418 3220 547 3282 litteram
575 3220 614 3282 ob
643 3222 779 3282 eandem·
795 3224 957 3292 rationem,
984 3230 1018 3283 ut
1039 3220 1143 3282 folium
1164 3218 1245 3289 folii,
1268 3223 1362 3281 otium
1383 3224 1447 3292 otii,

154 3324 309 3401 tugurium
332 3324 460 3399 tugurii,
489 3321 639 3402 peculium
661 3322 787 3403 peculii,
815 3324 887 3385 licet
908 3324 981 3385 haec
1003 3325 1165 3403 antiquitas
1187 3339 1241 3401 per
1262 3314 1448 3403 ἅποκοπήν,

153 3425 184 3485 id
209 3432 258 3484 est
280 3422 375 3484 ablata
396 3425 407 3482 i
429 3421 543 3495 littera,
567 3428 781 3494 enuntiaverit,
805 3436 837 3487 ut
852 3428 917 3506 ipse
932 3426 968 3486 de
984 3444 1017 3487 se
1031 3425 1171 3487 Horatius
1193 3426 1305 3485 ‘vatis
1320 3425 1450 3485 Horati

154 3544 355 3586 memorem
378 3526 581 3605 sepulchro
610 3527 735 3607 scalpe
759 3526 1004 3609 quelrellarn'‚
1027 3527 1174 3606 Vergilius
1197 3528 1393 3607 ‘pauperis
1415 3533 1452 3587 et

117 3630 287 3707 sotuguri
310 3636 527 3705 congestum
549 3634 631 3699 est’,
654 3631 726 3689 item

156 3802 364 3877 Fragmentum
386 3804 421 3858 dc
442 3806 553 3859 nomine
576 3810 604 3859 et
623 3806 791 3875 pronomine
813 3806 893 3859 initio
908 3805 1066 3859 mutilatum
1089 3818 1104 3857 e
1126 3803 1223 3858 codiee
1246 3800 1453 3857 Vindobonenri

246 3888 283 3944 17
308 3890 372 3944 olim
387 3886 524 3944 Rodiensi
545 3904 623 3944 suec.
641 3886 693 3943 Vlll
706 3888 738 3960 .f.
758 3887 881 3944 11-14
904 3889 1008 3944 editum
1031 3890 1124 3944 estin
1147 3889 1288 3942 urinicctir
1308 3904 1449 3959 premina-

245 3976 308 4029 ticis
339 3974 520 4029 Vindobonoe
542 3991 570 4027 α.
596 3972 675 4029 1837
695 3990 728 4044 p.
746 3971 922 4029 127-141.
946 3974 1095 4044 edici-ipio
1118 3979 1160 4028 ert
1182 3973 1381 4042 discrepantia
1403 3987 1450 4026 eo-

243 4059 315 4114 dicis
330 4056 480 4114 Rodiensis
503 4057 556 4127 (B)

227 4295 295 4343 201
315 4306 412 4341 nonina
429 4308 474 4340 orn.
496 4290 521 4341 B
589 4290 605 4341 3
623 4292 700 4341 terrai
720 4289 854 4357 lrugiierai
874 4291 971 4341 Euuina
991 4292 1018 4339 in
1035 4288 1169 4339 annalibus
1186 4288 1315 4339 Charisius
1333 4302 1361 4351 p.
1381 4287 1450 4349 19‚1

153 4362 294 4429 frugiferai
316 4362 414 4411 Ennius
440 4362 464 4410 in
490 4358 623 4411 annalibus
647 4376 704 4412 ecce.
731 4360 806 4411 Char.
828 4377 857 4425 p.
879 4360 946 4420 538,
964 4362 1012 4409 27:
1039 4361 1074 4424 es.
1095 4359 1162 4410 lirin
1188 4361 1274 4413 minut.
1298 4375 1321 4408 r.
1341 4358 1393 4407 479
1410 4358 1452 4407 ed

158 4434 239 4485 Vani.
261 4430 375 4481 Lucretii
386 4432 501 4492 enernpla
518 4433 602 4480 ruaou
621 4432 769 4481 Priscianus
780 4432 798 4481 l.
813 4430 858 4479 Vll
873 4446 901 4494 p.
920 4430 1011 4490 aaut
1081 4428 1223 4495 frugeierai
1240 4429 1266 4479 B
1335 4428 1351 4476 4
1370 4424 1449 4493 aulai]

157 4505 241 4566 Vera.
262 4502 326 4553 Aen.
345 4500 377 4549 111
396 4499 447 4551 354
530 4498 616 4567 atque]
642 4504 720 4565 Verp.
742 4501 807 4554 Aen.
827 4500 860 4548 Vl
878 4501 929 4550 747
1003 4496 1122 4571 odires]
1150 4501 1227 4563 Verp.
1247 4496 1313 4548 Aen.
1332 4496 1453 4547 villino

207 4572 226 4622 6
246 4571 315 4636 apud
329 4567 479 4635 Salustium]
498 4570 572 4621 Galil.
588 4570 621 4621 36
636 4571 735 4621 dnobus
754 4571 834 4619 senati
854 4570 978 4620 decretis:
996 4571 1031 4625 cf.
1044 4570 1142 4620 Cierio.
1154 4584 1180 4631 p·
1196 4566 1286 4632 221⁸
1304 4583 1363 4618 erce.
1376 4567 1451 4619 enar.

151 4658 179 4705 p.
193 4639 308 4705 539,‚12
380 4637 488 4704 Vnihil]
509 4640 611 4694 Terent.
625 4641 708 4694 Andr.
728 4641 749 4690 ll
769 4642 794 4704 2,
809 4638 843 4690 28
913 4636 979 4705 eiua]
996 4641 1096 4693 Terent.
1113 4640 1238 4691 Heauton
1257 4639 1308 4687 tr'rn.
1325 4638 1347 4686 ll
1366 4636 1400 4695 3,
1418 4634 1453 4685 46

208 4712 272 4760 anui
282 4712 308 4762 B
322 4712 394 4760 annia
405 4710 533 4761 Oltameina
544 4724 571 4773 p.
587 4710 629 4771 54,
642 4709 674 4762 31
729 4708 746 4761 8
765 4706 839 4777 libre]
861 4711 940 4773 Verp.
953 4725 1018 4774 geor
1035 4710 1065 4760 ,1
1084 4708 1136 4760 208
1184 4708 1202 4759 9
1219 4708 1287 4774 apud
1299 4702 1450 4770 Salustium]

152 4783 177 4829 in
199 4782 316 4831 historiis
334 4782 460 4831 Priscian.
479 4783 495 4831 1.
514 4780 559 4830 Vll
576 4796 602 4845 p.
622 4780 687 4845 367,
706 4778 723 4830 6
795 4780 828 4831 10
846 4776 920 4845 aciei]
942 4780 995 4828 aeci
1014 4726 1039 4829 V
1110 4776 1143 4829 18
1161 4774 1290 4841 Horatius]
1313 4792 1390 4828 curru.
1409 4777 1453 4825 1111

152 4852 178 4913 o,
194 4850 233 4901 43
254 4850 353 4902 reddidi
372 4866 471 4901 carmen
489 4848 580 4901 docilia
598 4850 730 4901 modorum
745 4852 811 4901 vatis
823 4850 911 4900 Horati
928 4850 961 4899 111
980 4849 1021 4913 11,
1036 4850 1067 4900 oi
1088 4849 1167 4899 nostri
1182 4862 1318 4898 memorem
1336 4846 1453 4913 sepulcro

153 4921 247 4987 scalpe
263 4920 401 4985 querellam
464 4920 497 4971 19
515 4920 687 4971 menoremB
757 4916 889 4986 pauperis]
914 4920 995 4985 Verp.
1016 4919 1096 4975 meet.
1117 4919 1142 4983 1,
1159 4918 1194 4971 69

1183 5002 1250 5068 36*
