3525 5600
657 383 896 448 conuourvu
1311 335 1327 352 '¹
1364 385 1426 451 eor

1241 507 1263 548 p.
1276 494 1403 536 too—sal„

149 571 275 632 discretio
301 570 455 650 praeteriti
482 573 630 652 participii
658 581 688 633 et
716 575 859 643 nominis,
887 583 922 635 ut
949 581 994 635 εει
1020 575 1101 634 risus
1128 574 1236 635 cultus.
1279 576 1360 636 visus
1383 572 1429 655 [et

149 669 244 753 cultus]
268 663 297 734 et
318 689 429 734 nomeu
450 679 549 753 potest
570 675 649 744 esse',
674 682 703 736 et
717 676 905 755 participium
920 681 1020 756 potest
1034 693 1112 744 esse;
1137 671 1243 758 culltus
1265 685 1296 736 et
1316 693 1427 736 nomeu

147 783 233 855 potest
259 793 337 845 esse,
365 785 394 836 et
422 775 610 856 participium
639 783 736 856 potest
763 795 837 838 esso.
884 776 937 840 sed
964 783 1009 838 εει
1036 776 1178 838 discretio
1211 777 1301 839 huius
1337 777 1428 844 modi,

147 877 230 954 quod,
252 876 370 958 quando
392 877 582 957 participium
605 886 664 950 est,
688 879 835 942 secundae
858 887 904 940 est
925 877 1145 948 declinationis3
1175 878 1294 957 quando
1317 898 1427 942 nomeu

126 988 199 1049 sest,
221 987 341 1059 quartae
364 986 410 1040 est
430 977 645 1042 declinationis.
691 982 717 1041 si
739 981 818 1042 dicas
840 983 922 1042 visus
943 982 1015 1050 risi,
1038 983 1229 1061 participium
1251 989 1312 1052 est;
1334 985 1360 1043 si
1383 982 1428 1043 di-

147 1099 188 1142 ras
208 1080 254 1141 hic
275 1083 353 1142 risus
375 1079 465 1144 huius
487 1083 580 1151 risus,
605 1083 662 1143 erit
684 1101 801 1146 nomen.
834 1101 905 1144 ecce
927 1081 1019 1144 habes
1041 1082 1253 1146 discretionem
1276 1087 1429 1165 praeteriti

146 1182 280 1263 participii
303 1192 332 1244 et
354 1185 499 1252 nominis,
523 1183 616 1261 quod,
641 1183 758 1264 quando
781 1193 825 1246 εει
847 1185 1053 1265 participium,
1083 1185 1232 1247 secundae
1255 1185 1427 1247 declinatio·

145 1287 184 1346 nis
209 1293 265 1352 est:
293 1284 411 1366 quarmo
438 1293 537 1348 autem
570 1294 616 1348 est
647 1303 771 1357 nomeu,
806 1293 928 1366 quartae
957 1283 1162 1348 declinationis
1190 1295 1245 1348 est.
1290 1286 1428 1348 similiter

146 1395 283 1465 sumptus:
311 1389 337 1448 si
364 1386 401 1448 ab
432 1407 467 1448 eo
496 1387 574 1468 quod
604 1395 650 1450 est
676 1406 778 1451 sumor
807 1397 943 1469 sumptus
970 1390 1024 1459 sit,
1049 1387 1254 1470 [participium
1275 1391 1429 1470 praeteriti

117 1511 136 1550 u
145 1484 279 1574 sumptus]
303 1489 493 1570 participium
517 1493 579 1560 est;
602 1492 628 1552 si
650 1489 687 1552 ab
709 1509 745 1552 eo
768 1489 847 1571 quod
870 1499 916 1551 εει
937 1496 1073 1570 sumptus
1094 1490 1183 1552 huius
1204 1499 1350 1572 sumptus,
1374 1491 1431 1552 erit

144 1609 242 1651 nomeu
270 1599 393 1671 quartae
421 1591 643 1662 declinationis,
672 1593 789 1674 quarmo
817 1594 1011 1673 inpensiooes
1032 1592 1243 1670 significamus.
1290 1601 1336 1654 est
1356 1595 1500 1665 itemttl,
1515 1605 1547 1654 18

145 1693 320 1772 participium
342 1693 436 1755 futuri
457 1695 601 1774 temporis
629 1695 749 1756 etfacit
772 1694 858 1757 uobis
880 1693 1079 1764 dubietatem,
1101 1704 1135 1755 ut
1154 1704 1199 1778 εει
1218 1695 1427 1757 moribundus.

145 1794 190 1854 sed
209 1801 306 1856 utrum
329 1796 384 1858 ista
406 1797 560 1878 participia
583 1797 659 1866 siut,
682 1813 720 1856 au
743 1798 878 1866 nomina,
908 1798 967 1857 iam
990 1798 1164 1858 erratione
1186 1796 1316 1877 colligis,
1340 1797 1428 1876 quod,

145 1898 332 1978 siparticipia
355 1906 439 1968 sunt,
462 1897 642 1960 redeuntia
664 1915 808 1977 praeseus
829 1899 1035 1978 participium;
1053 1899 1090 1958 si
1111 1899 1231 1959 uomina
1255 1908 1338 1970 sunt,
1369 1917 1429 1961 non

117 1998 259 2062 uredeuut
285 2001 316 2060 in
345 2018 487 2081 praeseus
515 2000 714 2080 participium.
757 1998 903 2078 legendus
930 1999 1109 2062 scribendus
1130 2019 1191 2062 non
1214 2001 1354 2062 ridentur
1376 2001 1430 2061 tibi

145 2099 204 2161 talia
231 2119 312 2172 esse,
339 2099 428 2182 quale
455 2110 501 2163 est
526 2101 739 2178 moribundus?
777 2100 830 2162 sed
858 2101 1003 2180 legendus
1029 2102 1210 2165 scribendus
1241 2102 1370 2164 redeunt
1396 2103 1429 2164 iu

145 2221 274 2282 praesens
299 2204 513 2288 participium,
550 2202 747 2265 moribundus
784 2223 844 2266 uon
878 2203 958 2266 redit
988 2206 1021 2264 iu
1052 2223 1197 2284 praeseus
1228 2206 1427 2286 participium.

145 2304 288 2384 legendus,
311 2304 382 2368 tolle
403 2303 474 2367 inde
496 2305 551 2366 dus
573 2313 603 2366 ει
624 2305 699 2368 adde
721 2323 749 2374 s,
780 2312 809 2366 et
835 2305 907 2366 lacit
926 2323 1070 2387 praesens
1090 2307 1211 2387 legeus3
1242 2307 1428 2378 scribendus,

145 2405 206 2468 tolle
226 2407 293 2477 dus,
316 2405 441 2478 addes,
465 2406 611 2472 scribens.
655 2409 845 2469 econtrario
867 2407 1078 2471 moribundus:
1108 2409 1155 2471 iac
1177 2428 1334 2491 praeseos;
1367 2427 1428 2472 uon

115 2517 234 2588 upotes,
256 2509 322 2589 quia
346 2527 407 2570 nou
429 2511 580 2587 sequitur:
604 2507 816 2580 moribundus,
840 2509 912 2571 tolle
926 2509 995 2580 dus,
1018 2518 1155 2572 remanet
1176 2510 1331 2581 moribuu,
1354 2511 1429 2574 adde

143 2619 326 2681 seluemo
349 2611 421 2672 dicit
442 2610 613 2681 moribuns;
637 2613 768 2674 moriens
790 2613 870 2674 enlm
893 2611 1027 2675 dicimus
1058 2612 1253 2684 lurihundus,
1276 2613 1348 2676 tolle
1363 2615 1426 2684 dus,

144 2721 266 2774 remanet
287 2713 423 2782 lurihun,
446 2712 521 2774 adde
549 2733 579 2784 s;
607 2713 743 2776 lurihuns
773 2731 834 2775 non
856 2721 903 2774 εει
923 2711 1061 2791 latinum,
1090 2715 1143 2776 sed
1164 2715 1268 2777 lureus
1289 2716 1425 2778 dicimus.

144 2814 234 2897 {ergo
256 2816 325 2877 hinc
347 2823 470 2897 apparet
491 2818 630 2897 quoniam
647 2835 707 2877 uon
724 2824 769 2878 est
790 2818 994 2898 participium,
1016 2819 1042 2879 si
1064 2836 1124 2880 nou
1146 2818 1272 2880 redierit
1289 2820 1320 2881 iu
1342 2839 1428 2900 prae·

142 2937 204 2979 sens
224 2919 427 3000 participium;
456 2918 481 2979 si
504 2926 602 2981 autem
625 2918 763 2989 redierit,
786 2926 857 2980 tunc
878 2920 1068 3000 participium
1091 2930 1166 3002 εει.Ι
1189 2920 1246 2982 hae
1267 2930 1336 2983 suut
1357 2940 1428 3002 pru·

112 3021 219 3100 upriae
239 3020 425 3083 differentiae
446 3018 631 3099 singulorum
652 3022 893 3101 participiorum.
915 3028 950 3082 ut
966 3039 1109 3101 praesens
1130 3022 1319 3102 participium
1340 3041 1428 3103 regu·

142 3120 181 3181 las
201 3122 306 3184 habeat
328 3140 383 3203 per
404 3122 604 3184 accusativum
627 3130 657 3183 et
678 3125 860 3203 genetivum,
884 3124 1081 3203 praeteritum
1103 3124 1293 3204 participium
1315 3126 1428 3188 discer-
1531 3133 1535 3139 ’

142 3240 190 3285 nas
210 3244 263 3305 per
285 3230 421 3305 quartam
444 3223 671 3287 declinationem
695 3232 726 3286 et
747 3224 926 3295 secundam,
949 3225 1085 3287 loturum
1105 3228 1294 3307 participium
1316 3228 1428 3289 discer-

142 3344 188 3386 nas
214 3344 266 3406 per
294 3324 424 3387 reditum
450 3327 482 3387 in
508 3344 650 3407 praeseus
676 3328 886 3407 participium,
914 3326 960 3387 rel
986 3328 1012 3387 si
1039 3344 1100 3389 nou
1127 3330 1313 3390 remeaverit
1359 3337 1429 3391 suut

142 3436 233 3489 tamen
255 3427 331 3489 duae
355 3428 551 3491 discretiones
577 3428 756 3508 generaliter
778 3448 832 3509 per
854 3427 910 3489 tria
931 3430 987 3490 ista
1009 3430 1179 3510 participia,
1203 3432 1376 3511 conparatio
1399 3439 1429 3491 ει

110 3536 261 3610 otcmpus.
304 3530 329 3590 si
356 3532 600 3611 conparationem
628 3529 779 3603 habuerit,
812 3548 923 3592 nomeu
951 3538 1012 3599 est;
1045 3532 1107 3593 sire
1134 3534 1341 3613 conparatirus
1374 3538 1427 3602 est,

138 3632 195 3690 sire
216 3630 411 3711 superlativus
434 3638 492 3702 est,
516 3650 626 3694 nomen
649 3642 704 3694 εει.
749 3634 774 3695 si
797 3640 915 3713 tempus
936 3631 1092 3704 habuerit,
1115 3636 1177 3695 sire
1198 3652 1344 3714 praesens
1365 3636 1428 3695 sire

138 3734 325 3813 praeteritum
347 3734 409 3795 sire
431 3734 579 3803 futurum,
603 3736 791 3814 participium
814 3745 867 3797 εει.
899 3742 970 3814 puta
997 3734 1117 3815 quaudo
1132 3735 1200 3797 dieo
1228 3742 1350 3798 ‘amans
1370 3735 1428 3796 hoc

138 3835 218 3924 lecif,
249 3834 317 3913 quid
345 3844 392 3897 est
418 3838 541 3897 ‘amans
562 3836 620 3897 hoc
642 3836 738 3897 leci’i
765 3837 795 3898 id
818 3844 864 3898 est
887 3837 974 3898 ‘dum
997 3855 1128 3899 amarem
1149 3838 1208 3899 hoc
1229 3838 1313 3900 ieci'.
1358 3856 1428 3899 ecoe

138 3935 221 3997 habet
244 3942 374 4017 tempus
397 3940 586 4019 participium
603 3946 655 3999 εει.
686 3956 756 3999 εεεε
778 3954 851 4017 ergo
873 3958 977 4001 amans
998 3941 1187 4020 participium
1210 3947 1255 4001 est
1275 3958 1428 4027 praesens.

108 4038 202 4098 uitem
230 4038 262 4099 iu
289 4040 451 4118 praeterito
477 4042 570 4111 visus,
599 4042 678 4101 risus
705 4047 824 4120 tempus
852 4041 957 4113 hahet:
984 4044 1058 4103 item
1086 4043 1118 4103 iu
1146 4042 1247 4105 tuturo
1273 4042 1427 4122 legendus,

139 4139 203 4201 ecce
223 4138 296 4201 hinc
316 4140 434 4203 videtur
455 4142 661 4223 participium,
686 4144 825 4220 quoniam
855 4142 946 4205 habet
966 4151 1092 4224 tempus
1137 4161 1209 4223 ergo
1230 4146 1255 4205 sl
1276 4146 1428 4207 inventum

139 4242 222 4304 luerit
243 4250 379 4323 tempus,
410 4254 498 4305 eruut
524 4246 578 4305 ista
607 4244 707 4307 omnia
735 4244 906 4325 participia;
937 4247 1045 4307 sinon
1067 4247 1428 4329 iurentumuiuerittem·

139 4362 203 4422 pus,
231 4352 323 4407 srurrt
352 4348 482 4407 uomina.
526 4354 571 4406 εει
597 4364 713 4407 amans:
742 4346 766 4407 si
794 4345 831 4406 ab
862 4365 899 4425 ep
920 4347 999 4426 quod
1022 4355 1068 4409 est
1088 4365 1156 4409 amo
1177 4348 1235 4409 leci
1256 4366 1375 4420 amaus,
1397 4348 1428 4410 id

140 4452 181 4505 est
205 4444 276 4508 dum
305 4464 449 4519 amarem,
478 4448 503 4509 si
530 4446 599 4508 iude
627 4447 757 4510 volueris
784 4446 886 4509 dicere
915 4468 1034 4519 amaus,
1065 4448 1069 4531 l
1098 4450 1285 4528 participium
1314 4458 1373 4520 est:
1403 4450 1428 4509 si
1496 4475 1500 4485 ·

110 4554 231 4609 nauum
253 4548 364 4610 dixeris
386 4566 488 4610 amans
509 4550 656 4611 amantior
678 4549 914 4622 amantissimus,
937 4552 995 4612 erit
1016 4569 1137 4613 nomeu.
1168 4550 1304 4613 similiter
1325 4554 1428 4614 incen-

139 4712 434 4731 Ἣ

143 4808 216 4923 AB}
234 4805 320 4856 cultus
338 4815 363 4856 et
380 4819 472 4857 nomen
489 4812 571 4872 potest
588 4820 645 4857 esse
663 4813 688 4855 et
706 4806 865 4873 participium
882 4815 966 4873 potest
984 4822 1040 4857 esse
1057 4806 1139 4859 ono
1223 4808 1256 4860 lu
1274 4823 1324 4858 nou
1342 4817 1428 4877 potest

203 4904 214 4925 J

186 4964 359 5009 onnnnnrrcr
375 4966 463 5008 curun
479 4966 506 5009 v.
1183 4960 1221 5025 Π
