3525 5600
644 391 880 460 COMMENTVM
1028 393 1034 410 ⁸
1351 383 1408 448 137

1240 508 1261 551 p.
1275 497 1348 538 N-il
1363 491 1386 533 l..

657 607 706 668 DE
728 603 873 668 NOMINE

215 727 321 788 Nomen
350 733 396 786 est
423 745 492 806 pars
526 727 668 786 orationis
700 745 768 786 enm
796 745 865 787 nasu
895 745 1002 806 corpus
1030 734 1079 788 aut
1102 745 1164 786 rem
1188 723 1309 806 proprie
1331 743 1411 785 oom-

146 830 287 890 muniterve
309 829 493 907 significans:
524 847 613 888 omne
641 847 766 893 nornen.
790 828 870 906 quod
893 837 939 888 εει
960 830 990 889 ἰιι
1014 847 1113 890 rerum
1138 831 1250 898 n'atura,
1274 829 1338 890 sine
1361 829 1411 887 tri-

145 933 192 993 bus
210 931 291 992 rebus
313 948 380 990 esse
402 949 461 990 non
489 938 599 1011 potest:
630 949 689 991 non
711 929 781 991 lieet
801 938 835 990 nt
856 950 926 993 nasu
949 939 1063 999 caream
1094 949 1278 1010 nequaquam
1301 930 1412 990 inveni-

127 1044 185 1098 stnr
204 1051 317 1103 nornen,
340 1040 374 1092 ιιι
396 1051 456 1093 non
479 1034 518 1093 sit
538 1040 589 1092 aut
609 1032 765 1112 corporale
787 1040 837 1093 aut
857 1033 1060 1112 incorporale;
1088 1047 1273 1111 nequaquam
1301 1033 1412 1094 inveni-

146 1145 197 1204 tor,
227 1142 256 1196 ut
284 1153 345 1195 non
377 1135 416 1194 sit
448 1143 498 1194 aut
529 1135 682 1215 proprium
710 1142 763 1195 ant
788 1134 1005 1215 appellativum.
1051 1153 1110 1196 non
1133 1141 1232 1214 potest
1253 1152 1324 1212 ergo
1347 1153 1413 1194 esse

145 1255 239 1298 nornen
258 1238 320 1297 sine
344 1237 408 1297 istis
430 1235 525 1298 tribus
547 1236 647 1298 rebus.
691 1239 764 1297 istas
790 1257 840 1298 res
862 1237 953 1298 traldt
980 1237 1016 1297 ad
1045 1255 1077 1298 se
1100 1236 1273 1298 naturaliter
1296 1255 1413 1296 nomen.

145 1340 174 1400 da
194 1338 307 1416 quodvis
329 1357 448 1399 nomen.
479 1339 591 1399 lleotor
612 1346 707 1400 totum
730 1339 786 1399 hoo
808 1337 913 1400 habet:
938 1337 985 1399 hio
1000 1339 1110 1400 Hector
1123 1357 1209 1400 casus
1225 1345 1282 1407 εει;
1305 1337 1415 1398 Hector

146 1441 242 1502 videtur
263 1448 291 1501 et
312 1443 456 1520 tangitur,
481 1440 636 1522 corporale
651 1449 710 1509 est;
736 1441 846 1502 lleetor
861 1443 947 1502 unius
970 1459 1078 1502 nomen
1095 1447 1148 1510 est,
1173 1459 1244 1520 ergo
1259 1441 1413 1520 proprium

118 1551 209 1606 nest.
231 1561 298 1620 ergo
325 1544 407 1604 vides
435 1545 502 1624 qnia
531 1537 643 1604 nullutn
667 1563 775 1605 nomen
803 1562 869 1604 esse
891 1550 988 1623 potest
1014 1545 1079 1604 sine
1107 1544 1171 1604 istis
1197 1541 1291 1604 tribus
1314 1540 1414 1603 rebus.

145 1653 203 1726 puta
224 1664 364 1716 marmor,
389 1645 512 1719 videtur.
527 1654 557 1706 ει
579 1647 723 1724 tangitur,
746 1643 901 1725 corporale
925 1653 984 1714 est;
1005 1644 1078 1706 illud
1095 1662 1225 1706 marmor
1242 1652 1285 1704 εει
1301 1654 1328 1704 ει
1343 1643 1415 1705 illud

145 1765 257 1808 marmor
285 1753 345 1817 est,
374 1746 582 1827 appellativum
610 1757 668 1816 est;
697 1749 754 1809 hoo
782 1767 913 1808 marmor
941 1749 1137 1808 nominativus
1165 1754 1217 1808 εει.
1261 1763 1333 1824 ergo
1356 1765 1414 1808 non

144 1850 202 1910 licet
220 1851 342 1910 inveniri
365 1868 488 1920 nornen,
518 1849 596 1930 quod
617 1853 682 1911 sine
704 1851 770 1912 istis
791 1849 886 1911 tribus
912 1849 1003 1910 rebus
1024 1851 1070 1910 sit.
1115 1849 1183 1909 ideo
1205 1850 1235 1910 in
1258 1850 1322 1928 ipsa
1344 1847 1415 1908 deli-

145 1953 241 2012 nitione
261 1959 354 2012 toturn
378 1953 480 2013 tenuit

116 2078 135 2116 n
219 2053 331 2114 Nomen
353 2061 489 2133 estpars
511 2057 654 2115 orationis
681 2074 749 2115 oum
780 2073 867 2116 nasu:
897 2054 985 2135 plane
1007 2055 1084 2116 scire
1106 2053 1250 2114 dehemus
1272 2054 1340 2133 quia
1367 2053 1534 2134 quitum-an

144 2155 231 2216 delinit
249 2154 359 2235 aliquid
381 2158 420 2216 ita
442 2155 533 2216 dehet
554 2157 691 2227 delinire,
720 2165 752 2218 ιιι
779 2168 809 2218 ει
836 2160 930 2237 ipsam
953 2176 1016 2218 rem
1047 2157 1192 2234 exprimat
1220 2161 1249 2216 et
1271 2175 1287 2216 a
1310 2133 1489 2215 ceteris439’
1502 2133 1532 2180 ²¹

143 2256 221 2318 rebus
239 2259 381 2336 seiungat.
413 2276 509 2338 neque
532 2260 611 2320 enim
633 2259 723 2320 debet
749 2259 799 2320 illa
827 2259 959 2320 definitio
981 2259 1146 2318 eommunis
1174 2276 1239 2318 esse
1262 2276 1331 2318 oum
1353 2256 1418 2318 aliis

144 2357 230 2420 relus.
271 2359 343 2439 quid
372 2362 397 2421 si
425 2362 465 2421 ita
493 2360 616 2422 definias
643 2380 767 2431 nomen,
797 2370 830 2423 ιιι
857 2363 950 2441 possit
977 2379 1050 2440 puer
1077 2359 1251 2438 intellegere
1281 2359 1351 2438 quid
1380 2361 1418 2420 sit

143 2479 250 2529 nomen,
275 2468 307 2522 ιιι
329 2462 409 2522 dions
431 2462 558 2524 ‘nomen
581 2470 626 2522 est
646 2483 716 2543 pars
738 2465 880 2523 orationis
903 2481 970 2523 enm
993 2463 1102 2522 oasn'l
1132 2469 1160 2522 et
1181 2479 1347 2541 pronomen
1369 2481 1417 2522 na·

115 2581 200 2626 osum
225 2561 321 2623 habet.
357 2563 469 2626 ideireo
497 2564 613 2626 laborat
633 2573 666 2626 ut
688 2565 889 2626 definitionem
919 2566 1046 2626 nominis
1073 2565 1223 2644 propriant
1246 2563 1359 2624 reddat.
1387 2569 1419 2624 ut

144 2673 202 2742 pota
224 2671 349 2726 ‘nornen
371 2675 417 2726 est
438 2685 508 2746 pars
529 2669 670 2729 orationis
692 2687 759 2728 cunt
782 2673 883 2728 oasu':
907 2670 931 2728 si
955 2667 1011 2728 lroo
1034 2665 1129 2726 solnm
1145 2666 1267 2736 diceret,
1291 2667 1417 2746 pessima
1512 2683 1514 2690 ·

144 2776 212 2829 esset
231 2768 372 2830 definitio.
416 2771 627 2851 quarel‘quia
656 2777 686 2831 et
717 2787 882 2850 pronomen
916 2777 946 2831 ot
973 2770 1161 2850 participium
1189 2767 1279 2829 hahet
1306 2787 1417 2830 casnm.

144 2888 205 2949 erqo
225 2871 295 2931 dixit
315 2874 444 2951 priunum
467 2872 546 2951 quod
569 2879 613 2933 est
634 2891 800 2933 commune.
845 2874 903 2933 iam
927 2891 1001 2951 quae
1024 2881 1165 2934 secuntur
1186 2874 1307 2951 propria
1325 2872 1419 2932 nomi·

144 2974 182 3032 nis
200 2980 274 3041 sunt,
298 2977 426 3053 ‘eorpus
441 2982 492 3035 aut
506 2992 571 3035 rem
585 2976 705 3057 proprie
723 2977 955 3035 communiterve
971 2974 1162 3051 significans!
1185 2974 1283 3033 omnia
1300 2976 1419 3035 nomina

116 3082 186 3134 naut
205 3094 308 3155 eorpus
329 3077 495 3155 significant
517 3085 568 3137 ant
589 3096 663 3137 rem.
708 3074 872 3157 corporalia
895 3076 1033 3138 dicuntur
1056 3078 1175 3136 nomina
1196 3094 1271 3155 quae
1284 3075 1420 3137 videntur

144 3184 169 3235 ει
186 3182 355 3255 tanguntur,
378 3178 576 3257 incorporalia
599 3198 673 3258 qnae
695 3198 792 3258 neque
815 3178 908 3238 rideri
931 3198 1026 3258 neque
1048 3180 1127 3256 tangi
1150 3185 1291 3257 possunt,
1314 3196 1419 3238 seeun-

144 3277 203 3338 dum
223 3280 440 3356 grammatioos.
484 3281 555 3360 quid
577 3288 675 3342 autem
697 3281 798 3341 dicant
818 3280 996 3360 philosolphi
1020 3280 1056 3339 de
1079 3282 1142 3339 istis
1165 3278 1265 3350 rebus,
1290 3280 1360 3359 quid
1384 3280 1419 3339 ad

145 3382 204 3440 nos?
225 3379 387 3459 corporalis
409 3380 518 3442 dieitur
539 3401 587 3444 res
609 3383 687 3462 apud
709 3384 917 3460 grammaticos
946 3401 1021 3461 quae
1044 3382 1137 3442 videri
1159 3387 1255 3461 potest
1278 3390 1308 3443 ει
1330 3382 1418 3460 tangi,

144 3482 323 3561 incorporalis
346 3502 423 3563 quae
445 3502 500 3543 nee
523 3483 617 3544 videri
639 3504 694 3545 neo
717 3486 797 3563 tangi
819 3492 927 3564 potest.
957 3492 1111 3563 praeterea
1135 3502 1222 3543 omne
1245 3502 1353 3544 nomen
1370 3490 1421 3543 aut

117 3586 281 3663 opropriunr
303 3584 410 3645 dieitur
433 3593 483 3646 ant
505 3584 721 3667 appellativum.
752 3588 908 3667 proprium
924 3586 1031 3647 dieitur
1047 3586 1124 3666 quod
1146 3588 1232 3646 unius
1249 3594 1302 3652 εει,
1319 3584 1420 3666 appel·

145 3684 252 3746 lativnm
273 3686 351 3767 quod
374 3686 543 3749 multorom.
576 3707 648 3766 ergo
676 3706 763 3749 omne
791 3708 900 3749 nomen
924 3690 994 3749 istas
1021 3708 1070 3749 res
1098 3689 1216 3749 retinet.
1262 3688 1326 3749 vide
1349 3707 1420 3765 ergo

144 3788 299 3865 quomodo
322 3796 352 3849 ει
374 3788 448 3849 dixit
469 3809 534 3851 rent
561 3809 749 3851 communem
777 3810 844 3851 oum
867 3792 976 3852 ceteris
1005 3800 1033 3851 et
1061 3789 1136 3850 dixit
1163 3808 1227 3850 rem
1251 3789 1418 3869 specialem.

144 3887 241 3965 legistis
261 3891 318 3951 hoo
337 3892 371 3951 vin
395 3890 507 3951 artibus
530 3890 733 3953 definitionum
756 3892 931 3972 plenissime
954 3911 1140 3972 expressum:
1164 3894 1213 3971 qui
1230 3893 1301 3953 dioit
1317 3892 1419 3953 delmi·

144 3992 240 4051 tionem
268 3994 306 4051 ita
335 3992 425 4053 debet
458 3994 597 4063 desinire,
631 4003 663 4055 ut
691 3994 769 4055 dicat
785 3996 891 4082 ,ipsam
919 4002 1048 4074 partem,
1079 4014 1154 4075 quae
1190 3995 1354 4055 eommunis
1377 4001 1422 4054 εει

119 4094 167 4151 εει
185 4112 247 4154 eum
270 4093 372 4163 altera,
396 4104 426 4157 et
448 4096 527 4157 dicat
549 4094 724 4177 specialem,
748 4116 834 4177 qnam
858 4098 1010 4176 propriam
1032 4094 1122 4157 hahet
1145 4104 1173 4156 et
1189 4113 1275 4173 quam
1291 4094 1352 4155 sola
1368 4096 1419 4155 ha-

146 4192 193 4254 tot.
222 4202 293 4276 puto
315 4202 345 4255 ει
366 4196 559 4276 philosophos
581 4197 661 4259 illam
685 4216 748 4259 rem
771 4199 910 4267 delinire,
935 4198 1022 4277 ‘quid
1047 4204 1091 4258 est
1112 4197 1219 4259 homo?
1243 4196 1351 4257 animal
1372 4216 1419 4257 ra·
1478 4228 1481 4233 ·

147 4295 243 4356 tiouale
264 4296 415 4366 mortale';
439 4306 478 4367 et,
501 4306 583 4377 puto,
606 4300 762 4361 ridiculum
786 4299 844 4359 tale
865 4298 973 4379 aliquid
990 4300 1135 4360 dixerunt.
1167 4316 1237 4377 ergo
1254 4316 1360 4359 nornen
1378 4308 1422 4359 εει

146 4416 202 4475 pars
221 4400 364 4459 orationis
386 4417 453 4460 oum
476 4420 559 4462 casu:
590 4400 701 4463 nullum
724 4420 834 4463 nomen
856 4410 955 4482 potest
981 4402 1107 4461 inveniri
1135 4402 1200 4461 sine
1222 4420 1300 4463 casu.
1333 4400 1420 4481 plane

180 4536 236 4543 ⁴-

205 4621 216 4671 1
235 4636 267 4670 nr
280 4636 378 4673 ιιοιιιιι
398 4622 423 4671 Α
440 4636 543 4672 ovrvxrr
563 4638 595 4671 ox
615 4638 712 4673 vontus
725 4624 751 4673 B
765 4614 868 4674 nerrurr
889 4638 973 4675 xoxvsx
987 4622 1048 4673 Gal
1119 4624 1135 4673 t
1154 4637 1213 4671 casn
1231 4622 1422 4673 nenessitas

146 4688 165 4735 Α
229 4691 260 4741 to
278 4693 339 4755 qnid
359 4692 393 4741 sit
410 4706 502 4741 nomen
517 4692 590 4741 BCrv
609 4694 676 4757 qood
696 4694 730 4742 ait
746 4709 884 4760 pronomen
904 4694 929 4743 A
998 4696 1032 4743 24
1045 4695 1146 4759 proprie
1162 4694 1361 4743 communiterve
1375 4709 1421 4743 om.

146 4759 189 4809 Ac
253 4761 625 4825 illeorporalislloorporale
644 4763 700 4812 AB
752 4761 804 4827 res]
822 4763 868 4812 ιῖεῖ
886 4765 910 4812 Α
963 4762 997 4811 ‘lli
1016 4764 1181 4829 incorporalis
1199 4762 1251 4813 Ro
1266 4764 1421 4829 incorporale

147 4830 166 4875 Α
209 4830 300 4899 potest]
320 4832 783 4896 poosttcmonnervntoumn
835 4832 1085 4897 autumnitano
1137 4833 1197 4883 dicit
1215 4849 1262 4886 om.
1278 4833 1313 4896 A,
1326 4834 1387 4887 add.
1405 4850 1421 4883 a

203 4900 235 4951 dl>
254 4899 319 4966 sola]
340 4900 412 4951 solus
430 4901 501 4952 Aca
519 4903 575 4953 soto
595 4902 638 4951 Bc
708 4901 742 4953 36
758 4903 907 4953 rationabile
921 4903 946 4952 A
