<?xml version="1.0" encoding="UTF-8"?>
<!DOCTYPE html PUBLIC "-//W3C//DTD XHTML 1.0 Transitional//EN"
    "http://www.w3.org/TR/xhtml1/DTD/xhtml1-transitional.dtd">
<html xmlns="http://www.w3.org/1999/xhtml" xml:lang="en" lang="en">
 <head>
  <title>
</title>
<meta http-equiv="Content-Type" content="text/html;charset=utf-8" />
  <meta name='ocr-system' content='tesseract 3.04.00' />
  <meta name='ocr-capabilities' content='ocr_page ocr_carea ocr_par ocr_line ocrx_word'/>
</head>
<body>
  <div class='ocr_page' id='page_1' title='image "./grammaticilatin03hagagoog/grammaticilatin03hagagoog_0597.png"; bbox 0 0 3525 5600; ppageno 0'>
   <div class='ocr_carea' id='block_1_1' title="bbox 584 390 1440 555">
    <p class='ocr_par' dir='ltr' id='par_1_1' title="bbox 584 390 1440 555">
     <span class='ocr_line' id='line_1_1' title="bbox 584 390 1440 458; baseline 0.002 -3"><span class='ocrx_word' id='word_1_1' title='bbox 584 394 633 456; x_wconf 79' lang='lat' dir='ltr'>lili</span> <span class='ocrx_word' id='word_1_2' title='bbox 657 395 780 457; x_wconf 88' lang='lat' dir='ltr'>llVBllS</span> <span class='ocrx_word' id='word_1_3' title='bbox 804 394 1011 458; x_wconf 84' lang='lat' dir='ltr'>nuluntevs</span> <span class='ocrx_word' id='word_1_4' title='bbox 1378 390 1440 457; x_wconf 79' lang='lat'>587</span> 
     </span>
     <span class='ocr_line' id='line_1_2' title="bbox 1263 501 1414 555; baseline -0.007 -13"><span class='ocrx_word' id='word_1_5' title='bbox 1263 514 1285 555; x_wconf 72' lang='lat' dir='ltr'>p.</span> <span class='ocrx_word' id='word_1_6' title='bbox 1297 503 1374 544; x_wconf 74' lang='grc' dir='ltr'><strong>εε-ει</strong></span> <span class='ocrx_word' id='word_1_7' title='bbox 1388 501 1414 542; x_wconf 88' lang='lat' dir='ltr'>n.</span> 
     </span>
    </p>
   </div>
   <div class='ocr_carea' id='block_1_2' title="bbox 109 579 1513 2700">
    <p class='ocr_par' dir='ltr' id='par_1_2' title="bbox 151 579 1439 760">
     <span class='ocr_line' id='line_1_3' title="bbox 237 579 1439 662; baseline 0.002 -24"><span class='ocrx_word' id='word_1_8' title='bbox 237 579 342 640; x_wconf 87' lang='lat' dir='ltr'>Perdix</span> <span class='ocrx_word' id='word_1_9' title='bbox 371 583 492 658; x_wconf 87' lang='lat' dir='ltr'>generis</span> <span class='ocrx_word' id='word_1_10' title='bbox 520 583 672 653; x_wconf 80' lang='lat' dir='ltr'>fruamini,</span> <span class='ocrx_word' id='word_1_11' title='bbox 703 591 735 643; x_wconf 94' lang='lat' dir='ltr'>ut</span> <span class='ocrx_word' id='word_1_12' title='bbox 765 583 857 645; x_wconf 86' lang='lat' dir='ltr'>Varro</span> <span class='ocrx_word' id='word_1_13' title='bbox 886 582 1021 660; x_wconf 72' lang='lat' dir='ltr'>‘garrula</span> <span class='ocrx_word' id='word_1_14' title='bbox 1055 583 1158 643; x_wconf 82' lang='lat' dir='ltr'>limoso</span> <span class='ocrx_word' id='word_1_15' title='bbox 1185 584 1330 662; x_wconf 78' lang='lat' dir='ltr'>prospicit</span> <span class='ocrx_word' id='word_1_16' title='bbox 1364 582 1439 642; x_wconf 84' lang='lat' dir='ltr'>elice</span> 
     </span>
     <span class='ocr_line' id='line_1_4' title="bbox 151 681 283 760; baseline 0.008 -19"><span class='ocrx_word' id='word_1_17' title='bbox 151 681 283 760; x_wconf 89' lang='lat' dir='ltr'>perdix&#39;.</span> 
     </span>
    </p>

    <p class='ocr_par' dir='ltr' id='par_1_3' title="bbox 128 783 1442 1172">
     <span class='ocr_line' id='line_1_5' title="bbox 237 783 1442 866; baseline 0.002 -22"><span class='ocrx_word' id='word_1_18' title='bbox 237 783 240 866; x_wconf 77' lang='lat' dir='ltr'>l</span> <span class='ocrx_word' id='word_1_19' title='bbox 270 783 454 846; x_wconf 82' lang='lat' dir='ltr'>Parsimonia</span> <span class='ocrx_word' id='word_1_20' title='bbox 484 787 604 862; x_wconf 89' lang='lat' dir='ltr'>generis</span> <span class='ocrx_word' id='word_1_21' title='bbox 632 787 778 848; x_wconf 80' lang='lat' dir='ltr'>feminini.</span> <span class='ocrx_word' id='word_1_22' title='bbox 824 787 874 846; x_wconf 88' lang='lat' dir='ltr'>sed</span> <span class='ocrx_word' id='word_1_23' title='bbox 905 786 1046 865; x_wconf 87' lang='lat' dir='ltr'>Virgilius</span> <span class='ocrx_word' id='word_1_24' title='bbox 1080 787 1297 866; x_wconf 82' lang='lat' dir='ltr'>parsimoniam</span> <span class='ocrx_word' id='word_1_25' title='bbox 1324 794 1442 866; x_wconf 88' lang='lat' dir='ltr'>tempus</span> 
     </span>
     <span class='ocr_line' id='line_1_6' title="bbox 151 884 465 970; baseline 0.016 -28"><span class='ocrx_word' id='word_1_26' title='bbox 151 884 209 945; x_wconf 83' lang='lat' dir='ltr'>sini</span> <span class='ocrx_word' id='word_1_27' title='bbox 232 887 316 946; x_wconf 83' lang='lat' dir='ltr'><strong>dixit.</strong></span> <span class='ocrx_word' id='word_1_28' title='bbox 463 965 465 970; x_wconf 23' lang='grc' dir='ltr'>Ι</span> 
     </span>
     <span class='ocr_line' id='line_1_7' title="bbox 128 989 1441 1071; baseline 0.004 -24"><span class='ocrx_word' id='word_1_29' title='bbox 128 1003 139 1040; x_wconf 77' lang='lat'>⁵</span> <span class='ocrx_word' id='word_1_30' title='bbox 234 989 424 1049; x_wconf 78' lang='lat' dir='ltr'>Praeteritum</span> <span class='ocrx_word' id='word_1_31' title='bbox 452 992 570 1067; x_wconf 90' lang='lat' dir='ltr'>generis</span> <span class='ocrx_word' id='word_1_32' title='bbox 603 993 711 1051; x_wconf 91' lang='lat' dir='ltr'>neutri.</span> <span class='ocrx_word' id='word_1_33' title='bbox 756 991 807 1051; x_wconf 86' lang='lat' dir='ltr'>sed</span> <span class='ocrx_word' id='word_1_34' title='bbox 835 991 905 1050; x_wconf 89' lang='lat' dir='ltr'>vieit</span> <span class='ocrx_word' id='word_1_35' title='bbox 933 991 1131 1061; x_wconf 81' lang='lat' dir='ltr'>consuetudo,</span> <span class='ocrx_word' id='word_1_36' title='bbox 1165 1009 1241 1071; x_wconf 89' lang='lat' dir='ltr'>quae</span> <span class='ocrx_word' id='word_1_37' title='bbox 1275 999 1441 1070; x_wconf 89' lang='lat' dir='ltr'>praetextas</span> 
     </span>
     <span class='ocr_line' id='line_1_8' title="bbox 150 1089 675 1172; baseline 0.013 -25"><span class='ocrx_word' id='word_1_38' title='bbox 150 1089 235 1160; x_wconf 90' lang='lat' dir='ltr'>dieit,</span> <span class='ocrx_word' id='word_1_39' title='bbox 260 1093 400 1170; x_wconf 88' lang='lat' dir='ltr'>queniam</span> <span class='ocrx_word' id='word_1_40' title='bbox 421 1099 489 1170; x_wconf 86' lang='lat' dir='ltr'>toga</span> <span class='ocrx_word' id='word_1_41' title='bbox 512 1101 675 1172; x_wconf 86' lang='lat' dir='ltr'>praetexta.</span> 
     </span>
    </p>

    <p class='ocr_par' dir='ltr' id='par_1_4' title="bbox 149 1192 1441 1480">
     <span class='ocr_line' id='line_1_9' title="bbox 233 1192 1441 1276; baseline 0.003 -24"><span class='ocrx_word' id='word_1_42' title='bbox 233 1192 345 1252; x_wconf 90' lang='lat' dir='ltr'>Puteus</span> <span class='ocrx_word' id='word_1_43' title='bbox 371 1197 492 1270; x_wconf 88' lang='lat' dir='ltr'>generis</span> <span class='ocrx_word' id='word_1_44' title='bbox 520 1196 692 1264; x_wconf 80' lang='lat' dir='ltr'><strong>masculini,</strong></span> <span class='ocrx_word' id='word_1_45' title='bbox 723 1195 773 1256; x_wconf 91' lang='lat' dir='ltr'>sed</span> <span class='ocrx_word' id='word_1_46' title='bbox 802 1197 886 1274; x_wconf 90' lang='lat' dir='ltr'>putei</span> <span class='ocrx_word' id='word_1_47' title='bbox 920 1197 950 1256; x_wconf 94' lang='lat' dir='ltr'>in</span> <span class='ocrx_word' id='word_1_48' title='bbox 978 1194 1131 1272; x_wconf 86' lang='lat' dir='ltr'>evangelie</span> <span class='ocrx_word' id='word_1_49' title='bbox 1158 1196 1233 1255; x_wconf 86' lang='lat' dir='ltr'>mira</span> <span class='ocrx_word' id='word_1_50' title='bbox 1261 1196 1292 1254; x_wconf 89' lang='lat' dir='ltr'>in</span> <span class='ocrx_word' id='word_1_51' title='bbox 1327 1196 1441 1276; x_wconf 88' lang='lat' dir='ltr'>reliquo</span> 
     </span>
     <span class='ocr_line' id='line_1_10' title="bbox 149 1293 1437 1378; baseline 0.005 -27"><span class='ocrx_word' id='word_1_52' title='bbox 149 1293 327 1356; x_wconf 86' lang='lat' dir='ltr'>dilierentia.</span> <span class='ocrx_word' id='word_1_53' title='bbox 373 1302 460 1374; x_wconf 90' lang='lat' dir='ltr'>putea</span> <span class='ocrx_word' id='word_1_54' title='bbox 489 1298 569 1356; x_wconf 91' lang='lat' dir='ltr'>enim</span> <span class='ocrx_word' id='word_1_55' title='bbox 598 1315 743 1378; x_wconf 86' lang='lat' dir='ltr'>aquarum</span> <span class='ocrx_word' id='word_1_56' title='bbox 776 1297 858 1358; x_wconf 88' lang='lat' dir='ltr'>ltalis</span> <span class='ocrx_word' id='word_1_57' title='bbox 891 1298 1028 1359; x_wconf 81' lang='lat' dir='ltr'>fontanas</span> <span class='ocrx_word' id='word_1_58' title='bbox 1059 1295 1202 1376; x_wconf 88' lang='lat' dir='ltr'>appellari</span> <span class='ocrx_word' id='word_1_59' title='bbox 1236 1303 1351 1358; x_wconf 87' lang='lat' dir='ltr'>eertum</span> <span class='ocrx_word' id='word_1_60' title='bbox 1383 1305 1437 1358; x_wconf 89' lang='lat' dir='ltr'>est.</span> 
     </span>
     <span class='ocr_line' id='line_1_11' title="bbox 150 1394 1322 1480; baseline 0.004 -26"><span class='ocrx_word' id='word_1_61' title='bbox 150 1396 226 1457; x_wconf 90' lang='lat' dir='ltr'>unde</span> <span class='ocrx_word' id='word_1_62' title='bbox 249 1398 280 1458; x_wconf 93' lang='lat' dir='ltr'>in</span> <span class='ocrx_word' id='word_1_63' title='bbox 303 1397 456 1474; x_wconf 86' lang='lat' dir='ltr'>evangelia</span> <span class='ocrx_word' id='word_1_64' title='bbox 480 1397 535 1478; x_wconf 81' lang='lat' dir='ltr'>(Ie.</span> <span class='ocrx_word' id='word_1_65' title='bbox 557 1394 588 1468; x_wconf 84' lang='lat'>4,</span> <span class='ocrx_word' id='word_1_66' title='bbox 615 1397 662 1480; x_wconf 87' lang='lat' dir='ltr'>ll)</span> <span class='ocrx_word' id='word_1_67' title='bbox 687 1401 753 1460; x_wconf 89' lang='lat' dir='ltr'>lons</span> <span class='ocrx_word' id='word_1_68' title='bbox 776 1398 863 1460; x_wconf 81' lang='lat' dir='ltr'>laceb</span> <span class='ocrx_word' id='word_1_69' title='bbox 886 1407 917 1459; x_wconf 90' lang='lat' dir='ltr'>et</span> <span class='ocrx_word' id='word_1_70' title='bbox 939 1400 1065 1478; x_wconf 71' lang='lat' dir='ltr'>‘puteus</span> <span class='ocrx_word' id='word_1_71' title='bbox 1086 1399 1179 1462; x_wconf 86' lang='lat' dir='ltr'>altus’</span> <span class='ocrx_word' id='word_1_72' title='bbox 1202 1399 1322 1460; x_wconf 85' lang='lat' dir='ltr'>dieitur.</span> 
     </span>
    </p>

    <p class='ocr_par' dir='ltr' id='par_1_5' title="bbox 115 1498 1439 1680">
     <span class='ocr_line' id='line_1_12' title="bbox 115 1498 1439 1580; baseline 0.002 -21"><span class='ocrx_word' id='word_1_73' title='bbox 115 1515 136 1552; x_wconf 80' lang='lat'>1⁰</span> <span class='ocrx_word' id='word_1_74' title='bbox 233 1498 358 1559; x_wconf 85' lang='lat' dir='ltr'>Pilleum</span> <span class='ocrx_word' id='word_1_75' title='bbox 380 1501 499 1576; x_wconf 89' lang='lat' dir='ltr'>generis</span> <span class='ocrx_word' id='word_1_76' title='bbox 522 1502 636 1569; x_wconf 89' lang='lat' dir='ltr'>neutri,</span> <span class='ocrx_word' id='word_1_77' title='bbox 666 1508 697 1561; x_wconf 92' lang='lat' dir='ltr'>ut</span> <span class='ocrx_word' id='word_1_78' title='bbox 720 1500 812 1560; x_wconf 86' lang='lat' dir='ltr'>Varro</span> <span class='ocrx_word' id='word_1_79' title='bbox 841 1502 904 1560; x_wconf 78' lang='lat' dir='ltr'>‘est</span> <span class='ocrx_word' id='word_1_80' title='bbox 925 1500 987 1561; x_wconf 90' lang='lat' dir='ltr'>ibi&#39;</span> <span class='ocrx_word' id='word_1_81' title='bbox 1017 1503 1127 1580; x_wconf 86' lang='lat' dir='ltr'>inquit,</span> <span class='ocrx_word' id='word_1_82' title='bbox 1152 1502 1195 1562; x_wconf 78' lang='lat' dir='ltr'>‘si</span> <span class='ocrx_word' id='word_1_83' title='bbox 1218 1502 1359 1570; x_wconf 81' lang='lat' dir='ltr'>festinas,</span> <span class='ocrx_word' id='word_1_84' title='bbox 1383 1500 1439 1580; x_wconf 93' lang='lat' dir='ltr'>pil·</span> 
     </span>
     <span class='ocr_line' id='line_1_13' title="bbox 148 1598 976 1680; baseline 0.005 -22"><span class='ocrx_word' id='word_1_85' title='bbox 148 1601 255 1672; x_wconf 79' lang='lat' dir='ltr'>leum&#39;.</span> <span class='ocrx_word' id='word_1_86' title='bbox 301 1599 379 1680; x_wconf 89' lang='lat' dir='ltr'>quod</span> <span class='ocrx_word' id='word_1_87' title='bbox 402 1598 549 1662; x_wconf 81' lang='lat' dir='ltr'>Homerus</span> <span class='ocrx_word' id='word_1_88' title='bbox 571 1620 682 1679; x_wconf 78' lang='lat' dir='ltr'>genere</span> <span class='ocrx_word' id='word_1_89' title='bbox 705 1603 868 1664; x_wconf 86' lang='lat' dir='ltr'>masculino</span> <span class='ocrx_word' id='word_1_90' title='bbox 891 1603 976 1662; x_wconf 88' lang='lat' dir='ltr'>dixit.</span> 
     </span>
    </p>

    <p class='ocr_par' dir='ltr' id='par_1_6' title="bbox 149 1701 1440 1883">
     <span class='ocr_line' id='line_1_14' title="bbox 232 1701 1440 1786; baseline 0.003 -25"><span class='ocrx_word' id='word_1_91' title='bbox 232 1702 366 1779; x_wconf 91' lang='lat' dir='ltr'>Pugnum</span> <span class='ocrx_word' id='word_1_92' title='bbox 396 1701 515 1763; x_wconf 86' lang='lat' dir='ltr'>Plautus</span> <span class='ocrx_word' id='word_1_93' title='bbox 546 1703 637 1781; x_wconf 82' lang='lat' dir='ltr'>(capt.</span> <span class='ocrx_word' id='word_1_94' title='bbox 661 1701 773 1774; x_wconf 83' lang='lat'>11112,</span> <span class='ocrx_word' id='word_1_95' title='bbox 801 1702 848 1786; x_wconf 88' lang='grc'>16)</span> <span class='ocrx_word' id='word_1_96' title='bbox 877 1722 987 1782; x_wconf 78' lang='lat' dir='ltr'>genere</span> <span class='ocrx_word' id='word_1_97' title='bbox 1011 1712 1117 1764; x_wconf 86' lang='lat' dir='ltr'>neutra</span> <span class='ocrx_word' id='word_1_98' title='bbox 1139 1705 1227 1772; x_wconf 86' lang='lat' dir='ltr'>dixit,</span> <span class='ocrx_word' id='word_1_99' title='bbox 1257 1705 1346 1766; x_wconf 77' lang='lat' dir='ltr'>‘milri</span> <span class='ocrx_word' id='word_1_100' title='bbox 1368 1705 1440 1765; x_wconf 86' lang='lat' dir='ltr'>haee</span> 
     </span>
     <span class='ocr_line' id='line_1_15' title="bbox 149 1802 1031 1883; baseline 0.006 -23"><span class='ocrx_word' id='word_1_101' title='bbox 149 1802 255 1865; x_wconf 84' lang='lat' dir='ltr'>balista</span> <span class='ocrx_word' id='word_1_102' title='bbox 278 1822 410 1883; x_wconf 88' lang='lat' dir='ltr'>pugnum</span> <span class='ocrx_word' id='word_1_103' title='bbox 435 1806 506 1864; x_wconf 91' lang='lat' dir='ltr'>est&#39;.</span> <span class='ocrx_word' id='word_1_104' title='bbox 553 1806 604 1866; x_wconf 88' lang='lat' dir='ltr'>sed</span> <span class='ocrx_word' id='word_1_105' title='bbox 629 1805 735 1868; x_wconf 90' lang='lat' dir='ltr'>melius</span> <span class='ocrx_word' id='word_1_106' title='bbox 758 1805 956 1868; x_wconf 88' lang='lat' dir='ltr'>masculinum</span> <span class='ocrx_word' id='word_1_107' title='bbox 978 1814 1031 1866; x_wconf 91' lang='lat' dir='ltr'>est.</span> 
     </span>
    </p>

    <p class='ocr_par' dir='ltr' id='par_1_7' title="bbox 232 1904 1106 1988">
     <span class='ocr_line' id='line_1_16' title="bbox 232 1904 1106 1988; baseline 0.005 -24"><span class='ocrx_word' id='word_1_108' title='bbox 232 1904 286 1966; x_wconf 89' lang='lat' dir='ltr'>Pix</span> <span class='ocrx_word' id='word_1_109' title='bbox 308 1909 428 1983; x_wconf 87' lang='lat' dir='ltr'>generis</span> <span class='ocrx_word' id='word_1_110' title='bbox 449 1906 602 1976; x_wconf 78' lang='lat' dir='ltr'>feminini,</span> <span class='ocrx_word' id='word_1_111' title='bbox 626 1916 658 1968; x_wconf 89' lang='lat' dir='ltr'>ut</span> <span class='ocrx_word' id='word_1_112' title='bbox 681 1909 773 1969; x_wconf 87' lang='lat' dir='ltr'>Varro</span> <span class='ocrx_word' id='word_1_113' title='bbox 795 1908 973 1988; x_wconf 72' lang='lat' dir='ltr'>‘Idaeasque</span> <span class='ocrx_word' id='word_1_114' title='bbox 996 1910 1106 1988; x_wconf 88' lang='lat' dir='ltr'>pices&#39;.</span> 
     </span>
    </p>

    <p class='ocr_par' dir='ltr' id='par_1_8' title="bbox 109 2005 1513 2700">
     <span class='ocr_line' id='line_1_17' title="bbox 114 2005 1438 2090; baseline 0.004 -26"><span class='ocrx_word' id='word_1_115' title='bbox 114 2026 134 2064; x_wconf 83' lang='lat' dir='ltr'>rs</span> <span class='ocrx_word' id='word_1_116' title='bbox 232 2005 357 2084; x_wconf 81' lang='lat' dir='ltr'>Pelagus</span> <span class='ocrx_word' id='word_1_117' title='bbox 380 2010 500 2086; x_wconf 88' lang='lat' dir='ltr'>generis</span> <span class='ocrx_word' id='word_1_118' title='bbox 522 2011 638 2080; x_wconf 79' lang='lat' dir='ltr'>neutri,</span> <span class='ocrx_word' id='word_1_119' title='bbox 664 2018 696 2070; x_wconf 92' lang='lat' dir='ltr'>ut</span> <span class='ocrx_word' id='word_1_120' title='bbox 711 2009 851 2088; x_wconf 86' lang='lat' dir='ltr'>Virgilius</span> <span class='ocrx_word' id='word_1_121' title='bbox 873 2009 921 2089; x_wconf 82' lang='grc' dir='ltr'>(Α.</span> <span class='ocrx_word' id='word_1_122' title='bbox 937 2011 959 2069; x_wconf 93' lang='lat' dir='ltr'>V</span> <span class='ocrx_word' id='word_1_123' title='bbox 975 2006 1005 2090; x_wconf 84' lang='lat'>8)</span> <span class='ocrx_word' id='word_1_124' title='bbox 1030 2010 1171 2089; x_wconf 70' lang='lat' dir='ltr'>‘pelagus</span> <span class='ocrx_word' id='word_1_125' title='bbox 1192 2019 1315 2072; x_wconf 88' lang='lat' dir='ltr'>tenuere</span> <span class='ocrx_word' id='word_1_126' title='bbox 1331 2012 1438 2072; x_wconf 89' lang='lat' dir='ltr'>rates’.</span> 
     </span>
     <span class='ocr_line' id='line_1_18' title="bbox 165 2107 1438 2193; baseline 0.005 -29"><span class='ocrx_word' id='word_1_127' title='bbox 165 2157 168 2164; x_wconf 87' lang='lat'>.</span> <span class='ocrx_word' id='word_1_128' title='bbox 232 2107 389 2188; x_wconf 87' lang='lat' dir='ltr'>Praesepia</span> <span class='ocrx_word' id='word_1_129' title='bbox 414 2118 512 2170; x_wconf 89' lang='lat' dir='ltr'>vetant</span> <span class='ocrx_word' id='word_1_130' title='bbox 533 2114 719 2188; x_wconf 84' lang='lat' dir='ltr'>grammatici</span> <span class='ocrx_word' id='word_1_131' title='bbox 752 2112 947 2190; x_wconf 77' lang='lat' dir='ltr'>singulariter</span> <span class='ocrx_word' id='word_1_132' title='bbox 968 2114 1046 2180; x_wconf 62' lang='lat' dir='ltr'>dicu</span> <span class='ocrx_word' id='word_1_133' title='bbox 1076 2120 1107 2171; x_wconf 87' lang='lat' dir='ltr'>et</span> <span class='ocrx_word' id='word_1_134' title='bbox 1129 2113 1165 2172; x_wconf 87' lang='lat' dir='ltr'>de</span> <span class='ocrx_word' id='word_1_135' title='bbox 1189 2108 1193 2193; x_wconf 74' lang='grc'><strong>1</strong></span> <span class='ocrx_word' id='word_1_136' title='bbox 1217 2129 1327 2190; x_wconf 87' lang='lat' dir='ltr'>genere</span> <span class='ocrx_word' id='word_1_137' title='bbox 1350 2130 1438 2191; x_wconf 88' lang='lat' dir='ltr'>quae·</span> 
     </span>
     <span class='ocr_line' id='line_1_19' title="bbox 145 2211 1513 2294; baseline 0.004 -25"><span class='ocrx_word' id='word_1_138' title='bbox 145 2211 233 2270; x_wconf 80' lang='lat' dir='ltr'>nitur.</span> <span class='ocrx_word' id='word_1_139' title='bbox 279 2212 330 2271; x_wconf 87' lang='lat' dir='ltr'>sed</span> <span class='ocrx_word' id='word_1_140' title='bbox 354 2211 446 2272; x_wconf 86' lang='lat' dir='ltr'>Varro</span> <span class='ocrx_word' id='word_1_141' title='bbox 474 2211 548 2272; x_wconf 87' lang='lat' dir='ltr'>lraee</span> <span class='ocrx_word' id='word_1_142' title='bbox 577 2216 730 2294; x_wconf 78' lang='lat' dir='ltr'>prraesepis</span> <span class='ocrx_word' id='word_1_143' title='bbox 753 2221 783 2274; x_wconf 89' lang='lat' dir='ltr'>et</span> <span class='ocrx_word' id='word_1_144' title='bbox 805 2212 874 2274; x_wconf 90' lang='lat' dir='ltr'>alibi</span> <span class='ocrx_word' id='word_1_145' title='bbox 898 2212 954 2273; x_wconf 87' lang='lat' dir='ltr'>hee</span> <span class='ocrx_word' id='word_1_146' title='bbox 976 2232 1132 2293; x_wconf 85' lang='lat' dir='ltr'>praesepe.</span> <span class='ocrx_word' id='word_1_147' title='bbox 1178 2215 1262 2276; x_wconf 86' lang='lat' dir='ltr'>Cotta</span> <span class='ocrx_word' id='word_1_148' title='bbox 1284 2215 1380 2275; x_wconf 73' lang='lat' dir='ltr'>‘nune</span> <span class='ocrx_word' id='word_1_149' title='bbox 1402 2214 1439 2274; x_wconf 90' lang='lat' dir='ltr'>ad</span> <span class='ocrx_word' id='word_1_150' title='bbox 1508 2229 1513 2237; x_wconf 87' lang='lat'>·</span> 
     </span>
     <span class='ocr_line' id='line_1_20' title="bbox 145 2309 1435 2395; baseline 0.004 -24"><span class='ocrx_word' id='word_1_151' title='bbox 145 2314 318 2392; x_wconf 86' lang='lat' dir='ltr'>praesepia&#39;</span> <span class='ocrx_word' id='word_1_152' title='bbox 336 2331 456 2392; x_wconf 88' lang='lat' dir='ltr'>prop...</span> <span class='ocrx_word' id='word_1_153' title='bbox 476 2315 551 2374; x_wconf 75' lang='lat' dir='ltr'>‘trun</span> <span class='ocrx_word' id='word_1_154' title='bbox 568 2309 637 2376; x_wconf 89' lang='lat' dir='ltr'>&#39;snm</span> <span class='ocrx_word' id='word_1_155' title='bbox 651 2317 680 2376; x_wconf 91' lang='lat' dir='ltr'>in</span> <span class='ocrx_word' id='word_1_156' title='bbox 698 2315 895 2394; x_wconf 84' lang='lat' dir='ltr'>praesepibus</span> <span class='ocrx_word' id='word_1_157' title='bbox 908 2314 1025 2384; x_wconf 85' lang='lat' dir='ltr'>bares&#39;,</span> <span class='ocrx_word' id='word_1_158' title='bbox 1042 2323 1072 2376; x_wconf 89' lang='lat' dir='ltr'>et</span> <span class='ocrx_word' id='word_1_159' title='bbox 1087 2315 1230 2392; x_wconf 86' lang='lat' dir='ltr'>Virgilius</span> <span class='ocrx_word' id='word_1_160' title='bbox 1254 2313 1293 2392; x_wconf 71' lang='lat' dir='ltr'>(g.</span> <span class='ocrx_word' id='word_1_161' title='bbox 1309 2312 1435 2395; x_wconf 83' lang='grc'><strong>111495)</strong></span> 
     </span>
     <span class='ocr_line' id='line_1_21' title="bbox 145 2413 1436 2497; baseline 0.002 -23"><span class='ocrx_word' id='word_1_162' title='bbox 145 2413 249 2492; x_wconf 84' lang='lat' dir='ltr'>‘plena</span> <span class='ocrx_word' id='word_1_163' title='bbox 283 2415 320 2474; x_wconf 91' lang='lat' dir='ltr'>ad</span> <span class='ocrx_word' id='word_1_164' title='bbox 352 2419 508 2494; x_wconf 88' lang='lat' dir='ltr'>praesepia</span> <span class='ocrx_word' id='word_1_165' title='bbox 542 2413 683 2495; x_wconf 86' lang='lat' dir='ltr'>pnnunt&#39;.</span> <span class='ocrx_word' id='word_1_166' title='bbox 729 2418 782 2478; x_wconf 89' lang='lat' dir='ltr'>sed</span> <span class='ocrx_word' id='word_1_167' title='bbox 806 2418 1029 2477; x_wconf 88' lang='lat' dir='ltr'>-eensuetudine</span> <span class='ocrx_word' id='word_1_168' title='bbox 1066 2424 1173 2478; x_wconf 87' lang='lat' dir='ltr'>neutro</span> <span class='ocrx_word' id='word_1_169' title='bbox 1203 2435 1314 2495; x_wconf 85' lang='lat' dir='ltr'>genere</span> <span class='ocrx_word' id='word_1_170' title='bbox 1351 2435 1436 2497; x_wconf 86' lang='lat' dir='ltr'>prae-</span> 
     </span>
     <span class='ocr_line' id='line_1_22' title="bbox 109 2517 294 2576; baseline 0.038 -7"><span class='ocrx_word' id='word_1_171' title='bbox 109 2523 200 2576; x_wconf 72' lang='lat' dir='ltr'>snslat</span> <span class='ocrx_word' id='word_1_172' title='bbox 223 2517 294 2576; x_wconf 89' lang='lat' dir='ltr'>diei.</span> 
     </span>
     <span class='ocr_line' id='line_1_23' title="bbox 229 2617 1017 2700; baseline 0.001 -22"><span class='ocrx_word' id='word_1_173' title='bbox 229 2617 288 2680; x_wconf 88' lang='lat' dir='ltr'>Pax</span> <span class='ocrx_word' id='word_1_174' title='bbox 312 2621 434 2696; x_wconf 88' lang='lat' dir='ltr'>generis</span> <span class='ocrx_word' id='word_1_175' title='bbox 457 2620 593 2681; x_wconf 76' lang='lat' dir='ltr'>seminini</span> <span class='ocrx_word' id='word_1_176' title='bbox 617 2629 646 2680; x_wconf 88' lang='lat' dir='ltr'>et</span> <span class='ocrx_word' id='word_1_177' title='bbox 669 2619 815 2700; x_wconf 86' lang='lat' dir='ltr'>pluralem</span> <span class='ocrx_word' id='word_1_178' title='bbox 837 2639 897 2680; x_wconf 90' lang='lat' dir='ltr'>nnn</span> <span class='ocrx_word' id='word_1_179' title='bbox 920 2618 1017 2681; x_wconf 87' lang='lat' dir='ltr'>habet.</span> 
     </span>
    </p>
   </div>
   <div class='ocr_carea' id='block_1_3' title="bbox 233 2856 1525 2923">
    <p class='ocr_par' dir='ltr' id='par_1_9' title="bbox 233 2856 1525 2923">
     <span class='ocr_line' id='line_1_24' title="bbox 233 2856 1525 2923; baseline -0.001 -15"><span class='ocrx_word' id='word_1_180' title='bbox 233 2856 608 2923; x_wconf 78' lang='lat' dir='ltr'>lperdianu.&#39;218Pr·ise.</span> <span class='ocrx_word' id='word_1_181' title='bbox 631 2858 740 2919; x_wconf 74' lang='grc' dir='ltr'><strong>169,1.ἰ</strong></span> <span class='ocrx_word' id='word_1_182' title='bbox 825 2860 1019 2923; x_wconf 74' lang='lat' dir='ltr'>{rpraetextnm</span> <span class='ocrx_word' id='word_1_183' title='bbox 1038 2858 1112 2908; x_wconf 81' lang='lat' dir='ltr'>Cdar.</span> <span class='ocrx_word' id='word_1_184' title='bbox 1134 2856 1212 2921; x_wconf 68' lang='lat' dir='ltr'>ute</span> <span class='ocrx_word' id='word_1_185' title='bbox 1282 2859 1315 2909; x_wconf 91' lang='lat'>10</span> <span class='ocrx_word' id='word_1_186' title='bbox 1332 2858 1436 2923; x_wconf 84' lang='lat' dir='ltr'>pilleum</span> <span class='ocrx_word' id='word_1_187' title='bbox 1522 2887 1525 2894; x_wconf 86' lang='lat'>·</span> 
     </span>
    </p>
   </div>
   <div class='ocr_carea' id='block_1_4' title="bbox 143 2923 1437 3063">
    <p class='ocr_par' dir='ltr' id='par_1_10' title="bbox 143 2923 1437 3063">
     <span class='ocr_line' id='line_1_25' title="bbox 145 2923 1437 2994; baseline 0.003 -20"><span class='ocrx_word' id='word_1_188' title='bbox 145 2928 277 2980; x_wconf 54' lang='grc'>19071229</span> <span class='ocrx_word' id='word_1_189' title='bbox 350 2930 379 2979; x_wconf 80' lang='lat' dir='ltr'>la</span> <span class='ocrx_word' id='word_1_190' title='bbox 400 2932 443 2992; x_wconf 86' lang='lat' dir='ltr'>p&#39;x</span> <span class='ocrx_word' id='word_1_191' title='bbox 462 2929 538 2981; x_wconf 76' lang='lat' dir='ltr'>Clean.</span> <span class='ocrx_word' id='word_1_192' title='bbox 558 2929 601 2987; x_wconf 85' lang='lat' dir='ltr'>tu,</span> <span class='ocrx_word' id='word_1_193' title='bbox 620 2930 653 2978; x_wconf 83' lang='grc'>29</span> <span class='ocrx_word' id='word_1_194' title='bbox 708 2930 740 2979; x_wconf 78' lang='grc'>15</span> <span class='ocrx_word' id='word_1_195' title='bbox 759 2929 867 2994; x_wconf 85' lang='lat' dir='ltr'>pelagus</span> <span class='ocrx_word' id='word_1_196' title='bbox 885 2923 1037 2983; x_wconf 68' lang='lat' dir='ltr'>manans.</span> <span class='ocrx_word' id='word_1_197' title='bbox 1056 2930 1072 2977; x_wconf 84' lang='grc'>4</span> <span class='ocrx_word' id='word_1_198' title='bbox 1092 2928 1154 2989; x_wconf 85' lang='lat' dir='ltr'>Gap.</span> <span class='ocrx_word' id='word_1_199' title='bbox 1175 2926 1244 2976; x_wconf 79' lang='grc'><strong>2219</strong></span> <span class='ocrx_word' id='word_1_200' title='bbox 1316 2929 1437 2993; x_wconf 82' lang='lat' dir='ltr'>ldprae·</span> 
     </span>
     <span class='ocr_line' id='line_1_26' title="bbox 143 2996 1351 3063; baseline 0.002 -19"><span class='ocrx_word' id='word_1_201' title='bbox 143 2998 215 3060; x_wconf 83' lang='lat' dir='ltr'>sepia</span> <span class='ocrx_word' id='word_1_202' title='bbox 233 2998 310 3051; x_wconf 82' lang='lat' dir='ltr'>Clrur.</span> <span class='ocrx_word' id='word_1_203' title='bbox 331 2996 373 3060; x_wconf 81' lang='grc'>59,</span> <span class='ocrx_word' id='word_1_204' title='bbox 393 2999 418 3047; x_wconf 96' lang='lat' dir='ltr'>ll</span> <span class='ocrx_word' id='word_1_205' title='bbox 443 2998 506 3047; x_wconf 84' lang='lat' dir='ltr'>d&#39;oa.</span> <span class='ocrx_word' id='word_1_206' title='bbox 528 3000 578 3049; x_wconf 78' lang='lat' dir='ltr'>als</span> <span class='ocrx_word' id='word_1_207' title='bbox 598 2998 675 3049; x_wconf 81' lang='lat' dir='ltr'>Prub.</span> <span class='ocrx_word' id='word_1_208' title='bbox 696 3000 720 3058; x_wconf 79' lang='lat' dir='ltr'>tt,</span> <span class='ocrx_word' id='word_1_209' title='bbox 739 3000 754 3047; x_wconf 82' lang='lat'><strong>3</strong></span> <span class='ocrx_word' id='word_1_210' title='bbox 807 2999 839 3048; x_wconf 87' lang='grc'>21</span> <span class='ocrx_word' id='word_1_211' title='bbox 859 3014 911 3063; x_wconf 83' lang='lat' dir='ltr'>pax</span> <span class='ocrx_word' id='word_1_212' title='bbox 928 3012 984 3047; x_wconf 77' lang='lat' dir='ltr'>exc.</span> <span class='ocrx_word' id='word_1_213' title='bbox 1004 2997 1081 3050; x_wconf 83' lang='lat' dir='ltr'>Cdar,</span> <span class='ocrx_word' id='word_1_214' title='bbox 1101 2996 1195 3060; x_wconf 78' lang='lat'><strong>548,8</strong></span> <span class='ocrx_word' id='word_1_215' title='bbox 1215 2997 1278 3046; x_wconf 84' lang='lat' dir='ltr'>Nea.</span> <span class='ocrx_word' id='word_1_216' title='bbox 1301 2998 1351 3048; x_wconf 78' lang='grc'>119</span> 
     </span>
    </p>
   </div>
   <div class='ocr_carea' id='block_1_5' title="bbox 132 3201 1444 4875">
    <p class='ocr_par' dir='ltr' id='par_1_11' title="bbox 138 3201 1437 3686">
     <span class='ocr_line' id='line_1_27' title="bbox 228 3201 1435 3269; baseline 0.001 -18"><span class='ocrx_word' id='word_1_217' title='bbox 228 3202 240 3251; x_wconf 95' lang='lat' dir='ltr'>l</span> <span class='ocrx_word' id='word_1_218' title='bbox 263 3201 354 3269; x_wconf 82' lang='lat' dir='ltr'>Varro]</span> <span class='ocrx_word' id='word_1_219' title='bbox 377 3204 467 3267; x_wconf 83' lang='lat' dir='ltr'>perdix</span> <span class='ocrx_word' id='word_1_220' title='bbox 487 3213 511 3253; x_wconf 89' lang='lat' dir='ltr'>et</span> <span class='ocrx_word' id='word_1_221' title='bbox 534 3204 671 3253; x_wconf 82' lang='lat' dir='ltr'>masculino</span> <span class='ocrx_word' id='word_1_222' title='bbox 694 3219 788 3269; x_wconf 84' lang='lat' dir='ltr'>genere</span> <span class='ocrx_word' id='word_1_223' title='bbox 810 3202 860 3252; x_wconf 87' lang='lat' dir='ltr'>diei</span> <span class='ocrx_word' id='word_1_224' title='bbox 886 3210 982 3267; x_wconf 88' lang='lat' dir='ltr'>potest:</span> <span class='ocrx_word' id='word_1_225' title='bbox 1002 3204 1082 3251; x_wconf 87' lang='lat' dir='ltr'>Varro</span> <span class='ocrx_word' id='word_1_226' title='bbox 1102 3202 1129 3251; x_wconf 90' lang='lat' dir='ltr'>in</span> <span class='ocrx_word' id='word_1_227' title='bbox 1144 3202 1302 3251; x_wconf 76' lang='lat' dir='ltr'>admirandis</span> <span class='ocrx_word' id='word_1_228' title='bbox 1319 3203 1435 3267; x_wconf 84' lang='lat' dir='ltr'>perdices</span> 
     </span>
     <span class='ocr_line' id='line_1_28' title="bbox 140 3270 1437 3339; baseline 0.002 -20"><span class='ocrx_word' id='word_1_229' title='bbox 140 3270 259 3321; x_wconf 83' lang='lat' dir='ltr'>boeotius</span> <span class='ocrx_word' id='word_1_230' title='bbox 280 3272 382 3324; x_wconf 85' lang='lat' dir='ltr'>Nonius.</span> <span class='ocrx_word' id='word_1_231' title='bbox 403 3288 490 3322; x_wconf 82' lang='lat' dir='ltr'>uersus</span> <span class='ocrx_word' id='word_1_232' title='bbox 505 3276 547 3337; x_wconf 83' lang='lat' dir='ltr'>qui</span> <span class='ocrx_word' id='word_1_233' title='bbox 564 3276 678 3339; x_wconf 83' lang='lat' dir='ltr'>sequitur</span> <span class='ocrx_word' id='word_1_234' title='bbox 699 3284 737 3325; x_wconf 82' lang='lat' dir='ltr'>ert</span> <span class='ocrx_word' id='word_1_235' title='bbox 759 3272 842 3323; x_wconf 86' lang='lat' dir='ltr'>Ouidii</span> <span class='ocrx_word' id='word_1_236' title='bbox 864 3281 959 3323; x_wconf 82' lang='lat' dir='ltr'>metam</span> <span class='ocrx_word' id='word_1_237' title='bbox 981 3272 1037 3321; x_wconf 90' lang='lat' dir='ltr'>Vlil</span> <span class='ocrx_word' id='word_1_238' title='bbox 1057 3272 1107 3323; x_wconf 81' lang='grc'>297</span> <span class='ocrx_word' id='word_1_239' title='bbox 1190 3271 1207 3322; x_wconf 85' lang='lat'><strong>3</strong></span> <span class='ocrx_word' id='word_1_240' title='bbox 1227 3274 1382 3337; x_wconf 88' lang='lat' dir='ltr'>parsimonia</span> <span class='ocrx_word' id='word_1_241' title='bbox 1399 3277 1437 3321; x_wconf 85' lang='lat' dir='ltr'>uel</span> 
     </span>
     <span class='ocr_line' id='line_1_29' title="bbox 140 3342 1437 3408; baseline 0.004 -20"><span class='ocrx_word' id='word_1_242' title='bbox 140 3343 328 3405; x_wconf 84' lang='lat' dir='ltr'>parsimoniam</span> <span class='ocrx_word' id='word_1_243' title='bbox 348 3344 418 3405; x_wconf 83' lang='lat' dir='ltr'>apud</span> <span class='ocrx_word' id='word_1_244' title='bbox 432 3344 567 3407; x_wconf 74' lang='lat' dir='ltr'>Vergilium</span> <span class='ocrx_word' id='word_1_245' title='bbox 583 3360 631 3393; x_wconf 88' lang='lat' dir='ltr'>aon</span> <span class='ocrx_word' id='word_1_246' title='bbox 648 3347 746 3408; x_wconf 77' lang='lat' dir='ltr'>legitur.</span> <span class='ocrx_word' id='word_1_247' title='bbox 767 3343 951 3408; x_wconf 84' lang='lat' dir='ltr'>parsimoniam</span> <span class='ocrx_word' id='word_1_248' title='bbox 970 3352 1071 3407; x_wconf 87' lang='lat' dir='ltr'>tempus</span> <span class='ocrx_word' id='word_1_249' title='bbox 1084 3342 1133 3391; x_wconf 86' lang='lat' dir='ltr'>ribi</span> <span class='ocrx_word' id='word_1_250' title='bbox 1151 3344 1256 3393; x_wconf 77' lang='lat' dir='ltr'>coniecit</span> <span class='ocrx_word' id='word_1_251' title='bbox 1268 3343 1301 3392; x_wconf 84' lang='lat' dir='ltr'>R.</span> <span class='ocrx_word' id='word_1_252' title='bbox 1319 3345 1437 3407; x_wconf 72' lang='lat' dir='ltr'>Vagenses</span> 
     </span>
     <span class='ocr_line' id='line_1_30' title="bbox 139 3412 1435 3479; baseline 0.002 -20"><span class='ocrx_word' id='word_1_253' title='bbox 139 3412 170 3459; x_wconf 85' lang='lat' dir='ltr'>de</span> <span class='ocrx_word' id='word_1_254' title='bbox 189 3412 268 3476; x_wconf 77' lang='lat' dir='ltr'>Valp.</span> <span class='ocrx_word' id='word_1_255' title='bbox 288 3428 359 3477; x_wconf 86' lang='lat' dir='ltr'>poem</span> <span class='ocrx_word' id='word_1_256' title='bbox 394 3428 420 3476; x_wconf 91' lang='lat' dir='ltr'>p.</span> <span class='ocrx_word' id='word_1_257' title='bbox 440 3414 504 3464; x_wconf 87' lang='grc'><strong>219.</strong></span> <span class='ocrx_word' id='word_1_258' title='bbox 531 3416 598 3478; x_wconf 79' lang='lat' dir='ltr'>pared</span> <span class='ocrx_word' id='word_1_259' title='bbox 615 3418 698 3463; x_wconf 77' lang='lat' dir='ltr'>aeneio</span> <span class='ocrx_word' id='word_1_260' title='bbox 719 3431 767 3479; x_wconf 81' lang='lat' dir='ltr'>quo</span> <span class='ocrx_word' id='word_1_261' title='bbox 786 3415 857 3463; x_wconf 81' lang='lat' dir='ltr'>modo</span> <span class='ocrx_word' id='word_1_262' title='bbox 882 3413 919 3460; x_wconf 83' lang='lat' dir='ltr'>ad</span> <span class='ocrx_word' id='word_1_263' title='bbox 936 3412 1016 3465; x_wconf 80' lang='lat' dir='ltr'>Prud.</span> <span class='ocrx_word' id='word_1_264' title='bbox 1034 3412 1100 3462; x_wconf 77' lang='lat' dir='ltr'>reid.</span> <span class='ocrx_word' id='word_1_265' title='bbox 1117 3414 1147 3468; x_wconf 83' lang='lat'>7.</span> <span class='ocrx_word' id='word_1_266' title='bbox 1169 3414 1186 3460; x_wconf 80' lang='lat' dir='ltr'>:t</span> <span class='ocrx_word' id='word_1_267' title='bbox 1204 3412 1306 3476; x_wconf 84' lang='lat' dir='ltr'>adesto,</span> <span class='ocrx_word' id='word_1_268' title='bbox 1326 3412 1435 3475; x_wconf 79' lang='lat' dir='ltr'>Christe,</span> 
     </span>
     <span class='ocr_line' id='line_1_31' title="bbox 138 3482 1435 3548; baseline 0.005 -23"><span class='ocrx_word' id='word_1_269' title='bbox 138 3482 218 3531; x_wconf 80' lang='lat' dir='ltr'>rastis</span> <span class='ocrx_word' id='word_1_270' title='bbox 240 3484 403 3546; x_wconf 78' lang='lat' dir='ltr'>parsimoniis</span> <span class='ocrx_word' id='word_1_271' title='bbox 431 3484 528 3544; x_wconf 77' lang='lat' dir='ltr'>referri</span> <span class='ocrx_word' id='word_1_272' title='bbox 549 3486 625 3533; x_wconf 84' lang='lat' dir='ltr'>voluit</span> <span class='ocrx_word' id='word_1_273' title='bbox 694 3486 710 3533; x_wconf 82' lang='lat'>5</span> <span class='ocrx_word' id='word_1_274' title='bbox 733 3486 798 3531; x_wconf 89' lang='lat' dir='ltr'>uicet</span> <span class='ocrx_word' id='word_1_275' title='bbox 818 3482 884 3531; x_wconf 87' lang='lat' dir='ltr'>MV</span> <span class='ocrx_word' id='word_1_276' title='bbox 950 3482 1107 3547; x_wconf 75' lang='lat' dir='ltr'>praetexitur</span> <span class='ocrx_word' id='word_1_277' title='bbox 1125 3483 1187 3531; x_wconf 80' lang='lat' dir='ltr'>dicit</span> <span class='ocrx_word' id='word_1_278' title='bbox 1206 3482 1274 3531; x_wconf 87' lang='lat' dir='ltr'>MV</span> <span class='ocrx_word' id='word_1_279' title='bbox 1339 3482 1435 3548; x_wconf 79' lang='lat' dir='ltr'>diega</span> 
     </span>
     <span class='ocr_line' id='line_1_32' title="bbox 139 3551 1436 3619; baseline 0.002 -20"><span class='ocrx_word' id='word_1_280' title='bbox 139 3562 278 3617; x_wconf 85' lang='lat' dir='ltr'>praecepta</span> <span class='ocrx_word' id='word_1_281' title='bbox 299 3554 323 3601; x_wconf 94' lang='lat' dir='ltr'><em>V</em></span> <span class='ocrx_word' id='word_1_282' title='bbox 393 3553 408 3601; x_wconf 89' lang='lat' dir='ltr'>&#39;l</span> <span class='ocrx_word' id='word_1_283' title='bbox 429 3563 517 3616; x_wconf 87' lang='lat' dir='ltr'>potens</span> <span class='ocrx_word' id='word_1_284' title='bbox 534 3555 566 3605; x_wconf 87' lang='lat' dir='ltr'>L.</span> <span class='ocrx_word' id='word_1_285' title='bbox 587 3555 702 3617; x_wconf 74' lang='lat' dir='ltr'>fortuma</span> <span class='ocrx_word' id='word_1_286' title='bbox 717 3564 808 3619; x_wconf 87' lang='lat' dir='ltr'>puteus</span> <span class='ocrx_word' id='word_1_287' title='bbox 827 3552 930 3618; x_wconf 85' lang='lat' dir='ltr'>generis</span> <span class='ocrx_word' id='word_1_288' title='bbox 944 3552 1085 3612; x_wconf 78' lang='lat' dir='ltr'>masculini,</span> <span class='ocrx_word' id='word_1_289' title='bbox 1103 3553 1169 3600; x_wconf 86' lang='lat' dir='ltr'>unde</span> <span class='ocrx_word' id='word_1_290' title='bbox 1185 3553 1209 3600; x_wconf 91' lang='lat' dir='ltr'>in</span> <span class='ocrx_word' id='word_1_291' title='bbox 1224 3551 1358 3617; x_wconf 85' lang='lat' dir='ltr'>evangelio</span> <span class='ocrx_word' id='word_1_292' title='bbox 1378 3552 1436 3601; x_wconf 80' lang='lat' dir='ltr'>loris</span> 
     </span>
     <span class='ocr_line' id='line_1_33' title="bbox 140 3619 1435 3686; baseline 0.003 -18"><span class='ocrx_word' id='word_1_293' title='bbox 140 3622 215 3669; x_wconf 84' lang='lat' dir='ltr'>laceb</span> <span class='ocrx_word' id='word_1_294' title='bbox 233 3634 324 3685; x_wconf 86' lang='lat' dir='ltr'>puteus</span> <span class='ocrx_word' id='word_1_295' title='bbox 342 3621 408 3670; x_wconf 83' lang='lat' dir='ltr'>altus</span> <span class='ocrx_word' id='word_1_296' title='bbox 428 3623 527 3675; x_wconf 87' lang='lat' dir='ltr'>dieitur.</span> <span class='ocrx_word' id='word_1_297' title='bbox 549 3624 592 3673; x_wconf 84' lang='lat' dir='ltr'>sed</span> <span class='ocrx_word' id='word_1_298' title='bbox 608 3624 671 3672; x_wconf 83' lang='lat' dir='ltr'>nrirs</span> <span class='ocrx_word' id='word_1_299' title='bbox 690 3624 714 3672; x_wconf 93' lang='lat' dir='ltr'>in</span> <span class='ocrx_word' id='word_1_300' title='bbox 730 3624 826 3686; x_wconf 88' lang='lat' dir='ltr'>reliquo</span> <span class='ocrx_word' id='word_1_301' title='bbox 843 3634 891 3677; x_wconf 88' lang='lat' dir='ltr'>ete.</span> <span class='ocrx_word' id='word_1_302' title='bbox 945 3622 962 3671; x_wconf 84' lang='lat'>8</span> <span class='ocrx_word' id='word_1_303' title='bbox 980 3622 1032 3671; x_wconf 89' lang='lat' dir='ltr'>itali</span> <span class='ocrx_word' id='word_1_304' title='bbox 1051 3620 1081 3669; x_wconf 91' lang='lat' dir='ltr'><em>M</em></span> <span class='ocrx_word' id='word_1_305' title='bbox 1134 3619 1235 3685; x_wconf 72' lang='lat' dir='ltr'>orons]</span> <span class='ocrx_word' id='word_1_306' title='bbox 1258 3621 1351 3671; x_wconf 82' lang='lat' dir='ltr'>iontem</span> <span class='ocrx_word' id='word_1_307' title='bbox 1370 3622 1435 3672; x_wconf 88' lang='lat' dir='ltr'>MV</span> 
     </span>
    </p>

    <p class='ocr_par' dir='ltr' id='par_1_12' title="bbox 132 3690 1444 4875">
     <span class='ocr_line' id='line_1_34' title="bbox 200 3690 1431 3757; baseline 0 -16"><span class='ocrx_word' id='word_1_308' title='bbox 200 3690 234 3741; x_wconf 89' lang='lat'>10</span> <span class='ocrx_word' id='word_1_309' title='bbox 254 3692 355 3756; x_wconf 85' lang='lat' dir='ltr'>pilleum</span> <span class='ocrx_word' id='word_1_310' title='bbox 372 3692 426 3741; x_wconf 84' lang='lat' dir='ltr'>Otto</span> <span class='ocrx_word' id='word_1_311' title='bbox 442 3692 550 3757; x_wconf 84' lang='lat' dir='ltr'>pelleum</span> <span class='ocrx_word' id='word_1_312' title='bbox 568 3702 623 3742; x_wconf 82' lang='lat' dir='ltr'>utro</span> <span class='ocrx_word' id='word_1_313' title='bbox 642 3710 671 3742; x_wconf 87' lang='lat' dir='ltr'>us</span> <span class='ocrx_word' id='word_1_314' title='bbox 689 3696 742 3741; x_wconf 83' lang='lat' dir='ltr'>loco</span> <span class='ocrx_word' id='word_1_315' title='bbox 756 3692 787 3741; x_wconf 90' lang='lat' dir='ltr'><em>M</em></span> <span class='ocrx_word' id='word_1_316' title='bbox 796 3694 824 3743; x_wconf 90' lang='lat' dir='ltr'><em>V</em></span> <span class='ocrx_word' id='word_1_317' title='bbox 839 3692 987 3756; x_wconf 78' lang='lat' dir='ltr'>pylienmh</span> <span class='ocrx_word' id='word_1_318' title='bbox 1005 3690 1117 3739; x_wconf 84' lang='lat' dir='ltr'>Pteleum</span> <span class='ocrx_word' id='word_1_319' title='bbox 1135 3694 1238 3741; x_wconf 82' lang='lat' dir='ltr'>coniecit</span> <span class='ocrx_word' id='word_1_320' title='bbox 1252 3692 1379 3755; x_wconf 80' lang='lat' dir='ltr'>Harrpliua</span> <span class='ocrx_word' id='word_1_321' title='bbox 1392 3709 1431 3741; x_wconf 85' lang='lat' dir='ltr'>re·</span> 
     </span>
     <span class='ocr_line' id='line_1_35' title="bbox 134 3760 1433 3828; baseline 0.002 -20"><span class='ocrx_word' id='word_1_322' title='bbox 134 3760 227 3821; x_wconf 80' lang='lat' dir='ltr'>serens</span> <span class='ocrx_word' id='word_1_323' title='bbox 243 3763 280 3811; x_wconf 82' lang='lat' dir='ltr'>orl</span> <span class='ocrx_word' id='word_1_324' title='bbox 293 3762 365 3814; x_wconf 82' lang='lat' dir='ltr'>Horu.</span> <span class='ocrx_word' id='word_1_325' title='bbox 380 3762 412 3813; x_wconf 90' lang='lat' dir='ltr'>Il.</span> <span class='ocrx_word' id='word_1_326' title='bbox 428 3760 515 3812; x_wconf 71' lang='lat' dir='ltr'>Beni</span> <span class='ocrx_word' id='word_1_327' title='bbox 529 3761 657 3813; x_wconf 78' lang='lat' dir='ltr'>Heeieov</span> <span class='ocrx_word' id='word_1_328' title='bbox 670 3761 822 3828; x_wconf 71' lang='grc' dir='ltr'><strong>λεχεποίην</strong></span> <span class='ocrx_word' id='word_1_329' title='bbox 874 3760 908 3826; x_wconf 87' lang='lat' dir='ltr'>si]</span> <span class='ocrx_word' id='word_1_330' title='bbox 928 3777 956 3811; x_wconf 91' lang='lat' dir='ltr'>se</span> <span class='ocrx_word' id='word_1_331' title='bbox 971 3760 1038 3809; x_wconf 91' lang='lat' dir='ltr'>MV</span> <span class='ocrx_word' id='word_1_332' title='bbox 1087 3760 1209 3810; x_wconf 77' lang='lat' dir='ltr'>festinans</span> <span class='ocrx_word' id='word_1_333' title='bbox 1228 3760 1262 3809; x_wconf 89' lang='lat' dir='ltr'><em>M</em></span> <span class='ocrx_word' id='word_1_334' title='bbox 1316 3760 1344 3812; x_wconf 91' lang='lat' dir='ltr'>ll</span> <span class='ocrx_word' id='word_1_335' title='bbox 1365 3778 1433 3811; x_wconf 85' lang='lat' dir='ltr'>nme-</span> 
     </span>
     <span class='ocr_line' id='line_1_36' title="bbox 137 3822 1381 3897; baseline 0.002 -19"><span class='ocrx_word' id='word_1_336' title='bbox 137 3846 180 3878; x_wconf 90' lang='lat' dir='ltr'>rns</span> <span class='ocrx_word' id='word_1_337' title='bbox 205 3832 233 3879; x_wconf 92' lang='lat' dir='ltr'><em>V</em></span> <span class='ocrx_word' id='word_1_338' title='bbox 246 3831 329 3879; x_wconf 73' lang='lat' dir='ltr'>anteri</span> <span class='ocrx_word' id='word_1_339' title='bbox 346 3830 388 3879; x_wconf 90' lang='lat' dir='ltr'>M:</span> <span class='ocrx_word' id='word_1_340' title='bbox 410 3830 440 3884; x_wconf 80' lang='lat' dir='ltr'>ll.</span> <span class='ocrx_word' id='word_1_341' title='bbox 458 3832 485 3879; x_wconf 89' lang='lat' dir='ltr'><em>K</em></span> <span class='ocrx_word' id='word_1_342' title='bbox 502 3832 552 3881; x_wconf 79' lang='lat'>265</span> <span class='ocrx_word' id='word_1_343' title='bbox 573 3823 662 3897; x_wconf 80' lang='grc' dir='ltr'>μέσσῃ</span> <span class='ocrx_word' id='word_1_344' title='bbox 675 3827 703 3879; x_wconf 79' lang='grc' dir='ltr'>δ’</span> <span class='ocrx_word' id='word_1_345' title='bbox 718 3822 761 3880; x_wconf 79' lang='lat' dir='ltr'>ivl</span> <span class='ocrx_word' id='word_1_346' title='bbox 775 3832 859 3889; x_wconf 74' lang='lat' dir='ltr'>ailoe</span> <span class='ocrx_word' id='word_1_347' title='bbox 871 3823 972 3896; x_wconf 69' lang='grc' dir='ltr'><strong>ἀρήρει</strong></span> <span class='ocrx_word' id='word_1_348' title='bbox 1027 3831 1058 3880; x_wconf 79' lang='grc'>12</span> <span class='ocrx_word' id='word_1_349' title='bbox 1075 3846 1175 3896; x_wconf 85' lang='lat' dir='ltr'>pugnus</span> <span class='ocrx_word' id='word_1_350' title='bbox 1188 3846 1248 3895; x_wconf 74' lang='lat' dir='ltr'>gen.</span> <span class='ocrx_word' id='word_1_351' title='bbox 1265 3832 1381 3880; x_wconf 53' lang='lat' dir='ltr'>mesela</span> 
     </span>
     <span class='ocr_line' id='line_1_37' title="bbox 137 3897 1433 3963; baseline 0.003 -17"><span class='ocrx_word' id='word_1_352' title='bbox 137 3900 223 3949; x_wconf 85' lang='lat' dir='ltr'>lautus</span> <span class='ocrx_word' id='word_1_353' title='bbox 239 3899 271 3948; x_wconf 91' lang='lat' dir='ltr'><em>M</em></span> <span class='ocrx_word' id='word_1_354' title='bbox 325 3899 357 3950; x_wconf 84' lang='lat'>13</span> <span class='ocrx_word' id='word_1_355' title='bbox 371 3902 416 3950; x_wconf 90' lang='lat' dir='ltr'>sed</span> <span class='ocrx_word' id='word_1_356' title='bbox 433 3916 494 3949; x_wconf 91' lang='lat' dir='ltr'>mas.</span> <span class='ocrx_word' id='word_1_357' title='bbox 508 3902 597 3949; x_wconf 87' lang='lat' dir='ltr'>melius</span> <span class='ocrx_word' id='word_1_358' title='bbox 610 3912 647 3948; x_wconf 85' lang='lat' dir='ltr'>est</span> <span class='ocrx_word' id='word_1_359' title='bbox 662 3900 695 3949; x_wconf 93' lang='lat' dir='ltr'><em>M</em></span> <span class='ocrx_word' id='word_1_360' title='bbox 744 3900 774 3949; x_wconf 81' lang='lat' dir='ltr'>lt</span> <span class='ocrx_word' id='word_1_361' title='bbox 788 3897 878 3963; x_wconf 85' lang='lat' dir='ltr'>Varrn]</span> <span class='ocrx_word' id='word_1_362' title='bbox 894 3903 926 3949; x_wconf 88' lang='lat' dir='ltr'>de</span> <span class='ocrx_word' id='word_1_363' title='bbox 937 3900 1100 3949; x_wconf 78' lang='lat' dir='ltr'>similitudine</span> <span class='ocrx_word' id='word_1_364' title='bbox 1114 3902 1247 3951; x_wconf 85' lang='lat' dir='ltr'>verborum</span> <span class='ocrx_word' id='word_1_365' title='bbox 1260 3901 1280 3949; x_wconf 92' lang='lat' dir='ltr'>ll</span> <span class='ocrx_word' id='word_1_366' title='bbox 1296 3901 1433 3951; x_wconf 76' lang='lat' dir='ltr'>Charisius.</span> 
     </span>
     <span class='ocr_line' id='line_1_38' title="bbox 136 3968 1426 4036; baseline 0.001 -17"><span class='ocrx_word' id='word_1_367' title='bbox 136 3972 278 4032; x_wconf 73' lang='lat' dir='ltr'>eneruplum</span> <span class='ocrx_word' id='word_1_368' title='bbox 297 3971 364 4034; x_wconf 85' lang='lat' dir='ltr'>quod</span> <span class='ocrx_word' id='word_1_369' title='bbox 380 3972 493 4036; x_wconf 81' lang='lat' dir='ltr'>sequitur</span> <span class='ocrx_word' id='word_1_370' title='bbox 510 3979 547 4020; x_wconf 87' lang='lat' dir='ltr'>eat</span> <span class='ocrx_word' id='word_1_371' title='bbox 567 3971 674 4034; x_wconf 76' lang='lat' dir='ltr'>Vergilii</span> <span class='ocrx_word' id='word_1_372' title='bbox 685 3984 773 4034; x_wconf 69' lang='lat' dir='ltr'>georg.</span> <span class='ocrx_word' id='word_1_373' title='bbox 792 3968 894 4019; x_wconf 84' lang='grc'><strong>111450</strong></span> <span class='ocrx_word' id='word_1_374' title='bbox 965 3972 997 4021; x_wconf 75' lang='lat' dir='ltr'>ta</span> <span class='ocrx_word' id='word_1_375' title='bbox 1016 3972 1119 4035; x_wconf 87' lang='lat' dir='ltr'>pilagus</span> <span class='ocrx_word' id='word_1_376' title='bbox 1137 3978 1242 4035; x_wconf 68' lang='lat' dir='ltr'>unoque</span> <span class='ocrx_word' id='word_1_377' title='bbox 1259 3972 1314 4019; x_wconf 85' lang='lat' dir='ltr'>loeo</span> <span class='ocrx_word' id='word_1_378' title='bbox 1336 3970 1369 4020; x_wconf 99' lang='grc' dir='ltr'><em>Μ</em></span> <span class='ocrx_word' id='word_1_379' title='bbox 1386 3986 1426 4036; x_wconf 72' lang='lat' dir='ltr'>pp·</span> 
     </span>
     <span class='ocr_line' id='line_1_39' title="bbox 137 4036 1434 4105; baseline 0.002 -19"><span class='ocrx_word' id='word_1_380' title='bbox 137 4039 213 4103; x_wconf 87' lang='lat' dir='ltr'>lngus</span> <span class='ocrx_word' id='word_1_381' title='bbox 239 4042 267 4089; x_wconf 97' lang='lat' dir='ltr'><em>V</em></span> <span class='ocrx_word' id='word_1_382' title='bbox 284 4041 434 4103; x_wconf 86' lang='lat' dir='ltr'>pillabusL</span> <span class='ocrx_word' id='word_1_383' title='bbox 504 4050 598 4091; x_wconf 85' lang='lat' dir='ltr'>temere</span> <span class='ocrx_word' id='word_1_384' title='bbox 617 4038 688 4089; x_wconf 92' lang='lat' dir='ltr'>MV</span> <span class='ocrx_word' id='word_1_385' title='bbox 757 4038 788 4089; x_wconf 83' lang='grc'>16</span> <span class='ocrx_word' id='word_1_386' title='bbox 803 4040 947 4104; x_wconf 86' lang='lat' dir='ltr'>presepium</span> <span class='ocrx_word' id='word_1_387' title='bbox 966 4054 1026 4105; x_wconf 88' lang='lat' dir='ltr'>gen.</span> <span class='ocrx_word' id='word_1_388' title='bbox 1047 4050 1114 4092; x_wconf 85' lang='lat' dir='ltr'>nent.</span> <span class='ocrx_word' id='word_1_389' title='bbox 1136 4042 1160 4089; x_wconf 90' lang='lat' dir='ltr'><em>L</em></span> <span class='ocrx_word' id='word_1_390' title='bbox 1230 4036 1325 4105; x_wconf 84' lang='lat' dir='ltr'>vetant]</span> <span class='ocrx_word' id='word_1_391' title='bbox 1342 4052 1434 4089; x_wconf 78' lang='lat' dir='ltr'>uocant</span> 
     </span>
     <span class='ocr_line' id='line_1_40' title="bbox 137 4108 1432 4175; baseline 0.002 -20"><span class='ocrx_word' id='word_1_392' title='bbox 137 4110 206 4159; x_wconf 87' lang='lat' dir='ltr'>MV</span> <span class='ocrx_word' id='word_1_393' title='bbox 278 4112 412 4174; x_wconf 81' lang='lat' dir='ltr'>grammati</span> <span class='ocrx_word' id='word_1_394' title='bbox 434 4111 466 4160; x_wconf 91' lang='lat' dir='ltr'><em>M</em></span> <span class='ocrx_word' id='word_1_395' title='bbox 551 4108 617 4175; x_wconf 67' lang='lat' dir='ltr'>sing·</span> <span class='ocrx_word' id='word_1_396' title='bbox 628 4117 652 4157; x_wconf 87' lang='lat' dir='ltr'>et</span> <span class='ocrx_word' id='word_1_397' title='bbox 670 4110 701 4158; x_wconf 90' lang='lat' dir='ltr'>de</span> <span class='ocrx_word' id='word_1_398' title='bbox 720 4124 814 4173; x_wconf 87' lang='lat' dir='ltr'>genere</span> <span class='ocrx_word' id='word_1_399' title='bbox 832 4111 861 4173; x_wconf 64' lang='grc' dir='ltr'>«ᾗ</span> <span class='ocrx_word' id='word_1_400' title='bbox 882 4108 914 4158; x_wconf 89' lang='lat' dir='ltr'><em>M</em></span> <span class='ocrx_word' id='word_1_401' title='bbox 929 4110 1086 4175; x_wconf 80' lang='lat' dir='ltr'>singularem</span> <span class='ocrx_word' id='word_1_402' title='bbox 1103 4120 1128 4159; x_wconf 88' lang='lat' dir='ltr'>et</span> <span class='ocrx_word' id='word_1_403' title='bbox 1151 4110 1183 4159; x_wconf 87' lang='lat' dir='ltr'>de</span> <span class='ocrx_word' id='word_1_404' title='bbox 1201 4124 1295 4174; x_wconf 85' lang='lat' dir='ltr'>genere</span> <span class='ocrx_word' id='word_1_405' title='bbox 1308 4120 1432 4173; x_wconf 87' lang='lat' dir='ltr'>quaerunt</span> 
     </span>
     <span class='ocr_line' id='line_1_41' title="bbox 135 4178 1431 4245; baseline -0.001 -18"><span class='ocrx_word' id='word_1_406' title='bbox 135 4196 170 4227; x_wconf 74' lang='lat' dir='ltr'>em</span> <span class='ocrx_word' id='word_1_407' title='bbox 193 4182 221 4230; x_wconf 90' lang='lat' dir='ltr'><em>V</em></span> <span class='ocrx_word' id='word_1_408' title='bbox 235 4180 316 4230; x_wconf 83' lang='lat' dir='ltr'>edidit</span> <span class='ocrx_word' id='word_1_409' title='bbox 327 4180 454 4245; x_wconf 84' lang='lat' dir='ltr'>Haupiiua</span> <span class='ocrx_word' id='word_1_410' title='bbox 527 4181 557 4231; x_wconf 81' lang='lat'>17</span> <span class='ocrx_word' id='word_1_411' title='bbox 576 4180 620 4228; x_wconf 88' lang='lat' dir='ltr'>sed</span> <span class='ocrx_word' id='word_1_412' title='bbox 636 4193 708 4227; x_wconf 87' lang='lat' dir='ltr'>narro</span> <span class='ocrx_word' id='word_1_413' title='bbox 728 4178 815 4227; x_wconf 80' lang='lat' dir='ltr'>laertrm</span> <span class='ocrx_word' id='word_1_414' title='bbox 836 4181 977 4245; x_wconf 83' lang='lat' dir='ltr'>praesepiis</span> <span class='ocrx_word' id='word_1_415' title='bbox 994 4179 1074 4230; x_wconf 85' lang='lat' dir='ltr'>MV:</span> <span class='ocrx_word' id='word_1_416' title='bbox 1092 4182 1136 4229; x_wconf 88' lang='lat' dir='ltr'>sed</span> <span class='ocrx_word' id='word_1_417' title='bbox 1158 4182 1236 4227; x_wconf 85' lang='lat' dir='ltr'>Varro</span> <span class='ocrx_word' id='word_1_418' title='bbox 1251 4178 1339 4227; x_wconf 85' lang='lat' dir='ltr'>harum</span> <span class='ocrx_word' id='word_1_419' title='bbox 1359 4194 1431 4245; x_wconf 89' lang='lat' dir='ltr'>prae-</span> 
     </span>
     <span class='ocr_line' id='line_1_42' title="bbox 134 4246 1431 4315; baseline -0.001 -17"><span class='ocrx_word' id='word_1_420' title='bbox 134 4250 216 4315; x_wconf 87' lang='lat' dir='ltr'>sepiis</span> <span class='ocrx_word' id='word_1_421' title='bbox 237 4258 264 4298; x_wconf 92' lang='lat' dir='ltr'>et</span> <span class='ocrx_word' id='word_1_422' title='bbox 281 4251 341 4299; x_wconf 85' lang='lat' dir='ltr'>alibi</span> <span class='ocrx_word' id='word_1_423' title='bbox 359 4249 426 4299; x_wconf 87' lang='lat' dir='ltr'>haue</span> <span class='ocrx_word' id='word_1_424' title='bbox 439 4264 596 4315; x_wconf 87' lang='lat' dir='ltr'>praesepem.</span> <span class='ocrx_word' id='word_1_425' title='bbox 614 4259 701 4297; x_wconf 86' lang='lat' dir='ltr'>centra</span> <span class='ocrx_word' id='word_1_426' title='bbox 719 4246 833 4298; x_wconf 86' lang='lat' dir='ltr'>Tibullus</span> <span class='ocrx_word' id='word_1_427' title='bbox 853 4254 862 4279; x_wconf 78' lang='lat'><em>‘</em></span> <span class='ocrx_word' id='word_1_428' title='bbox 873 4264 939 4297; x_wconf 79' lang='lat' dir='ltr'>nurse</span> <span class='ocrx_word' id='word_1_429' title='bbox 957 4252 989 4297; x_wconf 89' lang='lat' dir='ltr'>ad</span> <span class='ocrx_word' id='word_1_430' title='bbox 1010 4251 1142 4313; x_wconf 85' lang='lat' dir='ltr'>praesepia</span> <span class='ocrx_word' id='word_1_431' title='bbox 1158 4250 1250 4298; x_wconf 86' lang='lat' dir='ltr'>debent</span> <span class='ocrx_word' id='word_1_432' title='bbox 1269 4248 1344 4313; x_wconf 87' lang='lat' dir='ltr'>plens</span> <span class='ocrx_word' id='word_1_433' title='bbox 1361 4265 1431 4299; x_wconf 85' lang='lat' dir='ltr'>coro·</span> 
     </span>
     <span class='ocr_line' id='line_1_43' title="bbox 135 4318 1444 4386; baseline -0.002 -18"><span class='ocrx_word' id='word_1_434' title='bbox 135 4328 194 4369; x_wconf 87' lang='lat' dir='ltr'>nate</span> <span class='ocrx_word' id='word_1_435' title='bbox 213 4328 284 4369; x_wconf 83' lang='lat' dir='ltr'>stare</span> <span class='ocrx_word' id='word_1_436' title='bbox 303 4322 380 4370; x_wconf 87' lang='lat' dir='ltr'>beves</span> <span class='ocrx_word' id='word_1_437' title='bbox 399 4322 509 4385; x_wconf 78' lang='lat' dir='ltr'>eupite’3</span> <span class='ocrx_word' id='word_1_438' title='bbox 528 4320 629 4386; x_wconf 85' lang='lat' dir='ltr'>propris</span> <span class='ocrx_word' id='word_1_439' title='bbox 648 4320 714 4367; x_wconf 89' lang='lat' dir='ltr'>enim</span> <span class='ocrx_word' id='word_1_440' title='bbox 733 4328 791 4367; x_wconf 86' lang='lat' dir='ltr'>sunt</span> <span class='ocrx_word' id='word_1_441' title='bbox 802 4319 826 4366; x_wconf 89' lang='lat' dir='ltr'>in</span> <span class='ocrx_word' id='word_1_442' title='bbox 842 4320 1008 4383; x_wconf 85' lang='lat' dir='ltr'>praesepibus</span> <span class='ocrx_word' id='word_1_443' title='bbox 1023 4320 1102 4368; x_wconf 85' lang='lat' dir='ltr'>bores</span> <span class='ocrx_word' id='word_1_444' title='bbox 1119 4318 1151 4367; x_wconf 78' lang='lat' dir='ltr'>n.</span> <span class='ocrx_word' id='word_1_445' title='bbox 1170 4320 1288 4382; x_wconf 79' lang='lat' dir='ltr'>Vngeaua</span> <span class='ocrx_word' id='word_1_446' title='bbox 1305 4319 1337 4367; x_wconf 88' lang='lat' dir='ltr'>de</span> <span class='ocrx_word' id='word_1_447' title='bbox 1354 4320 1444 4383; x_wconf 63' lang='lat' dir='ltr'>Veia.-</span> 
     </span>
     <span class='ocr_line' id='line_1_44' title="bbox 132 4386 1432 4454; baseline -0.002 -15"><span class='ocrx_word' id='word_1_448' title='bbox 132 4405 214 4453; x_wconf 80' lang='lat' dir='ltr'>poem.</span> <span class='ocrx_word' id='word_1_449' title='bbox 238 4406 268 4454; x_wconf 85' lang='lat' dir='ltr'>p.</span> <span class='ocrx_word' id='word_1_450' title='bbox 288 4390 340 4443; x_wconf 86' lang='grc'>209</span> <span class='ocrx_word' id='word_1_451' title='bbox 358 4390 414 4443; x_wconf 81' lang='lat' dir='ltr'>coli.</span> <span class='ocrx_word' id='word_1_452' title='bbox 438 4392 518 4442; x_wconf 82' lang='lat' dir='ltr'>Varr.</span> <span class='ocrx_word' id='word_1_453' title='bbox 539 4406 562 4443; x_wconf 88' lang='lat' dir='ltr'>r.</span> <span class='ocrx_word' id='word_1_454' title='bbox 582 4404 604 4436; x_wconf 85' lang='lat' dir='ltr'>r.</span> <span class='ocrx_word' id='word_1_455' title='bbox 623 4388 642 4437; x_wconf 94' lang='lat' dir='ltr'>ll</span> <span class='ocrx_word' id='word_1_456' title='bbox 661 4390 691 4446; x_wconf 87' lang='grc'>2,</span> <span class='ocrx_word' id='word_1_457' title='bbox 713 4386 745 4437; x_wconf 92' lang='grc'>19</span> <span class='ocrx_word' id='word_1_458' title='bbox 760 4388 849 4437; x_wconf 76' lang='lat' dir='ltr'>herram</span> <span class='ocrx_word' id='word_1_459' title='bbox 869 4389 1002 4453; x_wconf 87' lang='lat' dir='ltr'>praesepia</span> <span class='ocrx_word' id='word_1_460' title='bbox 1020 4391 1050 4445; x_wconf 81' lang='grc'>1).</span> <span class='ocrx_word' id='word_1_461' title='bbox 1070 4388 1103 4440; x_wconf 88' lang='grc'>16</span> <span class='ocrx_word' id='word_1_462' title='bbox 1122 4389 1147 4436; x_wconf 88' lang='lat' dir='ltr'>in</span> <span class='ocrx_word' id='word_1_463' title='bbox 1169 4388 1310 4453; x_wconf 87' lang='lat' dir='ltr'>praesepiis</span> <span class='ocrx_word' id='word_1_464' title='bbox 1329 4388 1432 4451; x_wconf 83' lang='lat' dir='ltr'>113‚tt</span> 
     </span>
     <span class='ocr_line' id='line_1_45' title="bbox 133 4456 1433 4525; baseline -0.002 -17"><span class='ocrx_word' id='word_1_465' title='bbox 133 4460 207 4522; x_wconf 81' lang='lat' dir='ltr'>apud</span> <span class='ocrx_word' id='word_1_466' title='bbox 225 4458 332 4510; x_wconf 84' lang='lat' dir='ltr'>Nonium</span> <span class='ocrx_word' id='word_1_467' title='bbox 347 4474 372 4522; x_wconf 87' lang='lat' dir='ltr'>p.</span> <span class='ocrx_word' id='word_1_468' title='bbox 394 4459 446 4510; x_wconf 84' lang='grc'>218</span> <span class='ocrx_word' id='word_1_469' title='bbox 464 4459 608 4525; x_wconf 86' lang='lat' dir='ltr'>praesepim</span> <span class='ocrx_word' id='word_1_470' title='bbox 627 4458 701 4507; x_wconf 83' lang='lat' dir='ltr'>latam</span> <span class='ocrx_word' id='word_1_471' title='bbox 773 4456 819 4506; x_wconf 86' lang='lat' dir='ltr'>hoe</span> <span class='ocrx_word' id='word_1_472' title='bbox 839 4462 961 4523; x_wconf 74' lang='lat' dir='ltr'>praesepe</span> <span class='ocrx_word' id='word_1_473' title='bbox 981 4460 1008 4507; x_wconf 94' lang='lat' dir='ltr'><em>V</em></span> <span class='ocrx_word' id='word_1_474' title='bbox 1022 4457 1070 4507; x_wconf 82' lang='lat' dir='ltr'>hoe</span> <span class='ocrx_word' id='word_1_475' title='bbox 1086 4472 1236 4524; x_wconf 88' lang='lat' dir='ltr'>praesepem</span> <span class='ocrx_word' id='word_1_476' title='bbox 1254 4458 1287 4507; x_wconf 92' lang='lat' dir='ltr'><em>M</em></span> <span class='ocrx_word' id='word_1_477' title='bbox 1355 4462 1433 4506; x_wconf 82' lang='lat' dir='ltr'>‘nunc</span> 
     </span>
     <span class='ocr_line' id='line_1_46' title="bbox 133 4526 1430 4596; baseline 0.001 -18"><span class='ocrx_word' id='word_1_478' title='bbox 133 4530 166 4578; x_wconf 89' lang='lat' dir='ltr'>ad</span> <span class='ocrx_word' id='word_1_479' title='bbox 187 4531 324 4596; x_wconf 84' lang='lat' dir='ltr'>praesepia</span> <span class='ocrx_word' id='word_1_480' title='bbox 341 4532 424 4579; x_wconf 84' lang='lat' dir='ltr'>neseio</span> <span class='ocrx_word' id='word_1_481' title='bbox 441 4544 474 4577; x_wconf 86' lang='lat' dir='ltr'>aa</span> <span class='ocrx_word' id='word_1_482' title='bbox 491 4547 539 4579; x_wconf 86' lang='lat' dir='ltr'>non</span> <span class='ocrx_word' id='word_1_483' title='bbox 556 4530 589 4578; x_wconf 86' lang='lat' dir='ltr'>sit</span> <span class='ocrx_word' id='word_1_484' title='bbox 604 4528 699 4587; x_wconf 83' lang='lat' dir='ltr'>Cottae,</span> <span class='ocrx_word' id='word_1_485' title='bbox 718 4529 765 4578; x_wconf 84' lang='lat' dir='ltr'>sed</span> <span class='ocrx_word' id='word_1_486' title='bbox 785 4526 876 4575; x_wconf 77' lang='lat' dir='ltr'>libum</span> <span class='ocrx_word' id='word_1_487' title='bbox 896 4529 918 4578; x_wconf 94' lang='lat' dir='ltr'>ll</span> <span class='ocrx_word' id='word_1_488' title='bbox 939 4530 963 4581; x_wconf 87' lang='lat'>1.</span> <span class='ocrx_word' id='word_1_489' title='bbox 983 4530 1007 4579; x_wconf 88' lang='grc'>7.</span> <span class='ocrx_word' id='word_1_490' title='bbox 1026 4528 1116 4577; x_wconf 60' lang='lat' dir='ltr'>&amp;mdc</span> <span class='ocrx_word' id='word_1_491' title='bbox 1133 4529 1252 4577; x_wconf 83' lang='lat' dir='ltr'>nonnulla</span> <span class='ocrx_word' id='word_1_492' title='bbox 1271 4529 1430 4579; x_wconf 65' lang='lat' dir='ltr'>excurentur.</span> 
     </span>
     <span class='ocr_line' id='line_1_47' title="bbox 133 4597 1433 4665; baseline -0.002 -18"><span class='ocrx_word' id='word_1_493' title='bbox 133 4608 182 4649; x_wconf 83' lang='lat' dir='ltr'>turn</span> <span class='ocrx_word' id='word_1_494' title='bbox 203 4607 316 4649; x_wconf 70' lang='lat' dir='ltr'>secudum</span> <span class='ocrx_word' id='word_1_495' title='bbox 335 4602 433 4650; x_wconf 84' lang='lat' dir='ltr'>uidetur</span> <span class='ocrx_word' id='word_1_496' title='bbox 450 4601 551 4665; x_wconf 79' lang='lat' dir='ltr'>proprie</span> <span class='ocrx_word' id='word_1_497' title='bbox 573 4614 621 4648; x_wconf 89' lang='lat' dir='ltr'>non</span> <span class='ocrx_word' id='word_1_498' title='bbox 646 4608 705 4646; x_wconf 89' lang='lat' dir='ltr'>sunt</span> <span class='ocrx_word' id='word_1_499' title='bbox 725 4602 749 4647; x_wconf 92' lang='lat' dir='ltr'>in</span> <span class='ocrx_word' id='word_1_500' title='bbox 771 4613 808 4663; x_wconf 87' lang='lat' dir='ltr'>pr.</span> <span class='ocrx_word' id='word_1_501' title='bbox 826 4598 918 4646; x_wconf 88' lang='lat' dir='ltr'>beres’</span> <span class='ocrx_word' id='word_1_502' title='bbox 938 4599 1072 4659; x_wconf 78' lang='lat' dir='ltr'>Hauptisa.</span> <span class='ocrx_word' id='word_1_503' title='bbox 1092 4597 1178 4647; x_wconf 75' lang='grc' dir='ltr'><strong>θοιιαο</strong></span> <span class='ocrx_word' id='word_1_504' title='bbox 1191 4612 1276 4647; x_wconf 88' lang='lat' dir='ltr'>nomen</span> <span class='ocrx_word' id='word_1_505' title='bbox 1290 4605 1433 4662; x_wconf 76' lang='lat' dir='ltr'>comptum</span> 
     </span>
     <span class='ocr_line' id='line_1_48' title="bbox 133 4668 1430 4734; baseline -0.002 -17"><span class='ocrx_word' id='word_1_506' title='bbox 133 4685 190 4719; x_wconf 83' lang='lat' dir='ltr'>ease</span> <span class='ocrx_word' id='word_1_507' title='bbox 210 4671 319 4719; x_wconf 83' lang='lat' dir='ltr'>uidetur.</span> <span class='ocrx_word' id='word_1_508' title='bbox 345 4672 377 4721; x_wconf 88' lang='lat' dir='ltr'>de</span> <span class='ocrx_word' id='word_1_509' title='bbox 396 4672 499 4734; x_wconf 81' lang='lat' dir='ltr'>reliquia</span> <span class='ocrx_word' id='word_1_510' title='bbox 516 4670 613 4731; x_wconf 83' lang='lat' dir='ltr'>dubito,</span> <span class='ocrx_word' id='word_1_511' title='bbox 632 4677 712 4718; x_wconf 75' lang='lat' dir='ltr'>utrium</span> <span class='ocrx_word' id='word_1_512' title='bbox 727 4671 752 4717; x_wconf 89' lang='lat' dir='ltr'>ia</span> <span class='ocrx_word' id='word_1_513' title='bbox 771 4676 895 4729; x_wconf 84' lang='lat' dir='ltr'>corrupta</span> <span class='ocrx_word' id='word_1_514' title='bbox 911 4668 1020 4718; x_wconf 82' lang='lat' dir='ltr'>codicum</span> <span class='ocrx_word' id='word_1_515' title='bbox 1036 4669 1166 4729; x_wconf 71' lang='lat' dir='ltr'>seriptum</span> <span class='ocrx_word' id='word_1_516' title='bbox 1181 4668 1264 4732; x_wconf 74' lang='lat' dir='ltr'>(ppr&#39;r</span> <span class='ocrx_word' id='word_1_517' title='bbox 1285 4670 1312 4716; x_wconf 95' lang='lat' dir='ltr'><em>V</em></span> <span class='ocrx_word' id='word_1_518' title='bbox 1326 4671 1366 4732; x_wconf 77' lang='lat' dir='ltr'>gp</span> <span class='ocrx_word' id='word_1_519' title='bbox 1379 4682 1430 4717; x_wconf 88' lang='lat' dir='ltr'>nou</span> 
     </span>
     <span class='ocr_line' id='line_1_49' title="bbox 134 4738 1431 4805; baseline -0.002 -17"><span class='ocrx_word' id='word_1_520' title='bbox 134 4740 178 4799; x_wconf 87' lang='grc' dir='ltr'>Μ)</span> <span class='ocrx_word' id='word_1_521' title='bbox 197 4754 287 4787; x_wconf 81' lang='lat' dir='ltr'>nornen</span> <span class='ocrx_word' id='word_1_522' title='bbox 305 4742 437 4805; x_wconf 84' lang='lat' dir='ltr'>seripturis</span> <span class='ocrx_word' id='word_1_523' title='bbox 454 4743 542 4801; x_wconf 83' lang='lat' dir='ltr'>lateat,</span> <span class='ocrx_word' id='word_1_524' title='bbox 560 4756 593 4787; x_wconf 87' lang='lat' dir='ltr'>au</span> <span class='ocrx_word' id='word_1_525' title='bbox 607 4740 792 4789; x_wconf 81' lang='lat' dir='ltr'>eonsuetudiat&#39;a</span> <span class='ocrx_word' id='word_1_526' title='bbox 809 4739 924 4799; x_wconf 76' lang='lat' dir='ltr'>eaenrpla</span> <span class='ocrx_word' id='word_1_527' title='bbox 937 4740 1051 4801; x_wconf 81' lang='lat' dir='ltr'>posuerit</span> <span class='ocrx_word' id='word_1_528' title='bbox 1063 4739 1181 4800; x_wconf 79' lang='lat' dir='ltr'>scriptor,</span> <span class='ocrx_word' id='word_1_529' title='bbox 1199 4752 1265 4786; x_wconf 80' lang='lat' dir='ltr'>ntrne</span> <span class='ocrx_word' id='word_1_530' title='bbox 1283 4738 1316 4786; x_wconf 90' lang='lat' dir='ltr'>ad</span> <span class='ocrx_word' id='word_1_531' title='bbox 1330 4752 1431 4802; x_wconf 85' lang='lat' dir='ltr'>praese·</span> 
     </span>
     <span class='ocr_line' id='line_1_50' title="bbox 134 4806 1431 4875; baseline -0.002 -18"><span class='ocrx_word' id='word_1_532' title='bbox 134 4811 175 4871; x_wconf 75' lang='lat' dir='ltr'>pria</span> <span class='ocrx_word' id='word_1_533' title='bbox 195 4819 344 4873; x_wconf 80' lang='lat' dir='ltr'>properant,</span> <span class='ocrx_word' id='word_1_534' title='bbox 363 4820 421 4860; x_wconf 89' lang='lat' dir='ltr'>sunt</span> <span class='ocrx_word' id='word_1_535' title='bbox 439 4808 465 4858; x_wconf 90' lang='lat' dir='ltr'>in</span> <span class='ocrx_word' id='word_1_536' title='bbox 483 4809 742 4875; x_wconf 84' lang='lat' dir='ltr'>praesepibusbores</span> <span class='ocrx_word' id='word_1_537' title='bbox 797 4806 829 4859; x_wconf 89' lang='grc'>19</span> <span class='ocrx_word' id='word_1_538' title='bbox 841 4808 998 4859; x_wconf 86' lang='lat' dir='ltr'>consuetudo</span> <span class='ocrx_word' id='word_1_539' title='bbox 1010 4808 1077 4857; x_wconf 91' lang='lat' dir='ltr'>MV</span> <span class='ocrx_word' id='word_1_540' title='bbox 1131 4808 1163 4857; x_wconf 87' lang='grc'>21</span> <span class='ocrx_word' id='word_1_541' title='bbox 1181 4822 1233 4871; x_wconf 89' lang='lat' dir='ltr'>pax</span> <span class='ocrx_word' id='word_1_542' title='bbox 1248 4815 1309 4873; x_wconf 80' lang='lat' dir='ltr'>pust</span> <span class='ocrx_word' id='word_1_543' title='bbox 1327 4822 1431 4874; x_wconf 84' lang='lat' dir='ltr'>perram</span> 
     </span>
    </p>
   </div>
   <div class='ocr_carea' id='block_1_6' title="bbox 131 4880 1228 5026">
    <p class='ocr_par' dir='ltr' id='par_1_13' title="bbox 131 4880 1228 5026">
     <span class='ocr_line' id='line_1_51' title="bbox 131 4880 255 4931; baseline 0.008 -4"><span class='ocrx_word' id='word_1_544' title='bbox 131 4880 209 4931; x_wconf 81' lang='lat' dir='ltr'>dubet</span> <span class='ocrx_word' id='word_1_545' title='bbox 228 4880 255 4928; x_wconf 70' lang='lat' dir='ltr'>l,</span> 
     </span>
     <span class='ocr_line' id='line_1_52' title="bbox 1160 4959 1228 5026; baseline -0.015 0"><span class='ocrx_word' id='word_1_546' title='bbox 1160 4959 1228 5026; x_wconf 82' lang='lat'>38*</span> 
     </span>
    </p>
   </div>
   <div class='ocr_carea' id='block_1_7' title="bbox 0 0 1768 5600">
    <p class='ocr_par' dir='ltr' id='par_1_14' title="bbox 0 0 1768 5600">
     <span class='ocr_line' id='line_1_53' title="bbox 0 0 1768 5600; baseline 0 6"><span class='ocrx_word' id='word_1_547' title='bbox 0 0 1768 5600; x_wconf 95' lang='lat' dir='ltr'> </span> 
     </span>
    </p>
   </div>
  </div>
 </body>
</html>
