3525 5600
597 422 645 483 DE
668 423 814 484 NOMINE
837 427 974 488 32-44
1367 421 1431 487 563

1246 531 1405 583 pmmu
1511 526 1514 533 ·

228 604 337 696 Quarta
359 607 518 669 declinatio
540 613 619 670 omni
643 612 729 672 modo
758 613 856 674 addita
879 633 930 674 um
952 612 1079 674 ablativo
1101 613 1245 689 singulari
1268 614 1358 672 faciet
1379 630 1430 689 ge·

145 709 269 768 nitivum
298 710 458 788 pluralem,
488 718 519 771 ut
547 731 638 826 cuqru
666 733 824 786 curruum,
855 735 943 776 manu
971 733 1120 775 manuum.
1165 716 1217 794 qui
1240 715 1355 793 etipse
1378 713 1430 775 ali·

144 811 280 887 quotiens
303 813 333 872 in
356 814 487 874 carmine
511 811 687 896 συγκοπήν
708 819 834 897 patitur,
866 826 898 879 ut
925 825 971 877 est
991 817 1072 877 ‘ille
1100 835 1243 877 manum
1264 816 1430 895 patiens’

144 931 198 990 pro
231 933 386 983 manuum,
420 922 450 974 et
482 916 554 976 illud
588 921 697 998 ‘quae
727 923 851 996 gratia
885 937 1031 980 currum
1065 936 1326 998 armorumque
1359 919 1432 978 luit

120 1018 258 1076 triris'
281 1035 336 1096 pro
359 1035 501 1080 curruum
524 1021 588 1079 sine
610 1020 716 1090 dubio,
740 1024 810 1101 quia
832 1023 962 1082 infertur
984 1027 1261 1101 ‘armorumque
1283 1021 1383 1079 l'uit'.

229 1117 337 1189 Quinta
359 1119 518 1182 declinatio
546 1129 576 1181 et
603 1123 667 1201 ipsa
695 1124 795 1184 addita
818 1142 883 1184 rum
907 1123 1033 1184 ablativo
1055 1122 1199 1199 singulari
1220 1140 1321 1182 casum
1343 1122 1432 1181 lactet

143 1239 232 1299 saepe
262 1221 389 1290 dictum,
419 1230 451 1282 ut
477 1221 514 1282 ab
542 1223 596 1285 lrac
624 1241 656 1284 re
684 1225 790 1286 harum
820 1243 936 1295 rerum,
965 1225 1001 1285 ab
1030 1224 1085 1285 bac
1111 1225 1175 1284 acie
1202 1225 1350 1292 acierum;
1373 1225 1432 1282 nisi

142 1323 222 1402 quod
251 1324 402 1384 interdum
430 1325 507 1403 apud
536 1329 673 1406 antiquos
700 1330 731 1387 in
758 1327 805 1388 his
828 1345 903 1406 quae
926 1345 958 1388 es
979 1326 1115 1387 ultimam
1136 1325 1308 1385 nominativi
1331 1325 1431 1402 singu·

142 1423 216 1484 laris
244 1444 347 1505 puram
378 1426 537 1488 habuerint
564 1428 701 1489 rlittera
724 1429 851 1490 ablativo
879 1428 996 1489 additae
1025 1427 1155 1508 syllabae
1183 1425 1373 1495 subducitur,
1403 1433 1434 1485 et

107 1535 130 1574 ¹⁰
143 1527 216 1586 lacit
243 1530 407 1604 genitivum
435 1529 578 1608 pluralem
606 1549 659 1610 per
687 1550 756 1592 eum
784 1530 926 1611 syllabas,
950 1537 982 1590 ut
1004 1532 1155 1609 specieum
1177 1547 1231 1608 pro
1253 1530 1431 1608 specierum,

143 1630 273 1689 l'acieum
297 1648 352 1708 pro
373 1632 534 1700 facierum
558 1633 611 1692 scd
634 1633 720 1694 modo
742 1653 801 1694 non
826 1635 938 1693 utimur
959 1632 1014 1692 bac
1037 1632 1250 1692 enuntiatione.

230 1731 304 1792 ltem
332 1735 437 1793 tertiae
465 1741 587 1813 quartae
616 1737 735 1814 quintae
765 1735 994 1795 declinationum
1017 1733 1131 1794 dativus
1152 1732 1275 1812 pluralis
1298 1731 1353 1792 bus
1375 1731 1432 1810 syl-

144 1832 211 1893 laba
236 1836 425 1904 torminatur‚
449 1837 500 1896 sed
524 1838 554 1896 in
577 1838 665 1897 tertia
688 1845 718 1897 et
739 1845 843 1918 quarta
867 1839 876 1896 i
899 1836 998 1896 littera
1015 1835 1222 1904 antecedente,
1245 1840 1278 1893 ut
1298 1832 1434 1911 patribus

143 1929 317 1996 bominibbs
339 1937 456 2014 legibus
478 1937 605 1998 urbibus
627 1938 814 2018 praetoribus
830 1937 969 1999 lluctibus
991 1936 1131 1997 curribus
1153 1935 1290 1997 manibus
1311 1936 1433 2013 portici·

105 2045 129 2085 ¹⁵
144 2037 201 2096 bus
224 2036 359 2108 casibus;
383 2047 502 2118 praeter
525 2059 618 2119 pauca
641 2043 796 2121 utriusque
821 2037 943 2120 [tertiae
965 2023 1102 2118 quartae]
1127 2038 1343 2106 declinationis,
1359 2054 1434 2115 quae

142 2139 334 2200 discretionis
362 2161 449 2203 causa
478 2142 523 2202 rel
551 2142 740 2204 archaismii
768 2143 897 2205 litteram
921 2143 952 2201 in
979 2147 1212 2209 uconrertunt‚
1235 2146 1269 2199 ut
1290 2137 1435 2218 partubus

142 2241 276 2302 arcubus
303 2242 436 2304 artubus.
481 2262 549 2304 narn
576 2251 678 2324 partes
704 2245 855 2324 partibuS,
880 2249 984 2322 partus
1006 2261 1076 2302 roro
1098 2241 1257 2321 partubus;
1281 2260 1366 2301 arces
1388 2258 1434 2301 ar-

141 2343 248 2413 cibus,
283 2362 370 2405 arcus
401 2365 472 2406 vero
504 2345 648 2416 arcubus;
682 2353 762 2407 artes
795 2345 925 2415 artibus,
955 2353 1038 2406 artos
1065 2362 1134 2404 vero
1161 2342 1286 2404 artubus
1313 2345 1433 2404 sacient.

141 2447 217 2506 item
252 2446 298 2526 τῷ
326 2439 498 2530 ἀρχαισμῴ
531 2449 612 2509 lacus
639 2449 771 2510 lacubus.
822 2450 894 2508 item
926 2449 957 2506 in
988 2431 1079 2506 tertia
1114 2445 1313 2505 declinatione
1346 2442 1436 2504 boves

103 2553 127 2592 2⁰
143 2547 238 2607 boum
261 2548 367 2609 bubus.
413 2551 484 2610 item
507 2560 537 2610 ct
558 2571 633 2631 quae
657 2570 753 2630 neque
776 2553 785 2610 i
809 2568 906 2628 neque
929 2568 956 2618 u,
981 2548 1032 2608 sed
1049 2549 1277 2627 opraemittuut
1298 2546 1354 2607 bus
1376 2547 1435 2626 syl·

141 2649 247 2719 labae,
279 2659 309 2710 ut
337 2651 396 2712 duo
425 2652 555 2722 duobus,
585 2652 671 2714 ambo
694 2651 851 2721 ambobus,
881 2669 957 2730 quae
979 2659 1078 2711 tamon
1102 2658 1132 2710 et
1154 2650 1288 2712 anomala
1310 2656 1380 2709 sunt
1402 2667 1436 2708 ac
1532 2721 1539 2744 υ

140 2753 205 2814 sola
234 2755 438 2833 reperiuntur.
483 2754 512 2815 in
540 2757 642 2835 quinta
671 2773 740 2815 vero
768 2753 965 2815 declinatione
995 2772 1011 2813 e
1039 2752 1182 2832 producta
1204 2752 1332 2832 'scurper
1353 2758 1435 2812 arate-

141 2856 285 2925 cedente,
311 2865 341 2917 ut
363 2856 454 2917 rebus
477 2857 587 2936 spebus
609 2856 714 2917 diebus
736 2856 867 2917 aciebus.
893 2851 899 2936 Ι

338 3022 473 3064 cucuma
495 3022 732 3065 oucruuaunouvnt
749 3020 883 3063 NOMINVM
901 3020 954 3061 PEll
976 3019 1116 3062 srucvtas
1136 3018 1251 3061 FORMAS

101 3152 126 3189 aa
233 3129 443 3190 Declinationis
471 3132 585 3210 primae
613 3132 732 3208 generis
759 3128 915 3191 masculini
943 3126 992 3187 hic
1019 3134 1106 3205 poeta
1128 3126 1217 3187 huius
1239 3134 1344 3206 poetae
1367 3127 1437 3187 huic

140 3240 252 3311 poetae
275 3231 353 3292 brrnc
375 3240 493 3310 poetam
515 3253 532 3292 ιι
555 3241 642 3312 poeta
665 3230 702 3292 ab
725 3231 780 3291 boc
802 3236 891 3309 poeta
905 3228 936 3289 lri
959 3235 1063 3307 poetae
1085 3228 1191 3288 borum
1213 3235 1368 3307 poetarum
1391 3228 1438 3288 bis

139 3334 244 3412 poetis
267 3333 320 3393 bos
343 3325 445 3413 poetas
459 3356 476 3393 o
492 3342 596 3415 poetae
612 3333 648 3394 ab
664 3330 717 3393 bis
731 3334 842 3412 poetiS,
865 3331 985 3409 generis
1006 3332 1143 3390 seminini
1164 3330 1238 3391 haec
1261 3349 1327 3391 rosa
1350 3330 1438 3390 huius

141 3454 233 3495 rosae
263 3435 332 3495 lmic
360 3454 445 3497 rosae
474 3436 549 3497 lianc
572 3454 669 3497 rosam
692 3456 708 3495 o
731 3421 803 3495 rosa
821 3433 857 3495 ab
880 3432 935 3492 bac
958 3450 1024 3491 rosa
1047 3431 1101 3491 bac
1124 3450 1208 3492 rosae
1230 3432 1335 3493 harum
1358 3452 1437 3493 rosa-

141 3557 213 3598 rum
245 3538 292 3597 his
320 3540 397 3597 rosis
426 3538 478 3597 bas
507 3557 589 3598 rosas
617 3556 740 3597 orosae
764 3536 800 3596 ab
823 3536 871 3595 his
894 3536 985 3603 rosis,
1009 3536 1130 3610 generis
1152 3536 1317 3594 communis
1338 3534 1387 3594 hic
1409 3542 1439 3595 et

101 3658 126 3699 so
141 3641 222 3701 baec
246 3640 357 3701 advena
380 3640 468 3699 buius
491 3640 619 3700 advenae
642 3638 711 3697 buic
735 3637 863 3698 advenae
887 3637 966 3697 bunc
988 3644 1018 3695 et
1040 3636 1116 3695 hanc
1138 3636 1278 3696 advenam
1295 3656 1312 3695 o
1327 3636 1439 3697 advena

140 3742 182 3802 ab
209 3741 266 3801 boc
289 3749 318 3801 et
341 3741 377 3802 ab
400 3742 455 3803 hac
478 3742 590 3802 advena
618 3741 648 3801 bi
672 3748 702 3801 et
729 3740 785 3801 bae
806 3739 936 3799 advenae
951 3737 1058 3797 horum
1080 3746 1111 3797 et
1131 3738 1237 3798 harum
1260 3738 1439 3799 advenarum

141 3845 194 3905 bis
218 3842 340 3904 advenis
362 3844 416 3903 bos
439 3852 468 3904 et
490 3843 542 3903 bas
565 3842 692 3903 advertas
714 3862 731 3901 o
753 3841 882 3903 advenae
907 3840 944 3901 ab
967 3840 1015 3900 bis
1037 3839 1168 3899 advenis,
1198 3841 1310 3901 lormae
1333 3858 1438 3900 secun·

139 3947 203 4006 dae
232 3945 352 4022 gerreris
379 3945 534 4005 masculini
564 3944 612 4004 bic
642 3943 738 4005 bouus
766 3944 854 4004 huius
882 3942 952 4003 boni
980 3942 1050 4001 huic
1077 3941 1155 4002 botro
1183 3942 1261 4002 hunc
1290 3942 1440 4002 bonumo

140 4049 226 4109 bone
257 4045 297 4131 ab
322 4046 378 4106 hoc
406 4046 483 4107 bono
511 4048 542 4107 bi
566 4046 636 4106 boni
660 4046 765 4107 borum
794 4045 939 4105 bonorum
961 4044 1007 4103 bis
1030 4042 1115 4104 bonis
1137 4044 1190 4105 hos
1213 4043 1346 4104 bonoso
1369 4043 1439 4104 boni

99 4150 182 4211 asab
221 4150 269 4209 bis
299 4148 400 4218 bonis,
429 4150 549 4225 generis
577 4149 712 4210 feminini
741 4148 813 4208 llaec
841 4148 930 4226 pinus
957 4145 1046 4205 huius
1073 4145 1136 4225 pini
1163 4145 1232 4208 huic
1265 4148 1336 4224 pino
1363 4145 1439 4205 hanc

137 4254 254 4332 pinum
277 4270 294 4309 o
317 4251 387 4329 pine
410 4248 447 4310 ab
470 4249 524 4309 bac
547 4249 694 4329 pinellae
722 4251 787 4329 pini
814 4248 920 4309 harum
942 4234 1081 4327 pinbrunr
1103 4248 1150 4307 bis
1172 4248 1251 4326 pinis
1272 4246 1326 4305 bas
1353 4248 1440 4325 pinos

139 4376 159 4413 o
187 4354 254 4432 pini
277 4350 314 4413 ab
336 4351 384 4411 bis
406 4352 500 4430 piniS,
524 4353 644 4429 generis
666 4353 766 4411 neutri
788 4350 844 4410 boc
872 4348 1015 4428 templum
1038 4349 1126 4409 huius
1148 4348 1250 4427 templi
1274 4348 1343 4408 huic
1365 4356 1440 4408 tem·

139 4456 195 4535 plo
220 4453 276 4514 hoc
300 4453 442 4531 templum
463 4471 481 4511 o
503 4453 646 4531 templum
675 4452 711 4514 ab
738 4453 794 4512 boc
821 4450 933 4530 templo
961 4450 1034 4510 haec
1058 4449 1166 4529 templa
1188 4450 1293 4511 borum
1317 4450 1440 4530 templo·

233 4690 250 4740 3
268 4688 321 4756 ille]
344 4692 423 4756 Verp.
446 4690 511 4741 Aen.
532 4691 575 4740 Vll
592 4690 644 4740 tuo
729 4691 745 4739 4
765 4686 841 4754 quoe]
867 4690 946 4752 Verp.
962 4688 1028 4741 Aeo.
1050 4688 1149 4739 V1653
1219 4703 1318 4738 cerrum
1334 4690 1359 4738 B

142 4764 177 4813 15
199 4762 290 4811 tertiae
308 4770 332 4809 et
348 4769 452 4823 quartae
472 4760 555 4810 editor
577 4758 776 4811 Vindoboaencia
845 4758 879 4807 25
897 4758 1000 4823 generis
1018 4758 1151 4808 trraseulini
1170 4758 1295 4809 neminie
1314 4767 1389 4824 poeta
1406 4790 1440 4799 -

139 4843 166 4882 et
187 4830 325 4896 pluraliter
343 4846 410 4883 nom.
430 4830 455 4879 bi
471 4844 561 4895 poetae
577 4830 610 4885 B,
628 4832 686 4879 item
703 4830 729 4880 in
746 4830 849 4895 reliquia
866 4830 961 4878 namuri
975 4830 1085 4893 pluralia
1096 4830 1136 4879 aet
1151 4830 1288 4893 sinemon'a
1298 4838 1324 4880 et
1340 4844 1440 4879 coucam

138 4910 221 4958 notae
237 4900 311 4951 ntodo
329 4898 431 4952 additae
449 4902 474 4949 in
486 4898 512 4949 B
526 4900 597 4950 modo
611 4900 716 4951 οιιιίιιειιι
734 4905 878 4951 cunctanter
894 4899 965 4949 οηιίιιι·
1415 4894 1423 4901 ’
