3525 5600
315 395 380 462 284
884 399 1038 462 romanu

342 509 466 562 para-a
482 507 503 549 ι.

317 589 368 649 ‘in
391 608 476 650 versu
499 587 699 650 barbarismus
722 591 794 650 est’.
833 596 864 648 tu
887 587 962 648 dicis
984 586 1056 648 mibi
1079 593 1156 664 ‘quo
1179 585 1266 646 modo
1289 583 1362 644 mibi
1384 582 1481 642 dixisti
1500 582 1531 642 in
1551 601 1591 642 so·

315 689 374 751 luta
398 692 531 752 oratione
555 709 619 751 esse
644 689 868 760 barbarismum,
892 691 922 750 in
946 708 1035 750 versu
1050 709 1115 750 esse
1131 687 1364 768 metaplasmum,
1388 693 1418 745 et
1432 683 1593 763 plerumque

316 792 388 852 dicis
411 792 483 853 milti
505 794 534 853 in
558 809 643 853 versu
668 811 732 852 esse
760 787 994 853 barbarismum?
1038 810 1096 870 quo
1120 791 1243 851 modol'
1288 790 1312 848 si
1340 787 1391 848 ille
1413 787 1477 866 ipse
1499 785 1592 846 barba-

315 895 438 961 rismus,
467 896 516 972 qui
540 895 632 955 lactus
656 903 699 954 est
720 896 751 954 in
774 911 875 974 prosa,
906 913 974 954 cum
996 895 1131 972 coeperit
1152 893 1321 960 transferri,
1350 907 1405 970 pro
1429 891 1593 949 necessitate

315 997 449 1076 ponitur,
479 981 603 1076 apparet
631 997 855 1076 metaplasmum
885 1015 963 1065 esse;
997 997 1022 1056 si
1050 1003 1147 1055 autem
1175 996 1239 1054 sine
1268 996 1330 1072 ipsa
1359 993 1532 1052 necessitate
1555 1000 1614 1051 esta

315 1097 438 1177 positus,
464 1107 586 1178 apparet
610 1097 825 1159 barbarismum
850 1117 924 1159 esse.
970 1106 1040 1178 puta
1530 1105 1534 1114 '

467 1199 648 1277 reliquias
672 1201 833 1262 llanaum
857 1209 968 1278 atque
991 1201 1134 1260 inmitis
1156 1197 1328 1260 aeltillis.

314 1309 415 1382 posset
437 1310 515 1362 stare
538 1303 593 1362 iste
618 1303 736 1362 versus?
766 1322 834 1362 non.
866 1323 899 1364 re
923 1303 1002 1364 enim
1027 1301 1200 1363 naturaliter
1224 1300 1321 1361 brevis
1344 1307 1396 1358 est.
1436 1315 1506 1375 ergo
1526 1297 1594 1375 quod

314 1403 420 1464 adiecit
442 1403 531 1464 uitam
554 1404 681 1466 litteram
706 1397 851 1482 Vergilius
874 1415 903 1465 et
925 1405 999 1465 dixit
1020 1403 1181 1483 relliquias,
1205 1404 1272 1464 ideo
1295 1403 1416 1471 adiecit:
1452 1419 1510 1462 non
1532 1417 1594 1478 quo-

315 1506 393 1566 uiam
415 1506 561 1584 inperitus
583 1507 690 1576 luerat,
715 1507 802 1567 voluit
826 1507 944 1576 addere,
968 1504 1020 1568 sed
1040 1510 1046 1584 Ι
1066 1507 1204 1583 quoniam
1227 1506 1358 1566 voluerat
1373 1521 1530 1565 occurrere
1550 1521 1595 1562 ne·
1607 1517 1625 1554 1⁰
1709 1528 1710 1543 ι

314 1609 443 1668 cessitati
466 1609 562 1672 metri.
608 1625 679 1686 ergo
702 1611 839 1688 qnoniam
862 1617 956 1669 artem
980 1611 1158 1687 contempsit
1180 1610 1355 1668 necessitate
1378 1607 1479 1675 metri,
1513 1613 1596 1666 meta·

313 1709 444 1789 plasmas
467 1719 519 1770 est.
565 1711 591 1770 si
613 1719 711 1770 autem
734 1709 813 1770 nulla
843 1712 1017 1771 necessitate
1041 1718 1158 1772 extante
1181 1711 1301 1779 laceret,
1325 1709 1476 1769 diceretur
1497 1705 1596 1767 barba·

315 1812 431 1873 rismus
472 1820 540 1890 puta
563 1811 629 1872 dico
652 1830 709 1892 quo
733 1813 835 1872 modo:
868 1813 1010 1873 Catilinae
1034 1813 1110 1892 siqui
1132 1813 1219 1882 dicat,
1244 1811 1462 1872 barbarismum
1485 1809 1552 1870 lacit
1570 1811 1596 1868 in

314 1913 371 1974 lroc
394 1933 489 1975 versu.
526 1932 584 1992 qua
606 1915 739 1976 ratione?
769 1916 838 1992 quia
861 1914 881 1974 li
904 1914 1077 1975 naturaliter
1098 1914 1185 1991 longa
1209 1923 1261 1974 est.
1294 1932 1364 1991 ergo
1385 1915 1411 1971 si
1434 1909 1597 1974 naturaliter

316 2015 400 2094 longa
425 2025 476 2086 est,
501 2015 569 2096 quid
593 2035 668 2095 opus
692 2023 736 2076 est
759 2026 791 2076 ut
813 2016 901 2076 addat
922 2017 965 2076 illi
987 2017 1007 2077 li
1026 2016 1137 2077 uillam
1161 2015 1308 2077 litteram?
1340 2034 1399 2095 quo
1415 2014 1503 2074 modo
1526 2015 1627 2073 enirn1

314 2137 435 2198 possum
459 2117 559 2178 dicere
582 2119 620 2178 ita
644 2126 672 2178 et
694 2119 724 2178 iu
747 2125 851 2186 metro,
874 2137 942 2206 cum
966 2119 1052 2178 etiam
1076 2105 1140 2178 sine
1162 2118 1224 2198 ipsa
1247 2127 1325 2178 stare
1348 2116 1509 2197 potuisset?
1535 2135 1596 2175 non.

314 2239 385 2298 ergo
408 2219 510 2280 babuit
531 2219 808 2298 reprehensionem,
838 2222 907 2298 quia
930 2221 1018 2326 etiam
1039 2222 1068 2279 in
1093 2238 1178 2280 versu
1200 2228 1303 2300 posset
1325 2236 1405 2288 esse,
1429 2221 1454 2278 si
1477 2236 1535 2279 non
1557 2219 1597 2278 in·

313 2331 522 2402 terponeretur
544 2321 598 2382 alia
622 2320 671 2382 illa
694 2323 1589 2384 littera..

398 2423 554 2486 Praeterea
583 2427 750 2503 quaeritur,
780 2443 866 2504 quem
897 2423 1081 2485 admodum
1110 2425 1159 2484 liat
1185 2425 1215 2484 in
1238 2424 1406 2503 peregrinis
1429 2421 1535 2482 verbis
1576 2423 1598 2481 si

312 2526 391 2586 enim
414 2525 521 2587 latinus
543 2527 632 2587 luerit
659 2545 771 2596 sermo,
802 2525 968 2607 appellatur
996 2525 1212 2595 barbarismum
1246 2528 1271 2586 si
1300 2526 1477 2605 peregrinus
1505 2524 1630 2593 luerit‚²⁰

312 2625 474 2708 appellatur
504 2626 719 2698 barbarolexis,
750 2638 782 2689 ut
810 2637 879 2709 puta
910 2629 985 2708 siqui
1013 2629 1090 2689 dicat
1117 2637 1267 2705 mastruga
1295 2625 1421 2704 magalia
1449 2635 1479 2686 et
1500 2627 1597 2686 cateia.

312 2737 459 2808 mastruga
483 2747 585 2809 sagum
609 2729 717 2792 dicitur
745 2731 844 2810 lingua
868 2731 1043 2800 Sardorum:
1073 2731 1198 2809 magalia
1225 2731 1365 2790 dicuntur
1392 2746 1479 2788 casae
1506 2728 1600 2806 lingua

312 2829 491 2915 dirorum-l
517 2832 607 2893 calcia
631 2832 722 2893 telum
746 2832 871 2894 dicimus
893 2833 991 2913 lingua
1007 2834 1181 2901 Persarum;
1205 2834 1340 2894 acinaces
1358 2831 1484 2892 dicimus
1508 2830 1600 2909 lingua

313 2934 464 2997 Medorum
492 2932 630 3013 gladium.
676 2937 706 2995 in
734 2936 798 3027 istis
826 2935 924 2997 verbis
953 2936 1029 3015 siqui
1056 2936 1237 3015 peccaverit,
1272 2953 1332 2994 non
1362 2933 1472 2994 dicitur
1500 2934 1600 2993 iecisse
1709 3005 1710 3016 ἵ

315 3035 546 3105 barbarismum,
575 3054 633 3096 non
658 3036 765 3097 dicitur
793 3038 899 3099 iecisse
922 3036 1161 3117 metaplasmum,
1190 3037 1244 3097 sed
1273 3037 1381 3097 dicitur
1404 3035 1513 3096 iecisse
1534 3034 1630 3095 tar-a

314 3137 477 3199 barolexin.
522 3139 597 3217 siqui
620 3139 688 3199 velit
717 3139 817 3199 dicere
846 3149 994 3218 mastruga
1024 3148 1074 3199 aut
1095 3140 1189 3199 cateia
1212 3147 1261 3199 aut
1283 3137 1424 3216 trogalia,
1454 3138 1478 3197 si
1502 3155 1600 3217 pecca-

313 3243 388 3327 verit
407 3242 440 3301 in
463 3242 527 3300 istis
549 3240 621 3319 ipsis
645 3240 756 3309 verbis,
782 3260 841 3301 non
870 3240 978 3301 dicitur
1003 3240 1204 3302 barbarismus
1230 3250 1281 3301 aut
1303 3239 1529 3319 metaplasmus,
1551 3238 1599 3299 sed

314 3340 526 3401 barbarolexis

196 3456 253 3514 tlt,
269 3457 300 3505 ta
397 3441 500 3503 Omnis
528 3442 787 3506 barwtrartsmusat
815 3444 910 3505 modis
937 3444 1068 3514 duobus,
1098 3454 1148 3505 aut
1176 3446 1367 3524 pronuntiatu
1396 3451 1446 3504 aut
1475 3445 1599 3523 scriptu:

315 3545 515 3625 pronuntiatu
539 3545 564 3605 si
587 3545 676 3607 addas
699 3546 826 3607 litteram
850 3546 895 3607 vel
918 3546 1072 3617 detraham
1096 3546 1201 3616 addas,
1225 3549 1250 3606 si
1273 3546 1354 3606 dicas
1376 3544 1528 3625 relliquias
1550 3553 1632 3624 prote

261 3646 466 3726 reliquias;
491 3646 638 3718 detrahas,
662 3650 686 3713 si
710 3646 788 3709 dicas
804 3648 935 3709 Porsena
958 3668 1012 3727 pro
1036 3668 1070 3709 eo
1094 3648 1170 3728 quod
1193 3658 1238 3709 est
1252 3648 1404 3710 Porsenna
1429 3646 1513 3728 [nec
1535 3666 1600 3707 non
1709 3641 1710 3644 ’

313 3756 347 3809 et
369 3748 633 3829 larquinius],
663 3748 769 3809 ‘lrarrc
798 3759 971 3830 spectare
1000 3769 1141 3811 manum
1166 3750 1328 3811 Porsena
1357 3768 1428 3810 uon
1456 3750 1600 3829 potuit'.

383 3954 398 4001 7
414 3952 545 4016 relliquias
562 3953 601 4005 B:
624 3955 702 4017 Verp.
719 3955 783 4003 Aen.
807 3956 813 4002 l
832 3953 866 4004 30
953 3954 969 4004 8
987 3970 1035 4003 ooo
1055 3956 1121 4003 enim
1141 3971 1168 4003 re
1187 3953 1333 4002 naturaliter
1351 3954 1437 4003 breuis
1456 3964 1494 4003 est
1509 3954 1535 4004 B
1553 3967 1599 4001 ιιοι

312 4030 350 4069 eat
372 4022 439 4070 enim
460 4020 608 4072 naturaliter
630 4024 715 4072 breuis
733 4032 770 4072 est
789 4025 809 4075 C
827 4039 876 4074 nou
894 4033 932 4073 est
952 4026 1018 4074 enim
1039 4025 1186 4075 naturaliter
1204 4022 1323 4072 breuisS
1340 4037 1390 4072 uon
1408 4039 1436 4072 re
1456 4024 1599 4073 naturaliter

313 4092 397 4141 breuis
416 4102 453 4141 est
469 4094 491 4141 P
545 4092 577 4143 10
596 4092 704 4142 uoluerit
723 4107 852 4143 occurrere
872 4094 943 4145 BSe
960 4094 1068 4144 uoluerit
1083 4110 1186 4145 occurre
1202 4093 1223 4143 0
1238 4095 1373 4143 occurrerit
1385 4096 1411 4144 P
1459 4094 1600 4144 necessitati

311 4170 418 4227 utroque
438 4160 529 4213 lacoS
544 4163 694 4213 necessitate
711 4164 792 4213 BCP
845 4165 876 4215 13
896 4166 921 4213 iu
941 4163 989 4214 ltoc
1006 4166 1083 4214 verbo
1104 4165 1289 4214 Lindemannuc
1349 4162 1537 4214 lituormGS

313 4232 345 4281 17
359 4234 417 4295 quia
429 4234 616 4283 Liaderaaaaaa
628 4248 693 4295 quae
707 4232 782 4283 BOS
827 4235 859 4286 21
876 4234 1048 4285 barbarolexis
1063 4234 1086 4283 B
1099 4235 1221 4284 barbaros
1234 4232 1299 4282 lexis
1311 4234 1332 4282 C
1343 4233 1469 4282 barbaros
1484 4234 1549 4281 lexis
1560 4234 1601 4283 ΒΡ

382 4310 509 4355 mastruca
527 4304 552 4351 Ρ
601 4303 634 4351 ’22
652 4313 779 4352 mastruca
797 4300 860 4369 iuga
878 4306 969 4354 dicitur
986 4306 1011 4353 P
1063 4304 1097 4353 25
1116 4302 1290 4354 barbarolexis
1308 4304 1330 4351 B
1336 4304 1378 4352 Pa
1395 4305 1520 4353 barbarea
1535 4302 1599 4352 lexin

314 4372 359 4421 OS
428 4372 463 4423 ’26
481 4384 610 4438 mastruga
630 4372 671 4423 Ba
691 4382 838 4439 mastrugga
857 4376 871 4424 b
890 4386 1018 4440 mastruga
1040 4374 1121 4440 (corr,
1142 4371 1304 4439 mastrugga)
1324 4384 1368 4421 aut
1385 4386 1519 4438 mastruga
1537 4376 1557 4423 C

312 4441 346 4490 ’28
366 4442 485 4492 barbaros
506 4442 611 4493 texisti
679 4442 710 4494 31
731 4444 751 4491 si
771 4444 842 4493 dicas
860 4460 971 4509 porsena
990 4444 1215 4510 proporsentaP
1283 4456 1328 4491 nec
1347 4440 1409 4509 noa]
1437 4444 1517 4508 Verp.
1536 4444 1597 4493 Aen.

314 4511 370 4561 Vlll
388 4512 439 4561 aaa
461 4528 507 4561 nec
531 4526 580 4561 noa
597 4512 761 4575 Tarquinium
781 4515 887 4565 eiectum
906 4515 1035 4565 Porsenna
1054 4514 1165 4567 iubebat.
1203 4514 1341 4575 exoptant
1363 4514 1477 4578 Vergilii
1494 4514 1600 4564 additura

313 4596 367 4631 ease
385 4582 483 4632 uidetur
501 4583 532 4632 ab
551 4584 648 4647 aliquo,
667 4586 711 4649 qai
727 4598 742 4632 n
764 4585 871 4634 litteram
888 4587 962 4635 metri
978 4599 1058 4634 cauco
1075 4584 1188 4635 additam
1204 4584 1325 4646 putabat,
1344 4600 1398 4632 οισι
1410 4585 1519 4646 proprie
1535 4584 1599 4633 dice-

313 4661 382 4701 r·etm
399 4652 524 4702 Porsena.
543 4652 578 4714 cf.
598 4651 672 4705 Sero.
693 4656 718 4703 ia
740 4656 820 4718 Verp.
840 4657 857 4707 t
872 4670 895 4709 c
915 4656 1000 4704 eodem
1010 4658 1141 4717 pertinere
1154 4654 1253 4703 videtur
1267 4653 1328 4717 286,
1340 4653 1415 4705 aitte
1433 4654 1533 4703 addidit

313 4722 346 4771 32
365 4722 514 4783 tarquianus
534 4726 613 4785 (corr.
642 4724 796 4786 tarquinius)
818 4724 925 4805 prialran
941 4724 1008 4773 hanc
1030 4724 1055 4772 B
1072 4724 1212 4787 tarquinius
1231 4724 1332 4788 priscus
1350 4724 1416 4773 banc
1434 4722 1455 4771 S
1523 4718 1595 4788 lianc]

313 4806 430 4856 Martiat.
449 4809 528 4872 epigr.
550 4807 608 4857 l‘ll
630 4807 702 4869 (22),
721 4810 827 4859 burele
846 4826 921 4873 quam
939 4810 1021 4876 potuit
1038 4810 1319 4876 contemptoblncius
1313 4824 1381 4876 igue,
1400 4810 1471 4859 lianc
1487 4818 1600 4875 spectare

313 4890 414 4925 manum
434 4877 545 4927 Porsena
562 4892 612 4926 non
627 4880 708 4942 potuit
