3525 5600
327 383 388 450 140
893 391 1044 453 POMPEll

351 504 371 550 p.
385 499 461 538 et-oe
475 495 497 538 t

324 568 481 656 possumus
502 596 566 639 rem
588 577 673 639 istam
695 580 796 658 sequi,
821 597 881 640 non
905 579 987 650 dico,
1017 578 1089 640 illud
1113 571 1200 658 longe
1223 587 1253 641 ει
1275 578 1478 642 rationabilius
1501 588 1530 640 et
1551 581 1611 642 lor·

324 680 382 740 tius
405 687 435 740 et
457 683 553 741 verius
574 688 633 750 est,
662 680 742 758 quoti
763 679 814 742 ille
841 683 977 742 tractavit
997 683 1028 742 in
1050 680 1109 741 illis
1131 680 1296 761 speciebus.
1342 682 1430 744 modo
1454 681 1611 754 videamus,

324 798 412 858 quern
435 783 471 842 ad
494 783 612 843 modum
629 783 701 844 dicit
715 784 844 844 Donatus
867 787 975 846 ‘omne
997 802 1106 845 nomen
1129 791 1179 846 aut
1195 786 1351 864 proprium
1375 792 1490 846 estant
1512 784 1613 864 appel·

324 880 471 946 lativum’.
502 885 527 944 si
548 887 703 965 proprium
726 905 786 947 non
808 887 911 956 luerit,
935 887 1032 946 statim
1055 885 1262 966 appellativum
1277 893 1335 957 est;
1357 887 1383 948 si
1405 886 1611 966 appellativum

323 1003 382 1046 uon
404 985 507 1056 luerit,
531 989 628 1048 statim
651 990 804 1077 proprium
828 996 872 1049 est
894 988 970 1068 apud
993 988 1123 1049 Latinos
1168 987 1220 1049 sed
1243 991 1364 1070 proprie
1387 991 1507 1050 nomina
1531 996 1637 1070 quat-5

323 1096 390 1149 tuor
417 1088 528 1150 hebent
555 1090 684 1169 species,
714 1109 895 1171 praenomen
925 1109 1033 1152 nornen
1062 1109 1225 1170 cognomen
1249 1109 1411 1170 agnomen;
1440 1089 1614 1172 appellativa

323 1192 441 1252 nomina
468 1193 569 1270 viginti
597 1201 626 1253 et
655 1201 767 1272 septem
795 1195 912 1274 species
939 1193 1058 1254 babent.
1104 1193 1217 1254 videtur
1246 1197 1330 1272 quasi
1358 1193 1467 1256 durum
1496 1212 1564 1254 esse
1587 1203 1615 1253 ει

323 1290 441 1354 tlillicile
464 1293 579 1362 dispone
603 1295 705 1372 viginti
728 1304 757 1356 et
779 1304 892 1374 septem
915 1297 1038 1374 species.
1083 1313 1154 1374 ergo
1176 1314 1302 1375 sequere
1323 1289 1388 1358 rem
1410 1293 1544 1366 facilem,
1569 1314 1613 1356 se-

219 1459 226 1482 x
322 1415 414 1474 quere
441 1396 496 1456 bas
523 1415 572 1457 res
595 1404 732 1476 quattuor
760 1399 952 1476 propriorum
981 1399 1142 1460 nominum.
1182 1415 1247 1458 cum
1270 1398 1367 1459 disces
1389 1396 1442 1457 bas
1464 1406 1612 1475 quattuor,

323 1516 381 1556 non
405 1497 499 1558 solum
522 1498 576 1558 bas
598 1500 737 1579 quattuor
756 1499 861 1569 disces,
885 1499 938 1560 sed
962 1503 1049 1562 etiam
1071 1503 1148 1562 scies
1170 1485 1309 1580 quonlam
1332 1499 1469 1581 quicquid
1492 1508 1613 1580 praeter
1627 1522 1647 1559 n

322 1598 375 1658 bas
399 1607 537 1676 quattuor
559 1601 649 1662 luerit
671 1603 700 1662 in
722 1601 779 1662 illis
794 1600 978 1681 appellativis
1000 1611 1052 1664 est
1083 1621 1154 1680 ergo
1171 1622 1230 1665 uno
1246 1621 1337 1682 opere
1358 1608 1517 1682 utrumque
1534 1601 1613 1672 lacis,

322 1707 352 1760 et
374 1700 465 1761 discis
492 1703 605 1781 proprii
634 1704 761 1763 nominis
789 1705 977 1775 divisionem,
1007 1713 1035 1765 et
1062 1689 1201 1785 quicquid
1229 1706 1260 1766 in
1288 1707 1351 1765 istis
1379 1711 1518 1784 quattuor
1546 1723 1613 1786 par·
1713 1783 1714 1790 ἵ

322 1803 399 1864 tibus
422 1822 480 1864 non
503 1803 593 1865 luerit
616 1811 822 1884 conputatum,
847 1807 877 1866 in
901 1805 958 1868 illis
980 1807 1038 1866 iam
1061 1809 1137 1867 scies
1161 1825 1235 1866 esse.
1713 1869 1714 1886 p

275 1910 308 1959 Α
405 1906 550 1977 Quattuor
582 1916 651 1967 sunt
681 1914 781 1988 partes
812 1910 926 1988 proprii
960 1911 1097 1970 nominis.
1142 1909 1215 1969 istae
1244 1914 1312 1969 sunt
1339 1914 1477 1989 quattuor
1499 1913 1610 1988 partes,
1713 1891 1714 1948 l

320 2027 501 2088 praenomen
530 2027 638 2070 nomen
668 2028 834 2088 cognomen
861 2028 1020 2088 agnomen.
1062 2026 1245 2090 praenomen
1274 2010 1381 2071 dicitur
1403 2009 1482 2090 quod
1506 2010 1538 2068 in
1561 2007 1611 2089 loj-
1628 2032 1647 2069 e
1713 2009 1714 2070 3

320 2109 437 2190 quendo
459 2113 662 2191 praeponitur.
695 2093 738 2173 ⁴ut
758 2119 836 2191 puta.
852 2112 973 2174 Publius
995 2111 1112 2193 qnando
1135 2113 1274 2187 elicimus,
1299 2131 1481 2192 praenomen
1505 2118 1567 2181 est,
1590 2111 1614 2169 si
1713 2099 1714 2142 ³

302 2213 401 2288 ,dicas
423 2210 544 2274 Publius
566 2213 721 2292 Vergilius.
752 2213 895 2294 numquid
920 2218 998 2276 enirn
1022 2221 1106 2294 potes
1128 2214 1228 2275 dicere
1252 2213 1398 2292 Vergilius
1420 2212 1564 2274 Publius?
1591 2213 1615 2272 si

319 2315 400 2377 dices
421 2313 530 2375 liucius
553 2313 717 2378 Sallustius.
745 2317 890 2397 ‘nuvnquid
913 2317 987 2378 dicis
1009 2316 1163 2378 Sallustius
1185 2316 1294 2376 Lucius
1317 2314 1399 2376 verbi
1421 2314 1531 2374 causei
1549 2332 1613 2374 non
1713 2343 1714 2400 p

318 2435 475 2496 possumus
497 2417 599 2477 dicere
620 2419 669 2480 ita.
702 2437 774 2497 ergo
796 2420 863 2479 ideo
887 2417 1024 2479 dicuntur
1047 2421 1255 2498 praenomine,
1279 2418 1418 2498 quoniam
1441 2415 1614 2477 nominibus

318 2519 538 2598 praeferuntur.
583 2519 655 2580 elicit
682 2539 745 2582 rem
774 2521 972 2600 superfluam:
1006 2521 1197 2602 praenomina
1219 2526 1317 2582 autem
1341 2525 1480 2579 notantur
1503 2525 1557 2579 aut
1579 2517 1648 2582 dero

318 2621 442 2698 singulis
469 2620 592 2691 litteris,
621 2629 692 2701 puta
721 2622 768 2682 lac
796 2622 836 2692 P,
866 2628 895 2682 et
923 2624 1068 2701 significat
1095 2622 1233 2692 Publius,
1268 2622 1315 2682 lac
1337 2621 1376 2691 G,
1407 2627 1436 2680 et
1468 2621 1616 2700 significat

319 2724 423 2792 Gaius;
453 2731 503 2784 aut
530 2724 567 2785 de
594 2722 709 2813 duabus
737 2723 856 2793 litteris,
886 2725 932 2784 lac
961 2726 985 2786 G
1009 2733 1038 2784 et
1060 2725 1099 2795 N,
1123 2733 1152 2786 et
1173 2725 1317 2803 significat
1339 2725 1473 2792 Gnaeum
1503 2730 1558 2783 aut
1580 2722 1615 2782 de

318 2827 414 2890 tribus
441 2826 565 2896 litteris,
593 2826 639 2887 lac
668 2828 753 2895 SEX,
783 2834 811 2887 et
839 2829 984 2904 signiticat
1012 2830 1127 2889 Sextus.
1174 2827 1290 2887 interim
1319 2828 1398 2887 scire
1427 2826 1519 2887 debes
1549 2828 1613 2905 quin
1713 2828 1714 2871 l

318 2930 511 3007 praenomina
539 2937 609 2988 sunt
637 2946 711 3007 quae
741 2930 911 2990 cornicibus
944 2938 1176 3009 praeponuntur.
1221 2930 1339 2989 nomina
1369 2928 1508 2989 dicuntur
1539 2946 1615 3007 qnae
1649 2932 1654 2943 '

318 3038 386 3091 snut
407 3033 575 3091 communia
597 3030 730 3092 familiis:
754 3050 813 3091 non
836 3030 987 3091 bominum
1013 3050 1118 3092 nomen
1143 3030 1194 3091 setl
1220 3029 1362 3099 larrriliae,
1393 3039 1425 3091 ut
1447 3037 1517 3111 puta
1542 3030 1647 3091 Cor-ce
1713 3028 1714 3093 l

286 3138 289 3146 “
319 3132 396 3193 nella
423 3132 542 3193 faenilia.
587 3141 731 3213 quotquot
758 3134 836 3193 errius
865 3133 984 3193 luerunt
1012 3132 1049 3192 de
1077 3131 1126 3193 illa
1154 3132 1279 3201 larvvilia,
1308 3134 1349 3192 sic
1378 3130 1613 3212 appellabantur,

319 3234 457 3295 Cornelii.
502 3254 572 3313 ergo
600 3234 755 3298 Cornelius
782 3233 948 3314 appellatur
970 3254 1094 3303 nornen,
1124 3235 1202 3313 quod
1227 3241 1272 3295 est
1294 3253 1451 3296 commune
1475 3234 1613 3303 familiae,

318 3338 395 3397 sicut
417 3336 560 3397 Lentulus
581 3338 667 3399 Sura.
712 3336 800 3397 modo
823 3338 853 3396 in
877 3356 932 3398 usu
956 3336 1041 3397 aliter·
1063 3342 1215 3417 putauuts:
1241 3354 1349 3398 nomen
1373 3344 1512 3416 putamus
1536 3334 1614 3416 qnod
1713 3368 1714 3397 ι

319 3443 363 3497 est
385 3440 548 3516 proprium.
579 3458 689 3500 nomen
713 3445 757 3498 est
779 3446 876 3498 autern
900 3439 977 3519 quod
1002 3447 1048 3499 εει
1069 3457 1225 3499 commune
1244 3442 1248 3515 Ι
1268 3437 1414 3507 lamiliac;
1443 3438 1521 3519 qtrod
1546 3457 1614 3519 pro·

317 3541 415 3618 prium
439 3547 484 3601 est
506 3542 594 3600 unius
615 3542 758 3620 cuiusque
773 3558 939 3618 cognomen
961 3540 1136 3620 appellatur.
1166 3540 1245 3621 quod
1269 3547 1365 3602 eutem
1389 3550 1434 3603 est
1456 3560 1648 3602 communen»
1713 3548 1714 3605 l

319 3640 447 3702 familiae
475 3660 535 3702 noo
563 3642 729 3723 appelletur
751 3660 946 3720 cognomens
963 3644 1014 3703 secl
1038 3641 1203 3723 appellatur
1227 3661 1343 3703 nomen.
1388 3641 1468 3704 uode
1490 3649 1616 3721 apparet

318 3744 375 3805 boc
407 3745 524 3823 ipsum?
557 3764 593 3805 ex
628 3742 726 3815 verbis
755 3744 889 3823 Vergilii:
926 3744 1071 3823 Vergilius
1097 3744 1155 3805 boc
1183 3742 1274 3805 verbo
1307 3746 1412 3813 utitur,
1445 3744 1613 3805 ‘nomine
1713 3778 1714 3793 .

317 3863 420 3905 evum
447 3847 647 3907 relerens’.
694 3864 765 3926 ergo
789 3848 902 3925 etipse
926 3856 955 3907 et
977 3865 1048 3906 avus
1070 3850 1162 3925 ipsius
1191 3864 1250 3907 uno
1279 3849 1399 3908 nominc
1423 3845 1614 3919 vocabantur.
1713 3876 1714 3879 ¹

318 3966 389 4008 ecce
411 3967 459 4009 res
482 3954 526 4007 est
553 3950 718 4010 communis
745 3948 884 4010 lamiliae.
929 3949 1116 4009 econtrario
1139 3948 1191 4009 ubi
1214 3947 1303 4009 voluit
1324 3950 1479 4028 proprium
1503 3967 1612 4009 nomen
1713 3988 1714 3991 κ

318 4047 493 4120 ostendere,
523 4052 563 4110 ait
591 4053 667 4112 ‘cui
690 4049 844 4111 Remulo
872 4068 1078 4129 cognomen
1102 4056 1208 4111 erat’.
1255 4069 1327 4129 ergo
1350 4050 1468 4128 quando
1491 4050 1529 4110 de
1553 4068 1647 4115 unoea

317 4152 480 4232 loquimur,
510 4170 675 4231 cognomen
705 4154 843 4221 dicimus;
873 4146 992 4232 quando
1020 4152 1057 4213 de
1087 4152 1194 4214 familia
1220 4152 1383 4233 loquimur,
1408 4171 1516 4213 nomeu
1540 4151 1612 4212 dici-

318 4273 393 4315 mus.
431 4261 461 4313 et
483 4255 540 4314 boc
562 4256 685 4315 recessit
706 4253 743 4314 ab
766 4274 820 4315 usn
843 4256 970 4334 penitus.
1017 4272 1076 4316 non
1098 4274 1256 4335 possumus
1278 4254 1379 4316 dicere
1401 4252 1490 4315 bodie
1512 4252 1612 4331 ‘quoti

390 4476 749 4528 10sciesBoseisAscios
767 4476 806 4525 Cb
860 4476 893 4527 12
904 4478 1032 4541 propriam
1046 4473 1119 4528 ABG
1172 4476 1204 4529 13
1217 4484 1332 4541 putatum
1347 4476 1420 4527 ΑΒΘ
1469 4475 1536 4525 scies
1551 4475 1613 4525 Bca

318 4548 368 4598 scis
387 4546 411 4595 A
467 4547 500 4598 18
518 4560 567 4595 non
580 4547 752 4611 poesuanG
798 4547 831 4595 22
848 4547 920 4595 etde
940 4548 1117 4597 tribnsABO
1166 4549 1199 4597 2⁵
1220 4546 1614 4597 nonhomioumnomeosedG

318 4626 342 4667 et
359 4617 441 4669 deleto
458 4634 482 4671 o.
502 4632 593 4666 nomen
610 4618 635 4666 A
652 4632 702 4665 non
722 4616 836 4675 (nomine
849 4616 910 4669 add.
926 4632 982 4679 cup.
996 4620 1052 4679 lia.)
1070 4617 1200 4667 hominum
1219 4618 1264 4667 sed
1279 4618 1304 4667 B
1357 4616 1391 4667 ‘26
1409 4622 1531 4681 quotquot
1545 4617 1610 4665 enirn

319 4686 507 4751 (enimoma)
529 4687 629 4737 luerunt
648 4688 680 4736 de
699 4684 1016 4747 illalumitieBGa,om,
1034 4688 1058 4736 A
1121 4686 1287 4738 28snrrffB
1345 4686 1466 4750 eoquod
1485 4696 1523 4735 εει
1542 4700 1612 4735 cum·
1713 4732 1714 4735 ,

320 4772 395 4807 mune
414 4758 501 4808 BGn:
521 4759 588 4821 quod
606 4767 704 4807 estora.
723 4757 748 4806 A
818 4754 851 4805 32
870 4752 982 4822 nomine]
1008 4760 1087 4822 Verp.
1108 4758 1172 4810 Aen.
1191 4757 1235 4805 llll
1256 4758 1308 4809 348
1359 4756 1393 4807 33
1412 4756 1494 4819 ipsius
1512 4770 1558 4805 om.
1577 4754 1610 4809 A.

319 4829 373 4877 odd
400 4844 417 4875 a
471 4827 860 4877 aecommunistinoemannm
879 4840 1012 4877 commune
1032 4828 1113 4879 ABG
1162 4828 1196 4879 35
1216 4826 1267 4894 eui]
1288 4829 1366 4893 Verp‚
1387 4826 1453 4877 Aen.
1473 4826 1543 4874 Vllll
1561 4824 1611 4875 aut

389 4896 423 4947 36
442 4896 542 4960 quoodo
558 4896 590 4946 de
608 4896 703 4946 inmitia
721 4898 793 4947 Boc
808 4897 910 4959 quondo
930 4896 1042 4948 lemtliee
1059 4898 1084 4948 A
1143 4898 1176 4949 37
1196 4896 1272 4948 bodie
1290 4913 1335 4951 orn.
1357 4898 1390 4957 A,
1408 4895 1469 4947 add.
1488 4912 1505 4945 a
