<?xml version="1.0" encoding="UTF-8"?>
<!DOCTYPE html PUBLIC "-//W3C//DTD XHTML 1.0 Transitional//EN"
    "http://www.w3.org/TR/xhtml1/DTD/xhtml1-transitional.dtd">
<html xmlns="http://www.w3.org/1999/xhtml" xml:lang="en" lang="en">
 <head>
  <title>
</title>
<meta http-equiv="Content-Type" content="text/html;charset=utf-8" />
  <meta name='ocr-system' content='tesseract 3.04.00' />
  <meta name='ocr-capabilities' content='ocr_page ocr_carea ocr_par ocr_line ocrx_word'/>
</head>
<body>
  <div class='ocr_page' id='page_1' title='image "./grammaticilatin03hagagoog_0283.png"; bbox 0 0 3525 5600; ppageno 0'>
   <div class='ocr_carea' id='block_1_1' title="bbox 672 349 1440 470">
    <p class='ocr_par' dir='ltr' id='par_1_1' title="bbox 672 349 1440 470">
     <span class='ocr_line' id='line_1_1' title="bbox 672 349 1440 470; baseline -0.004 -1"><span class='ocrx_word' id='word_1_1' title='bbox 672 407 909 470; x_wconf 75' lang='lat' dir='ltr'>conuentum</span> <span class='ocrx_word' id='word_1_2' title='bbox 1302 349 1307 373; x_wconf 38' lang='lat'><strong>⁴</strong></span> <span class='ocrx_word' id='word_1_3' title='bbox 1376 403 1440 468; x_wconf 77' lang='lat'>273</span> 
     </span>
    </p>
   </div>
   <div class='ocr_carea' id='block_1_2' title="bbox 127 513 1563 4037">
    <p class='ocr_par' dir='ltr' id='par_1_2' title="bbox 139 513 1556 1486">
     <span class='ocr_line' id='line_1_2' title="bbox 1260 513 1416 568; baseline -0.013 -12"><span class='ocrx_word' id='word_1_4' title='bbox 1260 513 1416 568; x_wconf 55' lang='lat' dir='ltr'>pass-etl„</span> 
     </span>
     <span class='ocr_line' id='line_1_3' title="bbox 161 594 1442 676; baseline -0.002 -20"><span class='ocrx_word' id='word_1_5' title='bbox 161 595 290 676; x_wconf 88' lang='lat' dir='ltr'>parictem</span> <span class='ocrx_word' id='word_1_6' title='bbox 312 599 366 674; x_wconf 90' lang='lat' dir='ltr'>p&#39;er</span> <span class='ocrx_word' id='word_1_7' title='bbox 388 596 526 674; x_wconf 89' lang='lat' dir='ltr'>parietes.</span> <span class='ocrx_word' id='word_1_8' title='bbox 564 597 635 656; x_wconf 86' lang='lat' dir='ltr'>item</span> <span class='ocrx_word' id='word_1_9' title='bbox 658 595 726 656; x_wconf 90' lang='lat' dir='ltr'>illae</span> <span class='ocrx_word' id='word_1_10' title='bbox 749 595 907 667; x_wconf 74' lang='lat' dir='ltr'>ablativae,</span> <span class='ocrx_word' id='word_1_11' title='bbox 936 614 952 654; x_wconf 92' lang='lat' dir='ltr'>a</span> <span class='ocrx_word' id='word_1_12' title='bbox 975 594 1013 656; x_wconf 86' lang='lat' dir='ltr'>ab</span> <span class='ocrx_word' id='word_1_13' title='bbox 1035 594 1088 656; x_wconf 88' lang='lat' dir='ltr'>abs</span> <span class='ocrx_word' id='word_1_14' title='bbox 1108 613 1175 656; x_wconf 90' lang='lat' dir='ltr'>cum</span> <span class='ocrx_word' id='word_1_15' title='bbox 1198 613 1299 654; x_wconf 90' lang='lat' dir='ltr'>curam</span> <span class='ocrx_word' id='word_1_16' title='bbox 1322 603 1351 655; x_wconf 89' lang='lat' dir='ltr'>et</span> <span class='ocrx_word' id='word_1_17' title='bbox 1371 594 1442 654; x_wconf 89' lang='lat' dir='ltr'>reli-</span> 
     </span>
     <span class='ocr_line' id='line_1_4' title="bbox 161 694 1440 776; baseline 0 -20"><span class='ocrx_word' id='word_1_18' title='bbox 161 713 235 774; x_wconf 88' lang='lat' dir='ltr'>quae;</span> <span class='ocrx_word' id='word_1_19' title='bbox 265 697 340 755; x_wconf 85' lang='lat' dir='ltr'>istae</span> <span class='ocrx_word' id='word_1_20' title='bbox 367 703 479 757; x_wconf 88' lang='lat' dir='ltr'>tantum</span> <span class='ocrx_word' id='word_1_21' title='bbox 509 696 635 758; x_wconf 85' lang='lat' dir='ltr'>ablativo</span> <span class='ocrx_word' id='word_1_22' title='bbox 663 700 836 776; x_wconf 87' lang='lat' dir='ltr'>iunguntur.</span> <span class='ocrx_word' id='word_1_23' title='bbox 881 698 934 758; x_wconf 91' lang='lat' dir='ltr'>sed</span> <span class='ocrx_word' id='word_1_24' title='bbox 967 700 999 757; x_wconf 89' lang='lat' dir='ltr'>in</span> <span class='ocrx_word' id='word_1_25' title='bbox 1025 699 1091 758; x_wconf 89' lang='lat' dir='ltr'>istis</span> <span class='ocrx_word' id='word_1_26' title='bbox 1118 696 1253 758; x_wconf 87' lang='lat' dir='ltr'>ablativis</span> <span class='ocrx_word' id='word_1_27' title='bbox 1276 705 1305 757; x_wconf 91' lang='lat' dir='ltr'>et</span> <span class='ocrx_word' id='word_1_28' title='bbox 1326 699 1356 756; x_wconf 90' lang='lat' dir='ltr'>in</span> <span class='ocrx_word' id='word_1_29' title='bbox 1379 694 1440 756; x_wconf 89' lang='lat' dir='ltr'>illis</span> 
     </span>
     <span class='ocr_line' id='line_1_5' title="bbox 160 797 1541 898; baseline -0.001 -40"><span class='ocrx_word' id='word_1_30' title='bbox 160 799 320 858; x_wconf 81' lang='lat' dir='ltr'>accusativis</span> <span class='ocrx_word' id='word_1_31' title='bbox 342 804 410 858; x_wconf 90' lang='lat' dir='ltr'>sunt</span> <span class='ocrx_word' id='word_1_32' title='bbox 432 797 545 878; x_wconf 87' lang='lat' dir='ltr'>aliquae</span> <span class='ocrx_word' id='word_1_33' title='bbox 568 818 644 878; x_wconf 89' lang='lat' dir='ltr'>quae</span> <span class='ocrx_word' id='word_1_34' title='bbox 667 801 696 860; x_wconf 91' lang='lat' dir='ltr'>in</span> <span class='ocrx_word' id='word_1_35' title='bbox 721 799 936 861; x_wconf 73' lang='lat' dir='ltr'>dubitationem</span> <span class='ocrx_word' id='word_1_36' title='bbox 960 801 1089 860; x_wconf 91' lang='lat' dir='ltr'>veniunt.</span> <span class='ocrx_word' id='word_1_37' title='bbox 1123 817 1193 858; x_wconf 89' lang='lat' dir='ltr'>ecee</span> <span class='ocrx_word' id='word_1_38' title='bbox 1215 801 1245 858; x_wconf 92' lang='lat' dir='ltr'>in</span> <span class='ocrx_word' id='word_1_39' title='bbox 1268 798 1541 898; x_wconf 41' lang='lat' dir='ltr'>acconense&amp;</span> 
     </span>
     <span class='ocr_line' id='line_1_6' title="bbox 159 867 1556 982; baseline 0.001 -23"><span class='ocrx_word' id='word_1_40' title='bbox 159 901 204 960; x_wconf 80' lang='lat' dir='ltr'>liae</span> <span class='ocrx_word' id='word_1_41' title='bbox 229 900 260 958; x_wconf 95' lang='lat' dir='ltr'>in</span> <span class='ocrx_word' id='word_1_42' title='bbox 290 901 492 978; x_wconf 89' lang='lat' dir='ltr'>quaestionem</span> <span class='ocrx_word' id='word_1_43' title='bbox 520 903 654 962; x_wconf 86' lang='lat' dir='ltr'>veniunt:</span> <span class='ocrx_word' id='word_1_44' title='bbox 685 901 721 960; x_wconf 94' lang='lat' dir='ltr'>ad</span> <span class='ocrx_word' id='word_1_45' title='bbox 751 909 779 960; x_wconf 90' lang='lat' dir='ltr'>et</span> <span class='ocrx_word' id='word_1_46' title='bbox 807 903 885 982; x_wconf 91' lang='lat' dir='ltr'>apud</span> <span class='ocrx_word' id='word_1_47' title='bbox 913 903 1097 964; x_wconf 79' lang='lat' dir='ltr'>accusativae</span> <span class='ocrx_word' id='word_1_48' title='bbox 1127 909 1195 961; x_wconf 90' lang='lat' dir='ltr'>sunt</span> <span class='ocrx_word' id='word_1_49' title='bbox 1222 901 1360 981; x_wconf 79' lang='lat' dir='ltr'>quiidem,</span> <span class='ocrx_word' id='word_1_50' title='bbox 1389 900 1441 960; x_wconf 89' lang='lat' dir='ltr'>sed</span> <span class='ocrx_word' id='word_1_51' title='bbox 1453 867 1556 926; x_wconf 78' lang='lat' dir='ltr'>44.,tt</span> 
     </span>
     <span class='ocr_line' id='line_1_7' title="bbox 139 997 1441 1083; baseline 0.004 -25"><span class='ocrx_word' id='word_1_52' title='bbox 139 997 359 1062; x_wconf 71' lang='lat' dir='ltr'>alienationem</span> <span class='ocrx_word' id='word_1_53' title='bbox 382 1001 552 1082; x_wconf 88' lang='lat' dir='ltr'>relinquunt</span> <span class='ocrx_word' id='word_1_54' title='bbox 574 1005 603 1062; x_wconf 92' lang='lat' dir='ltr'>in</span> <span class='ocrx_word' id='word_1_55' title='bbox 627 1003 786 1082; x_wconf 88' lang='lat' dir='ltr'>loquendo.</span> <span class='ocrx_word' id='word_1_56' title='bbox 832 1002 951 1083; x_wconf 89' lang='lat' dir='ltr'>qnando</span> <span class='ocrx_word' id='word_1_57' title='bbox 973 1003 1009 1064; x_wconf 91' lang='lat' dir='ltr'>ad</span> <span class='ocrx_word' id='word_1_58' title='bbox 1030 1002 1129 1063; x_wconf 87' lang='lat' dir='ltr'>locum</span> <span class='ocrx_word' id='word_1_59' title='bbox 1153 1022 1207 1064; x_wconf 90' lang='lat' dir='ltr'>nos</span> <span class='ocrx_word' id='word_1_60' title='bbox 1229 1005 1273 1062; x_wconf 93' lang='lat' dir='ltr'>ire</span> <span class='ocrx_word' id='word_1_61' title='bbox 1295 1004 1441 1080; x_wconf 88' lang='lat' dir='ltr'>signitica-</span> 
     </span>
     <span class='ocr_line' id='line_1_8' title="bbox 159 1103 1442 1184; baseline 0 -21"><span class='ocrx_word' id='word_1_62' title='bbox 159 1123 226 1170; x_wconf 91' lang='lat' dir='ltr'>mus,</span> <span class='ocrx_word' id='word_1_63' title='bbox 250 1103 286 1163; x_wconf 92' lang='lat' dir='ltr'>ad</span> <span class='ocrx_word' id='word_1_64' title='bbox 310 1105 446 1181; x_wconf 90' lang='lat' dir='ltr'>ponitur;</span> <span class='ocrx_word' id='word_1_65' title='bbox 475 1105 593 1183; x_wconf 76' lang='lat' dir='ltr'>(quando</span> <span class='ocrx_word' id='word_1_66' title='bbox 622 1107 651 1164; x_wconf 92' lang='lat' dir='ltr'>in</span> <span class='ocrx_word' id='word_1_67' title='bbox 683 1103 747 1165; x_wconf 92' lang='lat' dir='ltr'>loco</span> <span class='ocrx_word' id='word_1_68' title='bbox 777 1125 897 1175; x_wconf 82' lang='lat' dir='ltr'>sumne,</span> <span class='ocrx_word' id='word_1_69' title='bbox 925 1105 1003 1184; x_wconf 91' lang='lat' dir='ltr'>apud</span> <span class='ocrx_word' id='word_1_70' title='bbox 1026 1108 1156 1183; x_wconf 90' lang='lat' dir='ltr'>ponitur.</span> <span class='ocrx_word' id='word_1_71' title='bbox 1200 1114 1270 1184; x_wconf 89' lang='lat' dir='ltr'>puta</span> <span class='ocrx_word' id='word_1_72' title='bbox 1293 1104 1347 1164; x_wconf 77' lang='lat' dir='ltr'>‘ad</span> <span class='ocrx_word' id='word_1_73' title='bbox 1371 1106 1442 1164; x_wconf 88' lang='lat' dir='ltr'>ami·</span> 
     </span>
     <span class='ocr_line' id='line_1_9' title="bbox 159 1205 1489 1289; baseline 0.002 -25"><span class='ocrx_word' id='word_1_74' title='bbox 159 1225 216 1264; x_wconf 86' lang='lat' dir='ltr'>rum</span> <span class='ocrx_word' id='word_1_75' title='bbox 239 1205 339 1273; x_wconf 92' lang='lat' dir='ltr'>vado&#39;,</span> <span class='ocrx_word' id='word_1_76' title='bbox 365 1206 460 1284; x_wconf 81' lang='lat' dir='ltr'>‘apud</span> <span class='ocrx_word' id='word_1_77' title='bbox 483 1210 610 1268; x_wconf 83' lang='lat' dir='ltr'>arcticum</span> <span class='ocrx_word' id='word_1_78' title='bbox 635 1210 732 1267; x_wconf 90' lang='lat' dir='ltr'>sum’:</span> <span class='ocrx_word' id='word_1_79' title='bbox 773 1227 831 1267; x_wconf 94' lang='lat' dir='ltr'>nou</span> <span class='ocrx_word' id='word_1_80' title='bbox 855 1226 977 1286; x_wconf 85' lang='lat' dir='ltr'>possum</span> <span class='ocrx_word' id='word_1_81' title='bbox 1001 1207 1100 1266; x_wconf 90' lang='lat' dir='ltr'>dicere</span> <span class='ocrx_word' id='word_1_82' title='bbox 1123 1215 1173 1267; x_wconf 91' lang='lat' dir='ltr'>aut</span> <span class='ocrx_word' id='word_1_83' title='bbox 1196 1207 1291 1286; x_wconf 80' lang='lat' dir='ltr'>‘apud</span> <span class='ocrx_word' id='word_1_84' title='bbox 1315 1209 1442 1266; x_wconf 89' lang='lat' dir='ltr'>amicum</span> <span class='ocrx_word' id='word_1_85' title='bbox 1482 1276 1489 1289; x_wconf 92' lang='lat'><strong><em>.</em></strong></span> 
     </span>
     <span class='ocr_line' id='line_1_10' title="bbox 158 1306 1442 1388; baseline 0.002 -22"><span class='ocrx_word' id='word_1_86' title='bbox 158 1306 238 1366; x_wconf 90' lang='lat' dir='ltr'>vado&#39;</span> <span class='ocrx_word' id='word_1_87' title='bbox 265 1315 314 1368; x_wconf 92' lang='lat' dir='ltr'>aut</span> <span class='ocrx_word' id='word_1_88' title='bbox 342 1307 395 1367; x_wconf 76' lang='lat' dir='ltr'>‘acl</span> <span class='ocrx_word' id='word_1_89' title='bbox 424 1310 550 1368; x_wconf 92' lang='lat' dir='ltr'>amicum</span> <span class='ocrx_word' id='word_1_90' title='bbox 579 1311 673 1378; x_wconf 88' lang='lat' dir='ltr'>sum&#39;,</span> <span class='ocrx_word' id='word_1_91' title='bbox 703 1309 768 1386; x_wconf 87' lang='lat' dir='ltr'>loge</span> <span class='ocrx_word' id='word_1_92' title='bbox 797 1309 916 1388; x_wconf 89' lang='lat' dir='ltr'>quidem</span> <span class='ocrx_word' id='word_1_93' title='bbox 949 1310 1035 1377; x_wconf 89' lang='lat' dir='ltr'>artis;</span> <span class='ocrx_word' id='word_1_94' title='bbox 1070 1319 1203 1370; x_wconf 88' lang='lat' dir='ltr'>ceterum</span> <span class='ocrx_word' id='word_1_95' title='bbox 1238 1308 1442 1388; x_wconf 87' lang='lat' dir='ltr'>exemplorum</span> 
     </span>
     <span class='ocr_line' id='line_1_11' title="bbox 158 1408 1442 1486; baseline 0.002 -19"><span class='ocrx_word' id='word_1_96' title='bbox 158 1408 213 1486; x_wconf 88' lang='lat' dir='ltr'>lege</span> <span class='ocrx_word' id='word_1_97' title='bbox 241 1411 423 1469; x_wconf 89' lang='lat' dir='ltr'>convertitur</span> <span class='ocrx_word' id='word_1_98' title='bbox 449 1411 504 1470; x_wconf 91' lang='lat' dir='ltr'>iste</span> <span class='ocrx_word' id='word_1_99' title='bbox 533 1419 682 1472; x_wconf 91' lang='lat' dir='ltr'>tractatus.</span> <span class='ocrx_word' id='word_1_100' title='bbox 728 1413 847 1472; x_wconf 90' lang='lat' dir='ltr'>interim</span> <span class='ocrx_word' id='word_1_101' title='bbox 877 1431 932 1471; x_wconf 90' lang='lat' dir='ltr'>nos</span> <span class='ocrx_word' id='word_1_102' title='bbox 959 1410 1048 1472; x_wconf 84' lang='lat' dir='ltr'>liodie</span> <span class='ocrx_word' id='word_1_103' title='bbox 1075 1411 1133 1471; x_wconf 87' lang='lat' dir='ltr'>lroe</span> <span class='ocrx_word' id='word_1_104' title='bbox 1160 1420 1327 1480; x_wconf 90' lang='lat' dir='ltr'>teneamus,</span> <span class='ocrx_word' id='word_1_105' title='bbox 1352 1419 1384 1471; x_wconf 92' lang='lat' dir='ltr'>ut</span> <span class='ocrx_word' id='word_1_106' title='bbox 1405 1411 1442 1470; x_wconf 93' lang='lat' dir='ltr'>ad</span> 
     </span>
    </p>

    <p class='ocr_par' dir='ltr' id='par_1_3' title="bbox 130 1509 1460 1999">
     <span class='ocr_line' id='line_1_12' title="bbox 130 1509 1439 1592; baseline 0.004 -26"><span class='ocrx_word' id='word_1_107' title='bbox 130 1525 147 1566; x_wconf 89' lang='lat' dir='ltr'>n</span> <span class='ocrx_word' id='word_1_108' title='bbox 158 1529 267 1589; x_wconf 87' lang='lat' dir='ltr'>semper</span> <span class='ocrx_word' id='word_1_109' title='bbox 295 1511 331 1570; x_wconf 90' lang='lat' dir='ltr'>ad</span> <span class='ocrx_word' id='word_1_110' title='bbox 360 1509 457 1572; x_wconf 87' lang='lat' dir='ltr'>lucum</span> <span class='ocrx_word' id='word_1_111' title='bbox 485 1515 535 1583; x_wconf 89' lang='lat' dir='ltr'>sit,</span> <span class='ocrx_word' id='word_1_112' title='bbox 565 1512 642 1592; x_wconf 92' lang='lat' dir='ltr'>apud</span> <span class='ocrx_word' id='word_1_113' title='bbox 671 1531 790 1591; x_wconf 88' lang='lat' dir='ltr'>sevnper</span> <span class='ocrx_word' id='word_1_114' title='bbox 816 1515 847 1573; x_wconf 92' lang='lat' dir='ltr'>in</span> <span class='ocrx_word' id='word_1_115' title='bbox 874 1512 942 1573; x_wconf 90' lang='lat' dir='ltr'>loeo</span> <span class='ocrx_word' id='word_1_116' title='bbox 970 1514 1018 1574; x_wconf 92' lang='lat' dir='ltr'>sit.</span> <span class='ocrx_word' id='word_1_117' title='bbox 1062 1511 1188 1590; x_wconf 89' lang='lat' dir='ltr'>legimus</span> <span class='ocrx_word' id='word_1_118' title='bbox 1211 1513 1331 1592; x_wconf 92' lang='lat' dir='ltr'>quidem</span> <span class='ocrx_word' id='word_1_119' title='bbox 1362 1513 1439 1592; x_wconf 91' lang='lat' dir='ltr'>apud</span> 
     </span>
     <span class='ocr_line' id='line_1_13' title="bbox 158 1612 1443 1694; baseline 0.002 -22"><span class='ocrx_word' id='word_1_120' title='bbox 158 1612 331 1682; x_wconf 78' lang='lat' dir='ltr'>Sallustium,</span> <span class='ocrx_word' id='word_1_121' title='bbox 362 1615 391 1674; x_wconf 89' lang='lat' dir='ltr'>in</span> <span class='ocrx_word' id='word_1_122' title='bbox 420 1614 552 1675; x_wconf 88' lang='lat' dir='ltr'>historiis</span> <span class='ocrx_word' id='word_1_123' title='bbox 580 1613 725 1674; x_wconf 83' lang='lat' dir='ltr'>lralaemus</span> <span class='ocrx_word' id='word_1_124' title='bbox 752 1613 837 1674; x_wconf 77' lang='lat' dir='ltr'>‘ille</span> <span class='ocrx_word' id='word_1_125' title='bbox 867 1615 1120 1691; x_wconf 80' lang='lat' dir='ltr'>Conisturgim</span> <span class='ocrx_word' id='word_1_126' title='bbox 1149 1616 1245 1694; x_wconf 91' lang='lat' dir='ltr'>apud</span> <span class='ocrx_word' id='word_1_127' title='bbox 1275 1614 1443 1693; x_wconf 90' lang='lat' dir='ltr'>legiones</span> 
     </span>
     <span class='ocr_line' id='line_1_14' title="bbox 159 1715 1460 1796; baseline 0.004 -26"><span class='ocrx_word' id='word_1_128' title='bbox 159 1717 281 1775; x_wconf 88' lang='lat' dir='ltr'>veuit&#39;:</span> <span class='ocrx_word' id='word_1_129' title='bbox 306 1717 429 1776; x_wconf 72' lang='lat' dir='ltr'>victitavit</span> <span class='ocrx_word' id='word_1_130' title='bbox 451 1719 709 1795; x_wconf 89' lang='lat' dir='ltr'>praepositionem.</span> <span class='ocrx_word' id='word_1_131' title='bbox 737 1721 832 1796; x_wconf 80' lang='lat' dir='ltr'>Asper</span> <span class='ocrx_word' id='word_1_132' title='bbox 847 1715 978 1776; x_wconf 85' lang='lat' dir='ltr'>delendit</span> <span class='ocrx_word' id='word_1_133' title='bbox 1000 1719 1091 1777; x_wconf 89' lang='lat' dir='ltr'>etita</span> <span class='ocrx_word' id='word_1_134' title='bbox 1114 1717 1201 1786; x_wconf 81' lang='lat' dir='ltr'>dixit,</span> <span class='ocrx_word' id='word_1_135' title='bbox 1225 1717 1460 1794; x_wconf 77' lang='lat' dir='ltr'>‘Conisturgim</span> 
     </span>
     <span class='ocr_line' id='line_1_15' title="bbox 160 1817 1442 1897; baseline 0.002 -22"><span class='ocrx_word' id='word_1_136' title='bbox 160 1817 238 1875; x_wconf 85' lang='lat' dir='ltr'>venit.</span> <span class='ocrx_word' id='word_1_137' title='bbox 258 1864 259 1879; x_wconf 67' lang='grc'>,</span> <span class='ocrx_word' id='word_1_138' title='bbox 283 1817 318 1876; x_wconf 91' lang='lat' dir='ltr'>ad</span> <span class='ocrx_word' id='word_1_139' title='bbox 336 1835 422 1896; x_wconf 95' lang='lat' dir='ltr'>quam</span> <span class='ocrx_word' id='word_1_140' title='bbox 439 1817 639 1897; x_wconf 84' lang='lat' dir='ltr'>Conisturgim</span> <span class='ocrx_word' id='word_1_141' title='bbox 662 1820 760 1878; x_wconf 76' lang='lat' dir='ltr'>venit?</span> <span class='ocrx_word' id='word_1_142' title='bbox 784 1819 834 1878; x_wconf 89' lang='lat' dir='ltr'>ubi</span> <span class='ocrx_word' id='word_1_143' title='bbox 857 1821 976 1879; x_wconf 88' lang='lat' dir='ltr'>lucrant</span> <span class='ocrx_word' id='word_1_144' title='bbox 996 1818 1142 1896; x_wconf 84' lang='lat' dir='ltr'>legiones,</span> <span class='ocrx_word' id='word_1_145' title='bbox 1167 1836 1226 1895; x_wconf 91' lang='lat' dir='ltr'>quo</span> <span class='ocrx_word' id='word_1_146' title='bbox 1247 1821 1337 1879; x_wconf 90' lang='lat' dir='ltr'>venit.</span> <span class='ocrx_word' id='word_1_147' title='bbox 1372 1837 1442 1878; x_wconf 91' lang='lat' dir='ltr'>con·</span> 
     </span>
     <span class='ocr_line' id='line_1_16' title="bbox 158 1917 1444 1999; baseline 0.002 -21"><span class='ocrx_word' id='word_1_148' title='bbox 158 1925 246 1978; x_wconf 85' lang='lat' dir='ltr'>vertas</span> <span class='ocrx_word' id='word_1_149' title='bbox 266 1917 416 1979; x_wconf 89' lang='lat' dir='ltr'>ordinem:</span> <span class='ocrx_word' id='word_1_150' title='bbox 445 1921 499 1978; x_wconf 91' lang='lat' dir='ltr'>iste</span> <span class='ocrx_word' id='word_1_151' title='bbox 523 1921 602 1980; x_wconf 91' lang='lat' dir='ltr'>enim</span> <span class='ocrx_word' id='word_1_152' title='bbox 626 1921 699 1981; x_wconf 83' lang='lat' dir='ltr'>alixit</span> <span class='ocrx_word' id='word_1_153' title='bbox 726 1919 944 1997; x_wconf 75' lang='lat' dir='ltr'>‘Conisturgim</span> <span class='ocrx_word' id='word_1_154' title='bbox 967 1920 1043 1999; x_wconf 91' lang='lat' dir='ltr'>apud</span> <span class='ocrx_word' id='word_1_155' title='bbox 1066 1918 1199 1998; x_wconf 76' lang='lat' dir='ltr'>legiones</span> <span class='ocrx_word' id='word_1_156' title='bbox 1222 1921 1324 1991; x_wconf 87' lang='lat' dir='ltr'>venit’,</span> <span class='ocrx_word' id='word_1_157' title='bbox 1348 1921 1377 1981; x_wconf 90' lang='lat' dir='ltr'>id</span> <span class='ocrx_word' id='word_1_158' title='bbox 1401 1930 1444 1980; x_wconf 90' lang='lat' dir='ltr'>est</span> 
     </span>
    </p>

    <p class='ocr_par' dir='ltr' id='par_1_4' title="bbox 129 2019 1444 2406">
     <span class='ocr_line' id='line_1_17' title="bbox 129 2019 1444 2099; baseline 0.004 -21"><span class='ocrx_word' id='word_1_159' title='bbox 129 2019 228 2098; x_wconf 86' lang='lat' dir='ltr'>uapud</span> <span class='ocrx_word' id='word_1_160' title='bbox 257 2019 458 2098; x_wconf 83' lang='lat' dir='ltr'>Conisturgim</span> <span class='ocrx_word' id='word_1_161' title='bbox 486 2021 605 2082; x_wconf 86' lang='lat' dir='ltr'>lucrant</span> <span class='ocrx_word' id='word_1_162' title='bbox 631 2021 780 2099; x_wconf 83' lang='lat' dir='ltr'>legiones,</span> <span class='ocrx_word' id='word_1_163' title='bbox 816 2039 874 2098; x_wconf 92' lang='lat' dir='ltr'>quo</span> <span class='ocrx_word' id='word_1_164' title='bbox 901 2024 960 2081; x_wconf 91' lang='lat' dir='ltr'>iste</span> <span class='ocrx_word' id='word_1_165' title='bbox 987 2023 1077 2082; x_wconf 90' lang='lat' dir='ltr'>venit.</span> <span class='ocrx_word' id='word_1_166' title='bbox 1122 2025 1245 2082; x_wconf 89' lang='lat' dir='ltr'>mutavit</span> <span class='ocrx_word' id='word_1_167' title='bbox 1278 2023 1444 2083; x_wconf 84' lang='lat' dir='ltr'>ordinevn’.</span> 
     </span>
     <span class='ocr_line' id='line_1_18' title="bbox 158 2122 1443 2204; baseline 0.003 -24"><span class='ocrx_word' id='word_1_168' title='bbox 158 2139 222 2198; x_wconf 84' lang='lat' dir='ltr'>crgo</span> <span class='ocrx_word' id='word_1_169' title='bbox 249 2122 326 2200; x_wconf 92' lang='lat' dir='ltr'>apud</span> <span class='ocrx_word' id='word_1_170' title='bbox 354 2124 384 2183; x_wconf 93' lang='lat' dir='ltr'>in</span> <span class='ocrx_word' id='word_1_171' title='bbox 414 2122 480 2182; x_wconf 92' lang='lat' dir='ltr'>loco</span> <span class='ocrx_word' id='word_1_172' title='bbox 510 2142 574 2184; x_wconf 89' lang='lat' dir='ltr'>esse</span> <span class='ocrx_word' id='word_1_173' title='bbox 604 2123 708 2195; x_wconf 91' lang='lat' dir='ltr'>debet,</span> <span class='ocrx_word' id='word_1_174' title='bbox 735 2134 770 2184; x_wconf 90' lang='lat' dir='ltr'>nt</span> <span class='ocrx_word' id='word_1_175' title='bbox 798 2123 895 2204; x_wconf 76' lang='lat' dir='ltr'>‘apud</span> <span class='ocrx_word' id='word_1_176' title='bbox 923 2125 1051 2184; x_wconf 83' lang='lat' dir='ltr'>amicum</span> <span class='ocrx_word' id='word_1_177' title='bbox 1079 2129 1174 2185; x_wconf 86' lang='lat' dir='ltr'>sum&#39;.</span> <span class='ocrx_word' id='word_1_178' title='bbox 1218 2123 1254 2184; x_wconf 92' lang='lat' dir='ltr'>ad</span> <span class='ocrx_word' id='word_1_179' title='bbox 1278 2143 1348 2184; x_wconf 88' lang='lat' dir='ltr'>vero</span> <span class='ocrx_word' id='word_1_180' title='bbox 1377 2143 1443 2184; x_wconf 89' lang='lat' dir='ltr'>eum</span> 
     </span>
     <span class='ocr_line' id='line_1_19' title="bbox 158 2225 1444 2303; baseline 0.002 -21"><span class='ocrx_word' id='word_1_181' title='bbox 158 2225 222 2283; x_wconf 82' lang='lat' dir='ltr'>actis</span> <span class='ocrx_word' id='word_1_182' title='bbox 251 2225 428 2284; x_wconf 87' lang='lat' dir='ltr'>necessitate</span> <span class='ocrx_word' id='word_1_183' title='bbox 458 2225 495 2284; x_wconf 93' lang='lat' dir='ltr'>ad</span> <span class='ocrx_word' id='word_1_184' title='bbox 525 2225 623 2286; x_wconf 92' lang='lat' dir='ltr'>locum</span> <span class='ocrx_word' id='word_1_185' title='bbox 652 2227 811 2303; x_wconf 86' lang='lat' dir='ltr'>significet,</span> <span class='ocrx_word' id='word_1_186' title='bbox 841 2226 871 2284; x_wconf 94' lang='lat' dir='ltr'>id</span> <span class='ocrx_word' id='word_1_187' title='bbox 901 2235 946 2285; x_wconf 89' lang='lat' dir='ltr'>est</span> <span class='ocrx_word' id='word_1_188' title='bbox 973 2225 1030 2285; x_wconf 78' lang='lat' dir='ltr'>‘ad</span> <span class='ocrx_word' id='word_1_189' title='bbox 1059 2227 1184 2286; x_wconf 90' lang='lat' dir='ltr'>amicum</span> <span class='ocrx_word' id='word_1_190' title='bbox 1212 2225 1314 2295; x_wconf 87' lang='lat' dir='ltr'>vado&#39;,</span> <span class='ocrx_word' id='word_1_191' title='bbox 1345 2234 1444 2287; x_wconf 91' lang='lat' dir='ltr'>tamen</span> 
     </span>
     <span class='ocr_line' id='line_1_20' title="bbox 159 2325 1315 2406; baseline 0.003 -22"><span class='ocrx_word' id='word_1_192' title='bbox 159 2343 253 2386; x_wconf 89' lang='lat' dir='ltr'>omues</span> <span class='ocrx_word' id='word_1_193' title='bbox 275 2327 390 2404; x_wconf 85' lang='lat' dir='ltr'>antiqui</span> <span class='ocrx_word' id='word_1_194' title='bbox 412 2335 442 2386; x_wconf 90' lang='lat' dir='ltr'>et</span> <span class='ocrx_word' id='word_1_195' title='bbox 463 2325 563 2386; x_wconf 89' lang='lat' dir='ltr'>idonei</span> <span class='ocrx_word' id='word_1_196' title='bbox 586 2335 615 2386; x_wconf 92' lang='lat' dir='ltr'>et</span> <span class='ocrx_word' id='word_1_197' title='bbox 636 2329 713 2388; x_wconf 83' lang='lat' dir='ltr'>lirini</span> <span class='ocrx_word' id='word_1_198' title='bbox 737 2335 874 2388; x_wconf 90' lang='lat' dir='ltr'>auctores</span> <span class='ocrx_word' id='word_1_199' title='bbox 896 2329 1059 2388; x_wconf 81' lang='lat' dir='ltr'>iunxerunt</span> <span class='ocrx_word' id='word_1_200' title='bbox 1079 2329 1161 2406; x_wconf 82' lang='lat' dir='ltr'>quasi</span> <span class='ocrx_word' id='word_1_201' title='bbox 1182 2328 1212 2386; x_wconf 91' lang='lat' dir='ltr'>iu</span> <span class='ocrx_word' id='word_1_202' title='bbox 1235 2326 1315 2399; x_wconf 89' lang='lat' dir='ltr'>loeo,</span> 
     </span>
    </p>

    <p class='ocr_par' dir='ltr' id='par_1_5' title="bbox 301 2427 1325 2508">
     <span class='ocr_line' id='line_1_21' title="bbox 301 2427 1325 2508; baseline 0 -20"><span class='ocrx_word' id='word_1_203' title='bbox 301 2429 420 2506; x_wconf 89' lang='lat' dir='ltr'>prima</span> <span class='ocrx_word' id='word_1_204' title='bbox 443 2428 538 2506; x_wconf 72' lang='lat' dir='ltr'>equod</span> <span class='ocrx_word' id='word_1_205' title='bbox 563 2427 604 2488; x_wconf 94' lang='lat' dir='ltr'>ad</span> <span class='ocrx_word' id='word_1_206' title='bbox 627 2429 774 2489; x_wconf 87' lang='lat' dir='ltr'>&#39;lvoiam</span> <span class='ocrx_word' id='word_1_207' title='bbox 797 2447 862 2508; x_wconf 93' lang='lat' dir='ltr'>pro</span> <span class='ocrx_word' id='word_1_208' title='bbox 885 2432 988 2488; x_wconf 91' lang='lat' dir='ltr'>caris</span> <span class='ocrx_word' id='word_1_209' title='bbox 1010 2435 1180 2506; x_wconf 88' lang='lat' dir='ltr'>gesserat</span> <span class='ocrx_word' id='word_1_210' title='bbox 1201 2431 1325 2508; x_wconf 78' lang='lat' dir='ltr'>Argis:</span> 
     </span>
    </p>

    <p class='ocr_par' dir='ltr' id='par_1_6' title="bbox 128 2528 1444 2813">
     <span class='ocr_line' id='line_1_22' title="bbox 128 2528 1443 2601; baseline 0.004 -15"><span class='ocrx_word' id='word_1_211' title='bbox 128 2531 185 2588; x_wconf 81' lang='lat' dir='ltr'>uta</span> <span class='ocrx_word' id='word_1_212' title='bbox 213 2528 352 2589; x_wconf 81' lang='lat' dir='ltr'>Cicerone</span> <span class='ocrx_word' id='word_1_213' title='bbox 381 2528 522 2589; x_wconf 77' lang='lat' dir='ltr'>‘decem</span> <span class='ocrx_word' id='word_1_214' title='bbox 555 2531 671 2590; x_wconf 85' lang='lat' dir='ltr'>tiseos</span> <span class='ocrx_word' id='word_1_215' title='bbox 708 2530 749 2590; x_wconf 90' lang='lat' dir='ltr'>ad</span> <span class='ocrx_word' id='word_1_216' title='bbox 784 2540 998 2591; x_wconf 88' lang='lat' dir='ltr'>senatorem</span> <span class='ocrx_word' id='word_1_217' title='bbox 1034 2531 1137 2592; x_wconf 90' lang='lat' dir='ltr'>illum</span> <span class='ocrx_word' id='word_1_218' title='bbox 1166 2530 1355 2601; x_wconf 89' lang='lat' dir='ltr'>relictos&#39;,</span> <span class='ocrx_word' id='word_1_219' title='bbox 1385 2531 1443 2591; x_wconf 80' lang='lat' dir='ltr'>‘ad</span> 
     </span>
     <span class='ocr_line' id='line_1_23' title="bbox 158 2631 1444 2710; baseline 0.003 -20"><span class='ocrx_word' id='word_1_220' title='bbox 158 2631 309 2691; x_wconf 85' lang='lat' dir='ltr'>llarcum</span> <span class='ocrx_word' id='word_1_221' title='bbox 325 2631 453 2690; x_wconf 89' lang='lat' dir='ltr'>Leeam</span> <span class='ocrx_word' id='word_1_222' title='bbox 477 2640 511 2691; x_wconf 88' lang='lat' dir='ltr'>te</span> <span class='ocrx_word' id='word_1_223' title='bbox 534 2631 706 2692; x_wconf 83' lang='lat' dir='ltr'>hahitare</span> <span class='ocrx_word' id='word_1_224' title='bbox 729 2631 887 2693; x_wconf 89' lang='lat' dir='ltr'>dixisti&#39;.</span> <span class='ocrx_word' id='word_1_225' title='bbox 920 2649 991 2710; x_wconf 88' lang='lat' dir='ltr'>ergo</span> <span class='ocrx_word' id='word_1_226' title='bbox 1014 2633 1084 2694; x_wconf 92' lang='lat' dir='ltr'>licet</span> <span class='ocrx_word' id='word_1_227' title='bbox 1105 2633 1192 2694; x_wconf 85' lang='lat' dir='ltr'>nolds</span> <span class='ocrx_word' id='word_1_228' title='bbox 1213 2632 1250 2693; x_wconf 90' lang='lat' dir='ltr'>ad</span> <span class='ocrx_word' id='word_1_229' title='bbox 1274 2639 1303 2692; x_wconf 89' lang='lat' dir='ltr'>et</span> <span class='ocrx_word' id='word_1_230' title='bbox 1324 2634 1355 2692; x_wconf 94' lang='lat' dir='ltr'>in</span> <span class='ocrx_word' id='word_1_231' title='bbox 1378 2632 1444 2694; x_wconf 86' lang='lat' dir='ltr'>loeo</span> 
     </span>
     <span class='ocr_line' id='line_1_24' title="bbox 159 2715 1443 2813; baseline 0.002 -21"><span class='ocrx_word' id='word_1_232' title='bbox 159 2750 261 2810; x_wconf 88' lang='lat' dir='ltr'>ponere</span> <span class='ocrx_word' id='word_1_233' title='bbox 286 2741 315 2792; x_wconf 90' lang='lat' dir='ltr'>et</span> <span class='ocrx_word' id='word_1_234' title='bbox 337 2732 373 2792; x_wconf 88' lang='lat' dir='ltr'>ad</span> <span class='ocrx_word' id='word_1_235' title='bbox 398 2731 495 2794; x_wconf 90' lang='lat' dir='ltr'>lucum</span> <span class='ocrx_word' id='word_1_236' title='bbox 518 2751 640 2813; x_wconf 88' lang='lat' dir='ltr'>ponere.</span> <span class='ocrx_word' id='word_1_237' title='bbox 679 2737 753 2794; x_wconf 90' lang='lat' dir='ltr'>istae</span> <span class='ocrx_word' id='word_1_238' title='bbox 777 2743 846 2794; x_wconf 83' lang='lat' dir='ltr'>scrut</span> <span class='ocrx_word' id='word_1_239' title='bbox 873 2751 949 2811; x_wconf 88' lang='lat' dir='ltr'>quae</span> <span class='ocrx_word' id='word_1_240' title='bbox 976 2735 1007 2794; x_wconf 90' lang='lat' dir='ltr'>in</span> <span class='ocrx_word' id='word_1_241' title='bbox 1035 2715 1249 2795; x_wconf 83' lang='lat' dir='ltr'>dubitationem</span> <span class='ocrx_word' id='word_1_242' title='bbox 1272 2733 1443 2804; x_wconf 86' lang='lat' dir='ltr'>veniebant;</span> 
     </span>
    </p>

    <p class='ocr_par' dir='ltr' id='par_1_7' title="bbox 159 2834 1444 3019">
     <span class='ocr_line' id='line_1_25' title="bbox 159 2834 1444 2917; baseline 0.004 -24"><span class='ocrx_word' id='word_1_243' title='bbox 159 2834 212 2894; x_wconf 89' lang='lat' dir='ltr'>divi</span> <span class='ocrx_word' id='word_1_244' title='bbox 233 2854 319 2915; x_wconf 91' lang='lat' dir='ltr'>quam</span> <span class='ocrx_word' id='word_1_245' title='bbox 344 2834 541 2896; x_wconf 88' lang='lat' dir='ltr'>dillerentiam</span> <span class='ocrx_word' id='word_1_246' title='bbox 564 2836 674 2897; x_wconf 79' lang='lat' dir='ltr'>lialuent</span> <span class='ocrx_word' id='word_1_247' title='bbox 698 2836 799 2915; x_wconf 84' lang='lat' dir='ltr'>[terius</span> <span class='ocrx_word' id='word_1_248' title='bbox 815 2854 885 2896; x_wconf 89' lang='lat' dir='ltr'>veru</span> <span class='ocrx_word' id='word_1_249' title='bbox 899 2838 929 2897; x_wconf 94' lang='lat' dir='ltr'>in</span> <span class='ocrx_word' id='word_1_250' title='bbox 946 2839 1150 2917; x_wconf 90' lang='lat' dir='ltr'>quaestionem</span> <span class='ocrx_word' id='word_1_251' title='bbox 1173 2840 1266 2907; x_wconf 84' lang='lat' dir='ltr'>verrit;</span> <span class='ocrx_word' id='word_1_252' title='bbox 1290 2840 1444 2916; x_wconf 90' lang='lat' dir='ltr'>quaeritur</span> 
     </span>
     <span class='ocr_line' id='line_1_26' title="bbox 161 2938 785 3019; baseline 0.006 -24"><span class='ocrx_word' id='word_1_253' title='bbox 161 2944 237 2997; x_wconf 89' lang='lat' dir='ltr'>tenus</span> <span class='ocrx_word' id='word_1_254' title='bbox 258 2956 346 3016; x_wconf 90' lang='lat' dir='ltr'>quam</span> <span class='ocrx_word' id='word_1_255' title='bbox 369 2947 484 3017; x_wconf 90' lang='lat' dir='ltr'>partem</span> <span class='ocrx_word' id='word_1_256' title='bbox 508 2939 650 2998; x_wconf 91' lang='lat' dir='ltr'>erationis</span> <span class='ocrx_word' id='word_1_257' title='bbox 673 2938 785 3019; x_wconf 87' lang='lat' dir='ltr'>iaciat].</span> 
     </span>
    </p>

    <p class='ocr_par' dir='ltr' id='par_1_8' title="bbox 127 3038 1563 3529">
     <span class='ocr_line' id='line_1_27' title="bbox 127 3038 1562 3120; baseline 0.003 -22"><span class='ocrx_word' id='word_1_258' title='bbox 127 3053 148 3089; x_wconf 73' lang='lat' dir='ltr'>s</span> <span class='ocrx_word' id='word_1_259' title='bbox 236 3038 288 3099; x_wconf 83' lang='lat' dir='ltr'>Est</span> <span class='ocrx_word' id='word_1_260' title='bbox 310 3038 375 3099; x_wconf 90' lang='lat' dir='ltr'>talis</span> <span class='ocrx_word' id='word_1_261' title='bbox 397 3039 514 3117; x_wconf 88' lang='lat' dir='ltr'>regula,</span> <span class='ocrx_word' id='word_1_262' title='bbox 538 3042 720 3119; x_wconf 80' lang='lat' dir='ltr'>praepositio</span> <span class='ocrx_word' id='word_1_263' title='bbox 743 3043 960 3120; x_wconf 82' lang='lat' dir='ltr'>praepositioni</span> <span class='ocrx_word' id='word_1_264' title='bbox 983 3060 1042 3101; x_wconf 92' lang='lat' dir='ltr'>non</span> <span class='ocrx_word' id='word_1_265' title='bbox 1065 3044 1207 3120; x_wconf 89' lang='lat' dir='ltr'>iungitur.</span> <span class='ocrx_word' id='word_1_266' title='bbox 1253 3041 1311 3102; x_wconf 88' lang='lat' dir='ltr'>hoc</span> <span class='ocrx_word' id='word_1_267' title='bbox 1332 3043 1562 3119; x_wconf 81' lang='lat' dir='ltr'>dicunt,419,1c</span> 
     </span>
     <span class='ocr_line' id='line_1_28' title="bbox 159 3124 1563 3246; baseline 0.004 -47"><span class='ocrx_word' id='word_1_268' title='bbox 159 3148 225 3217; x_wconf 89' lang='lat' dir='ltr'>puta</span> <span class='ocrx_word' id='word_1_269' title='bbox 245 3140 320 3220; x_wconf 90' lang='lat' dir='ltr'>apud</span> <span class='ocrx_word' id='word_1_270' title='bbox 343 3124 437 3220; x_wconf 83' lang='lat' dir='ltr'>penes</span> <span class='ocrx_word' id='word_1_271' title='bbox 459 3160 518 3201; x_wconf 86' lang='lat' dir='ltr'>rron</span> <span class='ocrx_word' id='word_1_272' title='bbox 541 3150 627 3221; x_wconf 89' lang='lat' dir='ltr'>potes</span> <span class='ocrx_word' id='word_1_273' title='bbox 649 3143 748 3203; x_wconf 90' lang='lat' dir='ltr'>lacere</span> <span class='ocrx_word' id='word_1_274' title='bbox 771 3162 859 3203; x_wconf 82' lang='lat' dir='ltr'>tinam</span> <span class='ocrx_word' id='word_1_275' title='bbox 884 3152 998 3223; x_wconf 90' lang='lat' dir='ltr'>partem</span> <span class='ocrx_word' id='word_1_276' title='bbox 1022 3146 1172 3204; x_wconf 89' lang='lat' dir='ltr'>orationis.</span> <span class='ocrx_word' id='word_1_277' title='bbox 1202 3145 1274 3204; x_wconf 89' lang='lat' dir='ltr'>item</span> <span class='ocrx_word' id='word_1_278' title='bbox 1297 3147 1346 3221; x_wconf 94' lang='lat' dir='ltr'>qui</span> <span class='ocrx_word' id='word_1_279' title='bbox 1370 3144 1446 3204; x_wconf 90' lang='lat' dir='ltr'>male</span> <span class='ocrx_word' id='word_1_280' title='bbox 1457 3131 1516 3246; x_wconf 48' lang='lat' dir='ltr'>{ss</span> <span class='ocrx_word' id='word_1_281' title='bbox 1530 3132 1563 3245; x_wconf 51' lang='grc' dir='ltr'>ἐξ</span> 
     </span>
     <span class='ocr_line' id='line_1_29' title="bbox 160 3230 1562 3326; baseline 0.004 -25"><span class='ocrx_word' id='word_1_282' title='bbox 160 3240 312 3321; x_wconf 88' lang='lat' dir='ltr'>loquuntur</span> <span class='ocrx_word' id='word_1_283' title='bbox 340 3243 429 3303; x_wconf 85' lang='lat' dir='ltr'>niodo</span> <span class='ocrx_word' id='word_1_284' title='bbox 457 3246 496 3303; x_wconf 92' lang='lat' dir='ltr'>ita</span> <span class='ocrx_word' id='word_1_285' title='bbox 524 3243 641 3312; x_wconf 90' lang='lat' dir='ltr'>dicunt,</span> <span class='ocrx_word' id='word_1_286' title='bbox 671 3244 793 3323; x_wconf 79' lang='lat' dir='ltr'>‘depost</span> <span class='ocrx_word' id='word_1_287' title='bbox 815 3245 897 3305; x_wconf 92' lang='lat' dir='ltr'>illum</span> <span class='ocrx_word' id='word_1_288' title='bbox 921 3244 1079 3306; x_wconf 89' lang='lat' dir='ltr'>ambulat&#39;.</span> <span class='ocrx_word' id='word_1_289' title='bbox 1125 3246 1162 3305; x_wconf 92' lang='lat' dir='ltr'>de</span> <span class='ocrx_word' id='word_1_290' title='bbox 1184 3248 1366 3326; x_wconf 90' lang='lat' dir='ltr'>praepositio</span> <span class='ocrx_word' id='word_1_291' title='bbox 1390 3253 1444 3316; x_wconf 88' lang='lat' dir='ltr'>est,</span> <span class='ocrx_word' id='word_1_292' title='bbox 1510 3234 1515 3257; x_wconf 85' lang='lat'><strong><em>&#39;</em></strong></span> <span class='ocrx_word' id='word_1_293' title='bbox 1549 3230 1562 3245; x_wconf 57' lang='lat'><em>⁶</em></span> 
     </span>
     <span class='ocr_line' id='line_1_30' title="bbox 160 3346 1444 3426; baseline 0.003 -23"><span class='ocrx_word' id='word_1_294' title='bbox 160 3354 221 3422; x_wconf 91' lang='lat' dir='ltr'>post</span> <span class='ocrx_word' id='word_1_295' title='bbox 239 3346 418 3425; x_wconf 90' lang='lat' dir='ltr'>praepositio</span> <span class='ocrx_word' id='word_1_296' title='bbox 447 3354 517 3413; x_wconf 57' lang='lat' dir='ltr'>est;*</span> <span class='ocrx_word' id='word_1_297' title='bbox 535 3364 603 3406; x_wconf 87' lang='lat' dir='ltr'>ecee</span> <span class='ocrx_word' id='word_1_298' title='bbox 632 3346 706 3407; x_wconf 90' lang='lat' dir='ltr'>duae</span> <span class='ocrx_word' id='word_1_299' title='bbox 730 3346 973 3426; x_wconf 89' lang='lat' dir='ltr'>praepositiones</span> <span class='ocrx_word' id='word_1_300' title='bbox 995 3366 1055 3407; x_wconf 93' lang='lat' dir='ltr'>nou</span> <span class='ocrx_word' id='word_1_301' title='bbox 1078 3348 1253 3417; x_wconf 85' lang='lat' dir='ltr'>eolraerent,</span> <span class='ocrx_word' id='word_1_302' title='bbox 1277 3368 1336 3409; x_wconf 92' lang='lat' dir='ltr'>non</span> <span class='ocrx_word' id='word_1_303' title='bbox 1360 3348 1444 3417; x_wconf 87' lang='lat' dir='ltr'>lieet;</span> 
     </span>
     <span class='ocr_line' id='line_1_31' title="bbox 161 3446 1445 3529; baseline 0.003 -24"><span class='ocrx_word' id='word_1_304' title='bbox 161 3463 308 3525; x_wconf 91' lang='lat' dir='ltr'>numquam</span> <span class='ocrx_word' id='word_1_305' title='bbox 332 3446 408 3507; x_wconf 91' lang='lat' dir='ltr'>duae</span> <span class='ocrx_word' id='word_1_306' title='bbox 431 3448 668 3527; x_wconf 88' lang='lat' dir='ltr'>praepositiones</span> <span class='ocrx_word' id='word_1_307' title='bbox 691 3448 851 3510; x_wconf 87' lang='lat' dir='ltr'>eulraercut</span> <span class='ocrx_word' id='word_1_308' title='bbox 874 3458 924 3509; x_wconf 92' lang='lat' dir='ltr'>aut</span> <span class='ocrx_word' id='word_1_309' title='bbox 945 3457 1069 3529; x_wconf 90' lang='lat' dir='ltr'>possunt</span> <span class='ocrx_word' id='word_1_310' title='bbox 1090 3451 1182 3527; x_wconf 90' lang='lat' dir='ltr'>iungi.</span> <span class='ocrx_word' id='word_1_311' title='bbox 1219 3468 1291 3528; x_wconf 91' lang='lat' dir='ltr'>erge</span> <span class='ocrx_word' id='word_1_312' title='bbox 1312 3452 1337 3509; x_wconf 91' lang='lat' dir='ltr'>si</span> <span class='ocrx_word' id='word_1_313' title='bbox 1358 3468 1445 3529; x_wconf 89' lang='lat' dir='ltr'>prae·</span> 
     </span>
    </p>

    <p class='ocr_par' dir='ltr' id='par_1_9' title="bbox 128 3548 1446 4037">
     <span class='ocr_line' id='line_1_32' title="bbox 128 3548 1444 3631; baseline 0.008 -30"><span class='ocrx_word' id='word_1_314' title='bbox 128 3562 150 3601; x_wconf 78' lang='lat' dir='ltr'>su</span> <span class='ocrx_word' id='word_1_315' title='bbox 162 3548 260 3625; x_wconf 92' lang='lat' dir='ltr'>positio</span> <span class='ocrx_word' id='word_1_316' title='bbox 282 3549 496 3629; x_wconf 88' lang='lat' dir='ltr'>praepositioni</span> <span class='ocrx_word' id='word_1_317' title='bbox 518 3567 577 3608; x_wconf 92' lang='lat' dir='ltr'>non</span> <span class='ocrx_word' id='word_1_318' title='bbox 601 3552 746 3627; x_wconf 90' lang='lat' dir='ltr'>iungitur,</span> <span class='ocrx_word' id='word_1_319' title='bbox 770 3550 806 3611; x_wconf 91' lang='lat' dir='ltr'>de</span> <span class='ocrx_word' id='word_1_320' title='bbox 822 3551 877 3611; x_wconf 82' lang='lat' dir='ltr'>liae</span> <span class='ocrx_word' id='word_1_321' title='bbox 894 3550 1060 3612; x_wconf 90' lang='lat' dir='ltr'>elocutione</span> <span class='ocrx_word' id='word_1_322' title='bbox 1075 3552 1145 3631; x_wconf 89' lang='lat' dir='ltr'>quid</span> <span class='ocrx_word' id='word_1_323' title='bbox 1168 3550 1313 3612; x_wconf 88' lang='lat' dir='ltr'>habemus</span> <span class='ocrx_word' id='word_1_324' title='bbox 1335 3552 1444 3621; x_wconf 88' lang='lat' dir='ltr'>dicere,</span> 
     </span>
     <span class='ocr_line' id='line_1_33' title="bbox 162 3648 1444 3733; baseline 0.004 -26"><span class='ocrx_word' id='word_1_325' title='bbox 162 3648 350 3728; x_wconf 77' lang='lat' dir='ltr'>‘adusque</span> <span class='ocrx_word' id='word_1_326' title='bbox 373 3650 601 3711; x_wconf 82' lang='lat' dir='ltr'>columnas&#39;?</span> <span class='ocrx_word' id='word_1_327' title='bbox 630 3652 665 3710; x_wconf 87' lang='lat' dir='ltr'>ad</span> <span class='ocrx_word' id='word_1_328' title='bbox 695 3654 876 3731; x_wconf 86' lang='lat' dir='ltr'>praepositio</span> <span class='ocrx_word' id='word_1_329' title='bbox 906 3660 950 3713; x_wconf 91' lang='lat' dir='ltr'>est</span> <span class='ocrx_word' id='word_1_330' title='bbox 970 3652 1220 3724; x_wconf 86' lang='lat' dir='ltr'>indubitabiliter,</span> <span class='ocrx_word' id='word_1_331' title='bbox 1243 3673 1338 3733; x_wconf 83' lang='lat' dir='ltr'>usque</span> <span class='ocrx_word' id='word_1_332' title='bbox 1359 3672 1444 3733; x_wconf 90' lang='lat' dir='ltr'>prae·</span> 
     </span>
     <span class='ocr_line' id='line_1_34' title="bbox 162 3741 1445 3834; baseline 0.004 -25"><span class='ocrx_word' id='word_1_333' title='bbox 162 3752 261 3828; x_wconf 91' lang='lat' dir='ltr'>positio</span> <span class='ocrx_word' id='word_1_334' title='bbox 282 3758 341 3821; x_wconf 91' lang='lat' dir='ltr'>est;</span> <span class='ocrx_word' id='word_1_335' title='bbox 366 3771 436 3813; x_wconf 88' lang='lat' dir='ltr'>ecee</span> <span class='ocrx_word' id='word_1_336' title='bbox 459 3751 552 3813; x_wconf 82' lang='lat' dir='ltr'>italaes</span> <span class='ocrx_word' id='word_1_337' title='bbox 575 3753 647 3813; x_wconf 77' lang='lat' dir='ltr'>eluas</span> <span class='ocrx_word' id='word_1_338' title='bbox 669 3755 906 3833; x_wconf 88' lang='lat' dir='ltr'>praepositiones</span> <span class='ocrx_word' id='word_1_339' title='bbox 934 3754 1021 3815; x_wconf 89' lang='lat' dir='ltr'>simul</span> <span class='ocrx_word' id='word_1_340' title='bbox 1044 3741 1249 3816; x_wconf 83' lang='lat' dir='ltr'>cohaerentes.</span> <span class='ocrx_word' id='word_1_341' title='bbox 1294 3755 1372 3815; x_wconf 92' lang='lat' dir='ltr'>unde</span> <span class='ocrx_word' id='word_1_342' title='bbox 1395 3774 1445 3834; x_wconf 91' lang='lat' dir='ltr'>ap-</span> 
     </span>
     <span class='ocr_line' id='line_1_35' title="bbox 162 3854 1444 3935; baseline 0.004 -23"><span class='ocrx_word' id='word_1_343' title='bbox 162 3861 239 3930; x_wconf 91' lang='lat' dir='ltr'>paret</span> <span class='ocrx_word' id='word_1_344' title='bbox 259 3856 396 3931; x_wconf 87' lang='lat' dir='ltr'>queniam</span> <span class='ocrx_word' id='word_1_345' title='bbox 419 3872 479 3915; x_wconf 92' lang='lat' dir='ltr'>non</span> <span class='ocrx_word' id='word_1_346' title='bbox 503 3864 549 3915; x_wconf 91' lang='lat' dir='ltr'>est</span> <span class='ocrx_word' id='word_1_347' title='bbox 570 3857 750 3934; x_wconf 90' lang='lat' dir='ltr'>praepositio</span> <span class='ocrx_word' id='word_1_348' title='bbox 771 3856 827 3915; x_wconf 88' lang='lat' dir='ltr'>ista</span> <span class='ocrx_word' id='word_1_349' title='bbox 852 3874 955 3935; x_wconf 90' lang='lat' dir='ltr'>usque.</span> <span class='ocrx_word' id='word_1_350' title='bbox 985 3857 1056 3935; x_wconf 89' lang='lat' dir='ltr'>quid</span> <span class='ocrx_word' id='word_1_351' title='bbox 1079 3875 1150 3935; x_wconf 89' lang='lat' dir='ltr'>ergo</span> <span class='ocrx_word' id='word_1_352' title='bbox 1168 3860 1211 3917; x_wconf 86' lang='lat' dir='ltr'>vis</span> <span class='ocrx_word' id='word_1_353' title='bbox 1231 3854 1317 3919; x_wconf 85' lang='lat' dir='ltr'>esse?</span> <span class='ocrx_word' id='word_1_354' title='bbox 1338 3859 1362 3917; x_wconf 92' lang='lat' dir='ltr'>si</span> <span class='ocrx_word' id='word_1_355' title='bbox 1385 3875 1444 3917; x_wconf 91' lang='lat' dir='ltr'>non</span> 
     </span>
     <span class='ocr_line' id='line_1_36' title="bbox 164 3956 1446 4037; baseline 0.005 -25"><span class='ocrx_word' id='word_1_356' title='bbox 164 3962 202 4013; x_wconf 90' lang='lat' dir='ltr'>est</span> <span class='ocrx_word' id='word_1_357' title='bbox 226 3957 418 4034; x_wconf 86' lang='lat' dir='ltr'>praepositio,</span> <span class='ocrx_word' id='word_1_358' title='bbox 450 3974 571 4017; x_wconf 87' lang='lat' dir='ltr'>necesse</span> <span class='ocrx_word' id='word_1_359' title='bbox 603 3965 647 4017; x_wconf 90' lang='lat' dir='ltr'>est</span> <span class='ocrx_word' id='word_1_360' title='bbox 676 3964 707 4017; x_wconf 87' lang='lat' dir='ltr'>nt</span> <span class='ocrx_word' id='word_1_361' title='bbox 734 3956 806 4018; x_wconf 88' lang='lat' dir='ltr'>nilril</span> <span class='ocrx_word' id='word_1_362' title='bbox 835 3957 912 4019; x_wconf 91' lang='lat' dir='ltr'>alind</span> <span class='ocrx_word' id='word_1_363' title='bbox 940 3960 978 4018; x_wconf 93' lang='lat' dir='ltr'>sit</span> <span class='ocrx_word' id='word_1_364' title='bbox 1010 3960 1067 4019; x_wconf 92' lang='lat' dir='ltr'>nisi</span> <span class='ocrx_word' id='word_1_365' title='bbox 1095 3957 1276 4020; x_wconf 88' lang='lat' dir='ltr'>adverbium.</span> <span class='ocrx_word' id='word_1_366' title='bbox 1320 3958 1446 4037; x_wconf 89' lang='lat' dir='ltr'>legimus</span> 
     </span>
    </p>
   </div>
   <div class='ocr_carea' id='block_1_3' title="bbox 166 4090 455 4099">
    <p class='ocr_par' dir='ltr' id='par_1_10' title="bbox 166 4090 455 4099">
     <span class='ocr_line' id='line_1_37' title="bbox 166 4090 455 4099; baseline 0.007 -2"><span class='ocrx_word' id='word_1_367' title='bbox 166 4090 427 4099; x_wconf 67' lang='lat'>——.—.-.-</span> <span class='ocrx_word' id='word_1_368' title='bbox 445 4096 455 4099; x_wconf 91' lang='lat'>-</span> 
     </span>
    </p>
   </div>
   <div class='ocr_carea' id='block_1_4' title="bbox 165 4192 1447 4962">
    <p class='ocr_par' dir='ltr' id='par_1_11' title="bbox 165 4192 1447 4962">
     <span class='ocr_line' id='line_1_38' title="bbox 225 4192 1444 4262; baseline 0.004 -20"><span class='ocrx_word' id='word_1_369' title='bbox 225 4192 310 4259; x_wconf 78' lang='lat' dir='ltr'>dicae]</span> <span class='ocrx_word' id='word_1_370' title='bbox 331 4194 494 4245; x_wconf 82' lang='lat' dir='ltr'>lraeeABC</span> <span class='ocrx_word' id='word_1_371' title='bbox 547 4196 576 4246; x_wconf 92' lang='lat'>11</span> <span class='ocrx_word' id='word_1_372' title='bbox 597 4196 792 4259; x_wconf 87' lang='lat' dir='ltr'>eonsturgimC</span> <span class='ocrx_word' id='word_1_373' title='bbox 846 4197 877 4246; x_wconf 82' lang='lat'>12</span> <span class='ocrx_word' id='word_1_374' title='bbox 897 4196 1098 4262; x_wconf 82' lang='lat' dir='ltr'>consturgimG</span> <span class='ocrx_word' id='word_1_375' title='bbox 1151 4196 1183 4248; x_wconf 85' lang='lat'>13</span> <span class='ocrx_word' id='word_1_376' title='bbox 1198 4198 1231 4246; x_wconf 88' lang='lat' dir='ltr'>ad</span> <span class='ocrx_word' id='word_1_377' title='bbox 1248 4195 1335 4262; x_wconf 85' lang='lat' dir='ltr'>quam]</span> <span class='ocrx_word' id='word_1_378' title='bbox 1352 4213 1444 4261; x_wconf 85' lang='lat' dir='ltr'>aquam</span> 
     </span>
     <span class='ocr_line' id='line_1_39' title="bbox 166 4262 1445 4333; baseline 0.005 -22"><span class='ocrx_word' id='word_1_379' title='bbox 166 4262 217 4315; x_wconf 82' lang='lat' dir='ltr'>AC.</span> <span class='ocrx_word' id='word_1_380' title='bbox 242 4274 346 4315; x_wconf 82' lang='lat' dir='ltr'>cetarmn</span> <span class='ocrx_word' id='word_1_381' title='bbox 364 4265 442 4325; x_wconf 86' lang='lat' dir='ltr'>daec,</span> <span class='ocrx_word' id='word_1_382' title='bbox 467 4266 498 4315; x_wconf 90' lang='lat' dir='ltr'>ad</span> <span class='ocrx_word' id='word_1_383' title='bbox 526 4280 601 4328; x_wconf 82' lang='lat' dir='ltr'>quiam</span> <span class='ocrx_word' id='word_1_384' title='bbox 625 4265 796 4329; x_wconf 78' lang='lat' dir='ltr'>Conisturgim</span> <span class='ocrx_word' id='word_1_385' title='bbox 823 4267 909 4314; x_wconf 84' lang='lat' dir='ltr'>venit?</span> <span class='ocrx_word' id='word_1_386' title='bbox 933 4267 976 4314; x_wconf 83' lang='lat' dir='ltr'>ribi</span> <span class='ocrx_word' id='word_1_387' title='bbox 999 4269 1099 4315; x_wconf 84' lang='lat' dir='ltr'>lucrant</span> <span class='ocrx_word' id='word_1_388' title='bbox 1123 4266 1253 4333; x_wconf 79' lang='lat' dir='ltr'>legiones,</span> <span class='ocrx_word' id='word_1_389' title='bbox 1276 4285 1326 4331; x_wconf 88' lang='lat' dir='ltr'>quo</span> <span class='ocrx_word' id='word_1_390' title='bbox 1342 4267 1411 4317; x_wconf 83' lang='lat' dir='ltr'>venit</span> <span class='ocrx_word' id='word_1_391' title='bbox 1429 4286 1445 4317; x_wconf 87' lang='lat' dir='ltr'>a</span> 
     </span>
     <span class='ocr_line' id='line_1_40' title="bbox 165 4336 1447 4401; baseline 0.004 -21"><span class='ocrx_word' id='word_1_392' title='bbox 165 4336 308 4395; x_wconf 68' lang='lat' dir='ltr'>poematica</span> <span class='ocrx_word' id='word_1_393' title='bbox 332 4336 498 4399; x_wconf 70' lang='lat' dir='ltr'>explicationi</span> <span class='ocrx_word' id='word_1_394' title='bbox 515 4336 611 4399; x_wconf 79' lang='lat' dir='ltr'>Aeperi</span> <span class='ocrx_word' id='word_1_395' title='bbox 632 4337 781 4399; x_wconf 76' lang='lat' dir='ltr'>interposita</span> <span class='ocrx_word' id='word_1_396' title='bbox 803 4344 868 4387; x_wconf 81' lang='lat' dir='ltr'>sont.</span> <span class='ocrx_word' id='word_1_397' title='bbox 895 4336 943 4385; x_wconf 82' lang='lat' dir='ltr'>aed</span> <span class='ocrx_word' id='word_1_398' title='bbox 959 4352 991 4385; x_wconf 83' lang='lat' dir='ltr'>ne</span> <span class='ocrx_word' id='word_1_399' title='bbox 1008 4339 1107 4400; x_wconf 76' lang='lat' dir='ltr'>reliquo</span> <span class='ocrx_word' id='word_1_400' title='bbox 1127 4338 1224 4401; x_wconf 71' lang='lat' dir='ltr'>quidem</span> <span class='ocrx_word' id='word_1_401' title='bbox 1241 4338 1348 4401; x_wconf 76' lang='lat' dir='ltr'>integro,</span> <span class='ocrx_word' id='word_1_402' title='bbox 1366 4340 1403 4387; x_wconf 80' lang='lat' dir='ltr'>sic</span> <span class='ocrx_word' id='word_1_403' title='bbox 1419 4344 1447 4385; x_wconf 81' lang='lat' dir='ltr'>ot</span> 
     </span>
     <span class='ocr_line' id='line_1_41' title="bbox 167 4402 1444 4469; baseline 0.004 -20"><span class='ocrx_word' id='word_1_404' title='bbox 167 4402 194 4451; x_wconf 83' lang='lat' dir='ltr'>al</span> <span class='ocrx_word' id='word_1_405' title='bbox 209 4404 245 4455; x_wconf 88' lang='lat' dir='ltr'>illo</span> <span class='ocrx_word' id='word_1_406' title='bbox 259 4408 357 4469; x_wconf 78' lang='lat' dir='ltr'>scripto</span> <span class='ocrx_word' id='word_1_407' title='bbox 374 4414 456 4467; x_wconf 85' lang='lat' dir='ltr'>erunt,</span> <span class='ocrx_word' id='word_1_408' title='bbox 477 4408 560 4455; x_wconf 85' lang='lat' dir='ltr'>relato</span> <span class='ocrx_word' id='word_1_409' title='bbox 579 4420 634 4455; x_wconf 78' lang='lat' dir='ltr'>esse</span> <span class='ocrx_word' id='word_1_410' title='bbox 652 4406 768 4456; x_wconf 83' lang='lat' dir='ltr'>videntur</span> <span class='ocrx_word' id='word_1_411' title='bbox 855 4420 906 4467; x_wconf 93' lang='lat' dir='ltr'>quo</span> <span class='ocrx_word' id='word_1_412' title='bbox 927 4406 998 4454; x_wconf 86' lang='lat' dir='ltr'>uenit</span> <span class='ocrx_word' id='word_1_413' title='bbox 1019 4415 1153 4455; x_wconf 86' lang='lat' dir='ltr'>conuertas</span> <span class='ocrx_word' id='word_1_414' title='bbox 1173 4407 1230 4456; x_wconf 87' lang='lat' dir='ltr'>AB</span> <span class='ocrx_word' id='word_1_415' title='bbox 1257 4422 1307 4469; x_wconf 90' lang='lat' dir='ltr'>quo</span> <span class='ocrx_word' id='word_1_416' title='bbox 1326 4408 1399 4456; x_wconf 88' lang='lat' dir='ltr'>uenit</span> <span class='ocrx_word' id='word_1_417' title='bbox 1422 4408 1444 4455; x_wconf 88' lang='lat' dir='ltr'>si</span> 
     </span>
     <span class='ocr_line' id='line_1_42' title="bbox 168 4474 1445 4541; baseline 0.005 -23"><span class='ocrx_word' id='word_1_418' title='bbox 168 4483 283 4524; x_wconf 81' lang='lat' dir='ltr'>conuertas</span> <span class='ocrx_word' id='word_1_419' title='bbox 301 4476 342 4526; x_wconf 83' lang='lat' dir='ltr'>Cb</span> <span class='ocrx_word' id='word_1_420' title='bbox 433 4476 464 4526; x_wconf 83' lang='lat' dir='ltr'>lt</span> <span class='ocrx_word' id='word_1_421' title='bbox 483 4476 640 4540; x_wconf 87' lang='lat' dir='ltr'>eonsturgim</span> <span class='ocrx_word' id='word_1_422' title='bbox 658 4474 711 4525; x_wconf 83' lang='lat' dir='ltr'>BC</span> <span class='ocrx_word' id='word_1_423' title='bbox 798 4476 829 4526; x_wconf 78' lang='grc'>15</span> <span class='ocrx_word' id='word_1_424' title='bbox 847 4474 916 4539; x_wconf 88' lang='lat' dir='ltr'>apud</span> <span class='ocrx_word' id='word_1_425' title='bbox 931 4477 1087 4541; x_wconf 87' lang='lat' dir='ltr'>eonsturgim</span> <span class='ocrx_word' id='word_1_426' title='bbox 1102 4476 1156 4527; x_wconf 80' lang='lat' dir='ltr'>Bc</span> <span class='ocrx_word' id='word_1_427' title='bbox 1236 4492 1286 4539; x_wconf 92' lang='lat' dir='ltr'>quo</span> <span class='ocrx_word' id='word_1_428' title='bbox 1303 4478 1352 4527; x_wconf 89' lang='lat' dir='ltr'>iste</span> <span class='ocrx_word' id='word_1_429' title='bbox 1369 4476 1445 4526; x_wconf 78' lang='lat' dir='ltr'>nea</span> 
     </span>
     <span class='ocr_line' id='line_1_43' title="bbox 169 4542 1442 4614; baseline 0.006 -25"><span class='ocrx_word' id='word_1_430' title='bbox 169 4544 225 4601; x_wconf 87' lang='lat' dir='ltr'>quod</span> <span class='ocrx_word' id='word_1_431' title='bbox 241 4544 285 4593; x_wconf 87' lang='lat' dir='ltr'>iste</span> <span class='ocrx_word' id='word_1_432' title='bbox 303 4546 327 4594; x_wconf 99' lang='lat' dir='ltr'><em>A</em></span> <span class='ocrx_word' id='word_1_433' title='bbox 414 4544 447 4595; x_wconf 82' lang='lat' dir='ltr'>te</span> <span class='ocrx_word' id='word_1_434' title='bbox 463 4560 518 4595; x_wconf 88' lang='lat' dir='ltr'>sum</span> <span class='ocrx_word' id='word_1_435' title='bbox 533 4560 578 4596; x_wconf 86' lang='lat' dir='ltr'>om.</span> <span class='ocrx_word' id='word_1_436' title='bbox 600 4542 683 4595; x_wconf 79' lang='lat' dir='ltr'>ABG</span> <span class='ocrx_word' id='word_1_437' title='bbox 760 4543 804 4610; x_wconf 86' lang='lat' dir='ltr'>ad]</span> <span class='ocrx_word' id='word_1_438' title='bbox 826 4546 859 4607; x_wconf 83' lang='lat' dir='ltr'>cf.</span> <span class='ocrx_word' id='word_1_439' title='bbox 883 4544 1111 4610; x_wconf 75' lang='lat' dir='ltr'>Gledon.p.193⁴l</span> <span class='ocrx_word' id='word_1_440' title='bbox 1195 4545 1228 4597; x_wconf 85' lang='grc'>19</span> <span class='ocrx_word' id='word_1_441' title='bbox 1244 4543 1337 4614; x_wconf 87' lang='lat' dir='ltr'>prima]</span> <span class='ocrx_word' id='word_1_442' title='bbox 1364 4547 1442 4610; x_wconf 81' lang='lat' dir='ltr'>Verg.</span> 
     </span>
     <span class='ocr_line' id='line_1_44' title="bbox 168 4612 1445 4683; baseline 0.004 -25"><span class='ocrx_word' id='word_1_443' title='bbox 168 4612 223 4665; x_wconf 36' lang='lat' dir='ltr'>elea,</span> <span class='ocrx_word' id='word_1_444' title='bbox 241 4614 249 4660; x_wconf 98' lang='lat' dir='ltr'>l</span> <span class='ocrx_word' id='word_1_445' title='bbox 266 4616 298 4663; x_wconf 74' lang='lat' dir='ltr'>et</span> <span class='ocrx_word' id='word_1_446' title='bbox 406 4615 439 4665; x_wconf 80' lang='lat'>20</span> <span class='ocrx_word' id='word_1_447' title='bbox 458 4615 539 4663; x_wconf 86' lang='lat' dir='ltr'>decim</span> <span class='ocrx_word' id='word_1_448' title='bbox 560 4614 623 4665; x_wconf 81' lang='lat' dir='ltr'><strong><em>BG.-</em></strong></span> <span class='ocrx_word' id='word_1_449' title='bbox 649 4616 699 4667; x_wconf 82' lang='lat' dir='ltr'>Cle.</span> <span class='ocrx_word' id='word_1_450' title='bbox 721 4617 745 4663; x_wconf 84' lang='lat' dir='ltr'>in</span> <span class='ocrx_word' id='word_1_451' title='bbox 769 4616 846 4667; x_wconf 85' lang='lat' dir='ltr'>Verr.</span> <span class='ocrx_word' id='word_1_452' title='bbox 870 4622 919 4663; x_wconf 86' lang='lat' dir='ltr'>oct.</span> <span class='ocrx_word' id='word_1_453' title='bbox 940 4614 1002 4678; x_wconf 86' lang='lat'>18,</span> <span class='ocrx_word' id='word_1_454' title='bbox 1025 4618 1059 4664; x_wconf 80' lang='grc'>’22</span> <span class='ocrx_word' id='word_1_455' title='bbox 1147 4614 1180 4663; x_wconf 85' lang='lat' dir='ltr'>ad</span> <span class='ocrx_word' id='word_1_456' title='bbox 1202 4614 1332 4683; x_wconf 65' lang='lat' dir='ltr'>siarcum]</span> <span class='ocrx_word' id='word_1_457' title='bbox 1348 4616 1400 4666; x_wconf 84' lang='lat' dir='ltr'>Cic.</span> <span class='ocrx_word' id='word_1_458' title='bbox 1420 4619 1445 4664; x_wconf 79' lang='lat' dir='ltr'>in</span> 
     </span>
     <span class='ocr_line' id='line_1_45' title="bbox 170 4680 1446 4750; baseline 0.003 -21"><span class='ocrx_word' id='word_1_459' title='bbox 170 4680 355 4743; x_wconf 78' lang='lat' dir='ltr'>uacn.18,19</span> <span class='ocrx_word' id='word_1_460' title='bbox 426 4686 459 4735; x_wconf 77' lang='grc'>22</span> <span class='ocrx_word' id='word_1_461' title='bbox 476 4700 570 4750; x_wconf 90' lang='lat' dir='ltr'>ponere</span> <span class='ocrx_word' id='word_1_462' title='bbox 586 4687 676 4747; x_wconf 86' lang='lat' dir='ltr'>priore</span> <span class='ocrx_word' id='word_1_463' title='bbox 691 4686 746 4735; x_wconf 85' lang='lat' dir='ltr'>loco</span> <span class='ocrx_word' id='word_1_464' title='bbox 761 4700 806 4735; x_wconf 87' lang='lat' dir='ltr'>om.</span> <span class='ocrx_word' id='word_1_465' title='bbox 826 4686 850 4735; x_wconf 85' lang='lat' dir='ltr'><em>B</em></span> <span class='ocrx_word' id='word_1_466' title='bbox 920 4699 986 4747; x_wconf 84' lang='lat' dir='ltr'>qnae</span> <span class='ocrx_word' id='word_1_467' title='bbox 1004 4685 1071 4733; x_wconf 86' lang='lat' dir='ltr'>etin</span> <span class='ocrx_word' id='word_1_468' title='bbox 1090 4685 1271 4734; x_wconf 83' lang='lat' dir='ltr'>daulvitationem</span> <span class='ocrx_word' id='word_1_469' title='bbox 1290 4688 1343 4736; x_wconf 87' lang='lat' dir='ltr'>AC</span> <span class='ocrx_word' id='word_1_470' title='bbox 1412 4686 1446 4733; x_wconf 78' lang='lat' dir='ltr'>an</span> 
     </span>
     <span class='ocr_line' id='line_1_46' title="bbox 169 4754 1444 4818; baseline 0.005 -21"><span class='ocrx_word' id='word_1_471' title='bbox 169 4762 211 4797; x_wconf 91' lang='lat' dir='ltr'>uon</span> <span class='ocrx_word' id='word_1_472' title='bbox 227 4763 304 4815; x_wconf 85' lang='lat' dir='ltr'>potest</span> <span class='ocrx_word' id='word_1_473' title='bbox 322 4754 346 4802; x_wconf 91' lang='lat' dir='ltr'><em>A</em></span> <span class='ocrx_word' id='word_1_474' title='bbox 419 4754 479 4804; x_wconf 89' lang='lat' dir='ltr'>item</span> <span class='ocrx_word' id='word_1_475' title='bbox 505 4754 546 4818; x_wconf 92' lang='lat' dir='ltr'>qui</span> <span class='ocrx_word' id='word_1_476' title='bbox 565 4755 832 4805; x_wconf 84' lang='lat' dir='ltr'>maleLiademanaus</span> <span class='ocrx_word' id='word_1_477' title='bbox 851 4755 909 4803; x_wconf 88' lang='lat' dir='ltr'>item</span> <span class='ocrx_word' id='word_1_478' title='bbox 927 4769 977 4816; x_wconf 87' lang='lat' dir='ltr'>quo</span> <span class='ocrx_word' id='word_1_479' title='bbox 1001 4756 1077 4805; x_wconf 87' lang='lat' dir='ltr'>modo</span> <span class='ocrx_word' id='word_1_480' title='bbox 1097 4756 1163 4803; x_wconf 86' lang='lat' dir='ltr'>male</span> <span class='ocrx_word' id='word_1_481' title='bbox 1182 4754 1267 4805; x_wconf 79' lang='lat' dir='ltr'>ABG</span> <span class='ocrx_word' id='word_1_482' title='bbox 1335 4756 1371 4807; x_wconf 83' lang='lat'>30</span> <span class='ocrx_word' id='word_1_483' title='bbox 1394 4770 1444 4805; x_wconf 93' lang='lat' dir='ltr'>uon</span> 
     </span>
     <span class='ocr_line' id='line_1_47' title="bbox 170 4820 1445 4892; baseline 0.005 -26"><span class='ocrx_word' id='word_1_484' title='bbox 170 4820 312 4889; x_wconf 86' lang='lat' dir='ltr'>coniungitur</span> <span class='ocrx_word' id='word_1_485' title='bbox 331 4824 532 4889; x_wconf 65' lang='lat' dir='ltr'>&amp;coniungitur</span> <span class='ocrx_word' id='word_1_486' title='bbox 551 4839 619 4877; x_wconf 72' lang='lat' dir='ltr'>coar.</span> <span class='ocrx_word' id='word_1_487' title='bbox 638 4838 686 4873; x_wconf 90' lang='lat' dir='ltr'>non</span> <span class='ocrx_word' id='word_1_488' title='bbox 705 4826 867 4890; x_wconf 80' lang='lat' dir='ltr'>coitiungitur</span> <span class='ocrx_word' id='word_1_489' title='bbox 886 4824 910 4871; x_wconf 90' lang='lat' dir='ltr'><em>A</em></span> <span class='ocrx_word' id='word_1_490' title='bbox 998 4825 1031 4877; x_wconf 84' lang='grc'>31</span> <span class='ocrx_word' id='word_1_491' title='bbox 1051 4826 1082 4874; x_wconf 87' lang='lat' dir='ltr'>ad</span> <span class='ocrx_word' id='word_1_492' title='bbox 1103 4823 1194 4892; x_wconf 84' lang='lat' dir='ltr'>nsque]</span> <span class='ocrx_word' id='word_1_493' title='bbox 1223 4827 1301 4891; x_wconf 80' lang='lat' dir='ltr'>Verg.</span> <span class='ocrx_word' id='word_1_494' title='bbox 1321 4828 1387 4878; x_wconf 82' lang='lat' dir='ltr'>Aen.</span> <span class='ocrx_word' id='word_1_495' title='bbox 1408 4826 1445 4875; x_wconf 85' lang='lat' dir='ltr'>Xl</span> 
     </span>
     <span class='ocr_line' id='line_1_48' title="bbox 170 4888 1227 4962; baseline 0.006 -23"><span class='ocrx_word' id='word_1_496' title='bbox 170 4888 212 4939; x_wconf 72' lang='lat'>26⁴2</span> <span class='ocrx_word' id='word_1_497' title='bbox 251 4940 253 4945; x_wconf 89' lang='grc'>,</span> <span class='ocrx_word' id='word_1_498' title='bbox 273 4892 306 4943; x_wconf 85' lang='grc'>33</span> <span class='ocrx_word' id='word_1_499' title='bbox 321 4908 378 4943; x_wconf 87' lang='lat' dir='ltr'>esse</span> <span class='ocrx_word' id='word_1_500' title='bbox 398 4910 443 4947; x_wconf 90' lang='lat' dir='ltr'>om.</span> <span class='ocrx_word' id='word_1_501' title='bbox 460 4894 543 4946; x_wconf 86' lang='lat' dir='ltr'>ABG</span> <span class='ocrx_word' id='word_1_502' title='bbox 610 4895 632 4943; x_wconf 86' lang='lat' dir='ltr'>si</span> <span class='ocrx_word' id='word_1_503' title='bbox 650 4909 701 4945; x_wconf 90' lang='lat' dir='ltr'>uon</span> <span class='ocrx_word' id='word_1_504' title='bbox 719 4905 803 4962; x_wconf 86' lang='lat' dir='ltr'>potest</span> <span class='ocrx_word' id='word_1_505' title='bbox 819 4894 1013 4961; x_wconf 72' lang='lat' dir='ltr'>(sesecundo)</span> <span class='ocrx_word' id='word_1_506' title='bbox 1029 4896 1184 4962; x_wconf 83' lang='lat' dir='ltr'>praepositio</span> <span class='ocrx_word' id='word_1_507' title='bbox 1202 4897 1227 4945; x_wconf 95' lang='lat' dir='ltr'><em>A</em></span> 
     </span>
    </p>
   </div>
   <div class='ocr_carea' id='block_1_5' title="bbox 213 4978 1243 5045">
    <p class='ocr_par' dir='ltr' id='par_1_12' title="bbox 213 4978 1243 5045">
     <span class='ocr_line' id='line_1_49' title="bbox 213 4978 1243 5045; baseline 0.009 -21"><span class='ocrx_word' id='word_1_508' title='bbox 213 4980 380 5027; x_wconf 68' lang='lat' dir='ltr'>ansuinum</span> <span class='ocrx_word' id='word_1_509' title='bbox 393 4984 525 5027; x_wconf 80' lang='lat' dir='ltr'>uaruuav.</span> <span class='ocrx_word' id='word_1_510' title='bbox 1203 4978 1243 5045; x_wconf 87' lang='lat'>18</span> 
     </span>
    </p>
   </div>
   <div class='ocr_carea' id='block_1_6' title="bbox 0 0 1777 5600">
    <p class='ocr_par' dir='ltr' id='par_1_13' title="bbox 0 0 1777 5600">
     <span class='ocr_line' id='line_1_50' title="bbox 0 0 1777 5600; baseline 0 0"><span class='ocrx_word' id='word_1_511' title='bbox 0 0 1777 5600; x_wconf 95' lang='lat' dir='ltr'> </span> 
     </span>
    </p>
   </div>
  </div>
 </body>
</html>
