3525 5600
737 432 808 494 aas
836 385 839 392 ’
1354 432 1417 498 385

1268 555 1290 598 p.
1303 543 1355 584 rora
1367 541 1391 583 r.

154 630 251 705 regunt.
293 640 329 683 ex
357 622 466 702 quibus
494 641 547 684 nos
574 622 702 703 exempli
731 623 827 700 gratia
853 642 947 703 pauca
975 641 1129 703 ponemus.
1174 625 1298 702 genitivi
1331 644 1416 686 casus

154 728 239 790 verba:
261 726 405 785 misereor
427 725 522 796 illius,
553 724 651 786 taedet
679 724 804 795 laboris,
827 725 921 804 pudet
942 728 1070 805 incepti,
1094 728 1178 806 piget
1198 727 1280 786 iacti.
1325 727 1416 788 dativi

153 849 222 892 casus
241 827 342 888 verba:
365 829 472 889 mando
494 829 677 908 propinquo,
701 827 846 888 maledico
868 830 1008 898 inimicis
1031 829 1142 890 suadeo
1165 830 1279 898 amicis,
1302 830 1416 909 imputo

152 931 292 1000 iudicibus,
315 949 405 1010 parco
432 933 553 1002 vicinis,
583 948 675 990 noceo
704 929 893 991 adversariis,
937 934 1098 992 accusativi
1120 949 1207 992 casus
1228 931 1333 992 verba:
1366 951 1415 992 ac·

133 1053 209 1096 vruso
234 1034 381 1103 inimicos,
412 1037 516 1094 invoco
542 1032 671 1102 iudices,
704 1034 830 1093 miseror
858 1032 1008 1104 adllictos,
1036 1036 1137 1095 imitor
1170 1034 1279 1103 bonos,
1314 1034 1416 1094 adlevo

152 1139 256 1204 amicos,
277 1135 362 1196 rideo
384 1136 515 1196 stultum.
547 1135 666 1196 ablativi
683 1153 768 1196 casus
784 1123 888 1195 verba':
913 1135 1034 1196 discedo
1048 1136 1085 1196 ah
1109 1137 1253 1206 inimicis,
1278 1137 1415 1216 discrepo

152 1239 180 1300 al
199 1241 306 1316 ignaro,
336 1245 453 1298 avertor
481 1259 497 1300 a
524 1238 689 1318 petulante,
722 1236 883 1298 maledicor
905 1236 942 1298 ab
965 1239 1109 1308 inimicis,
1134 1237 1237 1299 absum
1259 1239 1296 1299 ab
1315 1239 1414 1310 stulto,

151 1342 272 1402 dissentio
295 1339 331 1400 ab
354 1342 494 1402 inimicis.
539 1343 658 1420 septimi
681 1358 767 1401 castis
789 1359 905 1422 quoque
929 1339 1020 1402 verba
1041 1348 1124 1411 sunt,
1148 1360 1224 1420 quac
1246 1340 1302 1401 hoc
1324 1342 1414 1402 dista-

152 1443 213 1502 bunt
232 1441 265 1502 ab
287 1442 428 1512 ablativo,
457 1443 535 1521 quod
563 1444 801 1522 praepositiones
829 1462 888 1503 non
916 1443 1080 1512 adduntur,
1104 1450 1137 1504 ut
1158 1444 1241 1503 lruor
1264 1447 1414 1514 amicitiis,

122 1563 140 1602 n
151 1547 231 1624 potior
251 1547 389 1623 pecunia,
418 1547 519 1624 privor
548 1551 709 1624 potestate,
739 1561 826 1606 careo
847 1546 998 1614 molestia,
1027 1546 1100 1606 cedo
1121 1548 1325 1625 possessione,
1349 1554 1416 1608 utor

151 1656 216 1724 toga,
243 1646 386 1707 interdico
414 1648 567 1716 amicitiiS,
604 1648 738 1709 sacrifico
765 1649 899 1719 victima,
931 1648 1043 1726 glorior
1074 1647 1198 1709 viribus
1243 1649 1315 1709 item
1347 1656 1416 1710 sunt

150 1749 225 1809 verba
244 1766 317 1827 quae
340 1747 428 1809 binos
450 1768 550 1819 casus,
574 1767 633 1809 non
656 1749 787 1828 singulos
810 1757 932 1827 regunt:
960 1751 1126 1828 genitivum
1152 1757 1183 1810 et
1203 1753 1414 1820 accusativum,

150 1850 289 1911 obliviscor
314 1852 507 1921 iniuriarum,
537 1851 698 1913 obliviscor
725 1854 867 1922 iniurias,
897 1854 1021 1912 memini
1054 1869 1264 1924 numerorum,
1292 1855 1414 1914 memini

150 1971 285 2022 numeros3
308 1955 471 2030 genitivum
494 1961 524 2012 et
539 1956 698 2034 septimum
713 1973 829 2024 casum,
853 1972 927 2032 egeo
949 1956 1050 2034 paule,
1074 1971 1148 2032 egeo
1169 1973 1261 2033 pane;
1286 1954 1415 2016 dativum

122 2065 174 2116 cet
192 2058 395 2126 accusativum,
425 2056 527 2118 inludo
555 2064 654 2137 capto,
683 2057 785 2119 inludo
813 2065 947 2138 captum;
970 2058 1171 2118 accusativum
1193 2064 1223 2117 et
1245 2056 1414 2127 ablativum,

150 2176 252 2218 aversor
273 2177 289 2217 a
311 2158 478 2238 petulante,
503 2177 623 2243 aversor
645 2161 752 2220 sontes.

205 2398 221 2446 t
237 2411 312 2446 noceo
331 2397 446 2448 aduersis
464 2412 539 2464 pareo
554 2399 644 2449 uicinis
659 2399 693 2448 M
760 2397 862 2450 (tuideo
881 2399 986 2449 stultum
1004 2397 1120 2462 (ablatiui
1139 2425 1173 2434 -
1190 2400 1300 2449 inimicis
1317 2399 1378 2453 add.
1393 2417 1417 2450 m

148 2469 169 2515 ir
181 2466 265 2531 marp.)
287 2469 438 2518 accusemini
456 2479 479 2517 et
498 2468 576 2518 detiui
600 2483 674 2518 casus
698 2467 811 2518 inludere
833 2477 908 2533 cepto
928 2469 1041 2519 inludere
1060 2479 1171 2534 captum.
1192 2469 1299 2534 Septimi
1316 2468 1347 2517 M

149 2537 248 2602 discrepo
262 2563 295 2574 -
308 2541 323 2588 7
336 2538 446 2587 inimicis
461 2553 505 2588 orn.
520 2539 541 2588 Β
608 2539 624 2588 7
642 2547 742 2589 auertor
757 2539 901 2603 opetulente
918 2539 980 2588 ML
993 2553 1098 2589 euersor
1113 2554 1128 2588 a
1144 2539 1272 2603 petulante
1280 2538 1419 2589 Siodardue

148 2605 490 2670 ddissentioabiniqnish
577 2623 675 2672 qnoque
693 2623 739 2659 om.
760 2608 819 2658 ML
906 2608 1156 2660 9lruoremicisB
1243 2610 1274 2660 ll
1294 2609 1417 2658 interdico

149 2677 224 2726 amicis
243 2677 274 2726 M
357 2678 389 2729 14
404 2679 684 2748 datiuum-captum
704 2679 750 2729 doe
769 2681 823 2728 loeo
841 2692 888 2728 ont.
908 2678 940 2726 M
1026 2679 1058 2729 15
1076 2677 1193 2728 inludere
1209 2691 1284 2744 capto
1304 2679 1417 2729 inludere

149 2755 234 2811 captum
252 2746 304 2796 BL
366 2748 517 2797 necrrssatiui
533 2757 556 2798 et
574 2748 680 2798 ablatiui
699 2763 774 2801 casus
792 2749 869 2798 uerba
889 2748 951 2800 lreec
968 2757 1026 2797 sunt
1040 2757 1141 2800 euenor
1156 2749 1299 2813 epetulante
1317 2756 1418 2800 auertor

150 2815 228 2870 loures.
242 2817 343 2883 explicit
355 2818 387 2867 M
403 2820 542 2869 accusatiui
556 2830 580 2868 et
598 2819 702 2869 abletiul
724 2828 833 2871 nuertor.
855 2835 886 2869 ne
904 2819 1033 2885 petulante
1050 2828 1151 2870 ouertor
1168 2820 1261 2873 lentes.
1282 2819 1371 2885 explic
1386 2820 1417 2868 de

149 2887 223 2940 uerbo.
240 2888 275 2938 De
291 2889 439 2954 pronomine
452 2890 477 2939 L
549 2888 580 2941 lo
598 2904 703 2940 euersor
723 2898 828 2956 utroque
842 2894 898 2942 loeo
911 2887 1050 2941 Sicdcrdoe
1069 2898 1168 2939 auertor
1184 2888 1210 2939 B
