3525 5600
661 429 898 493 COMMENTVM
1359 423 1423 487 299

1238 548 1259 589 p.
1273 535 1362 574 ast-5³
1375 531 1396 574 h.

153 624 276 708 positione
304 620 393 681 habet
418 627 512 688 stare,
544 622 604 678 sive
627 617 731 678 dixero
754 617 811 688 illi,
841 619 987 698 positione
1010 615 1100 676 habet
1121 621 1209 676 stare.
1255 633 1327 693 ergo
1350 614 1423 677 nihil

152 729 262 810 praestat
282 723 337 784 nisi
359 724 518 783 novitatem
543 719 727 783 elocutionis,
772 720 926 782 antithesis
948 719 1025 800 apud
1047 718 1168 780 Latinos
1189 716 1263 780 nihil
1285 725 1423 797 praestat.

152 825 317 891 econtrario
340 823 418 905 apud
441 823 572 885 Graecos
598 830 730 904 praestat
760 819 938 907 [ornatum]:
968 841 986 882 o
1008 820 1095 900 longa
1118 828 1176 890 est,
1200 839 1220 880 u
1242 820 1340 882 brevis
1361 827 1421 888 est3

151 931 190 992 ubi
209 929 367 988 necessitas
390 934 436 988 est
459 927 561 995 metri,
584 923 666 986 illam
689 945 707 986 o
729 945 784 1006 pro
808 945 826 986 u
848 926 1021 1004 accipimus.
1051 941 1122 985 eece
1136 941 1170 984 re
1185 942 1254 984 vera
1268 922 1423 984 antithesis

132 1041 197 1103 sest,
216 1028 263 1090 ubi
286 1027 383 1090 littera
406 1047 460 1108 pro
483 1026 581 1090 littera
604 1030 700 1108 posita
722 1029 867 1108 praestitit
889 1035 1032 1096 metrum:
1055 1025 1217 1088 bisantem
1239 1024 1314 1086 nihil
1336 1044 1422 1105 prae·

149 1141 194 1198 stat
214 1141 313 1192 metro.
344 1129 395 1191 sed
412 1149 480 1192 ecoe
496 1129 590 1192 habes
612 1129 690 1211 apud
716 1129 838 1192 Latinos
861 1129 1037 1200 antithesin,
1061 1127 1165 1190 sedin
1186 1125 1278 1189 verbo
1299 1145 1422 1207 graee03

149 1255 197 1299 oon
217 1241 257 1296 est
277 1232 416 1303 latinum,
447 1232 498 1293 sed
522 1232 644 1294 verbum
667 1250 806 1312 graccum
830 1241 889 1304 est,
919 1237 1101 1314 ‘aquosus
1124 1231 1263 1293 (irion'.
1308 1228 1421 1290 odici-

148 1357 215 1407 nus,
235 1335 285 1396 sed
307 1337 367 1396 iam
392 1333 547 1396 antithesis
570 1337 627 1396 erit
648 1336 679 1394 in
701 1335 885 1415 temporibus
900 1341 1016 1396 tantum
1031 1333 1134 1405 modo,
1158 1352 1219 1394 non
1241 1334 1271 1394 in
1294 1329 1423 1412 syllabis.

147 1439 328 1521 nequeenim
352 1436 439 1499 aliter
461 1437 569 1500 scribis
587 1424 697 1507 lirion
723 1445 753 1498 et
767 1436 853 1498 aliter
868 1437 975 1498 scribis
990 1418 1097 1499 brion:
1119 1436 1188 1516 ideo
1210 1453 1270 1496 uon
1291 1442 1424 1515 praestat

120 1543 242 1604 rolatinis
273 1538 396 1620 aliquid:
431 1539 552 1602 eaedem
586 1542 666 1601 enim
701 1538 815 1601 vocales
847 1547 931 1610 sunt,
966 1541 1019 1602 sed
1051 1536 1239 1619 temporibus
1271 1537 1420 1598 differunt.

146 1643 314 1706 neuthesu:
343 1662 377 1704 re
401 1662 467 1704 sera
496 1643 550 1703 ista
573 1641 715 1704 dillerunt
736 1642 814 1722 apud
837 1642 971 1710 Latinos:
1001 1642 1050 1703 hie
1077 1641 1259 1704 transversis
1281 1647 1339 1711 est,
1363 1658 1423 1700 non

145 1747 266 1815 mutatio,
295 1752 327 1806 ut
355 1763 414 1806 nou
443 1743 567 1806 alteram
594 1763 649 1824 pro
678 1744 769 1806 altera
797 1753 907 1826 ponas,
937 1744 991 1806 sed
1017 1746 1098 1824 ipsas
1125 1751 1294 1812 convertas,
1323 1753 1357 1805 ut
1377 1751 1424 1804 est

145 1849 180 1912 lh
226 1848 291 1919 bre,
317 1852 322 1922 Ι

183 1867 225 1930 m
280 1985 357 2028 nam
381 1967 451 2028 tibi
473 1965 661 2046 Thymbre
683 1976 797 2048 caput
819 1966 1031 2028 Euandrius
1053 1964 1212 2026 abstulit
1233 1966 1344 2026 ensis.

115 2088 183 2149 udis
203 2086 385 2157 naturaliter,
410 2067 498 2168 quem
521 2087 557 2148 ad
580 2085 700 2148 modum
724 2097 769 2170 est
792 2085 866 2147 ordo
888 2087 1069 2156 litterarum,
1100 2094 1129 2146 et
1152 2104 1212 2147 uon
1233 2092 1291 2147 stat
1312 2105 1422 2156 rersrrs,

143 2209 200 2250 nam
221 2188 274 2250 tibi
288 2187 439 2268 'thymber
461 2195 550 2270 caput
566 2189 733 2250 Euandrius
755 2188 876 2250 abstulit
899 2191 986 2249 ensis.
1018 2205 1091 2267 ergo
1112 2189 1283 2274 metathesis
1305 2187 1421 2258 dieitur,

142 2293 266 2369 quotiens
295 2293 478 2352 convertitur
511 2291 584 2353 ordo
618 2290 781 2353 litterarum
815 2309 905 2353 causa
936 2293 1136 2360 necessitatis,
1170 2298 1204 2351 ut
1234 2293 1328 2372 possit
1360 2310 1423 2352 me·

143 2401 210 2454 unm
232 2401 320 2454 stare.

214 2529 250 2590 lli
273 2535 342 2590 sunt
363 2528 548 2610 metaplasmi
564 2529 652 2592 llllll.
671 2530 820 2592 schemata
837 2549 908 2591 vero
923 2538 973 2592 aut
987 2529 1088 2590 lexeos
1110 2538 1179 2590 sunt
1201 2537 1252 2590 aut
1273 2530 1423 2591 dianoeas.

111 2631 230 2694 olerecs
252 2631 390 2694 dicuntur
406 2649 481 2710 quae
496 2631 532 2694 ad
554 2635 763 2711 grammaticos
785 2633 950 2712 pertinent,
972 2633 1111 2693 dianoeas
1132 2651 1209 2712 quae
1230 2632 1267 2693 ad
1289 2641 1423 2694 oratores

138 2735 287 2813 pertinent.
332 2735 452 2794 schema
475 2734 576 2796 lexeos
598 2735 715 2806 dicitur,
739 2735 878 2817 quotiens
899 2737 933 2796 ht
954 2737 985 2796 in
1007 2754 1067 2796 uuo
1089 2733 1194 2805 verbo;
1217 2734 1338 2796 schema
1360 2734 1421 2797 dia·

138 2856 218 2899 noeas
245 2836 371 2907 dicitur,
400 2839 537 2914 quotiens
564 2839 689 2917 integris
716 2838 814 2899 verbis
842 2840 873 2899 in
902 2857 990 2899 sensu
1018 2840 1050 2899 lit
1076 2837 1206 2899 schema.
1251 2846 1283 2898 ut
1304 2844 1376 2918 puta
1397 2840 1423 2899 si

138 2938 209 2999 dieas
231 2939 310 3000 ‘hie
331 2938 439 3000 illius
461 2958 574 3010 arma,
598 2940 657 3001 hic
679 2958 811 3002 currus
833 2941 931 3012 iuit’,
955 2941 1023 3002 ‘hic
1038 2939 1207 3001 armaluit'
1230 2958 1319 3000 nemo
1341 2940 1422 3011 dicit,

137 3040 182 3100 sed
203 3040 329 3101 ‘currus
351 3042 440 3109 luit’;
469 3060 538 3102 ecce
566 3060 626 3103 uno
654 3041 745 3103 verbo
768 3045 927 3105 occurristi
948 3042 1065 3105 duobus
1086 3041 1273 3103 sermonibus
1294 3041 1422 3103 dissimi-

109 3139 198 3201 sliter
218 3144 339 3221 positis,
363 3142 393 3203 ld
417 3150 461 3203 est
483 3142 618 3205 dissimili
641 3162 765 3205 numero
787 3147 965 3207 constitutis.
996 3144 1054 3205 lroc
1075 3142 1195 3205 schema
1210 3146 1241 3205 in
1257 3163 1317 3205 uno
1332 3143 1424 3205 aerbo

135 3244 177 3303 tit:
201 3243 272 3305 tolle
296 3246 374 3305 enim
398 3242 470 3307 illud
494 3246 632 3317 verbum,
656 3254 685 3307 et
707 3246 780 3307 nihil
803 3256 874 3316 stat,
895 3246 944 3307 hie
966 3266 1075 3309 currrrs
1098 3246 1247 3327 [luerunt,
1270 3246 1320 3307 hie
1341 3264 1424 3309 arma

135 3344 275 3427 luerunt}
320 3362 393 3423 ergo
421 3348 451 3407 iu
480 3366 539 3407 uno
567 3346 657 3409 verbo
686 3350 726 3409 fit.
772 3348 892 3411 schema
922 3356 1020 3410 autem
1048 3349 1187 3411 dianoeas
1214 3368 1275 3411 non
1303 3350 1334 3409 in
1362 3366 1422 3409 uno

135 3446 216 3508 verbo
239 3448 384 3517 eflicitur,
413 3447 466 3509 sed
493 3450 523 3509 in
552 3457 690 3511 contextu
719 3453 847 3531 partium
870 3452 1022 3513 orationis.
1066 3458 1099 3512 ut
1130 3458 1202 3531 puta
1228 3450 1346 3533 quaudo
1367 3452 1422 3512 tin·

134 3548 223 3625 gimus
253 3568 311 3611 nos
338 3548 412 3609 nihil
440 3550 539 3611 dicere
563 3558 592 3611 et
614 3550 754 3623 dicimus,
778 3562 810 3614 ut
832 3554 931 3613 ‘nam
958 3551 1024 3615 illa
1051 3555 1162 3615 nimis
1184 3571 1250 3633 ego
1272 3555 1423 3631 antiqua

105 3658 349 3728 upraetereo,
374 3652 468 3729 quod
492 3651 675 3716 Servilius
698 3652 810 3715 hhala
834 3654 1008 3734 Spurium
1036 3653 1211 3717 llaelium
1239 3656 1343 3717 novis
1364 3674 1421 3716 re·

134 3748 191 3813 bus
212 3752 431 3815 studentem
454 3772 563 3816 manu
585 3774 648 3817 sua
671 3756 842 3819 oceidit':
871 3757 945 3818 dixit
966 3766 1138 3837 praetereo,
1163 3766 1193 3819 et
1213 3756 1284 3817 dicit
1304 3756 1355 3816 illa
1377 3759 1421 3817 ni·

133 3848 185 3913 hilo
207 3856 317 3915 minus.
347 3856 402 3915 ista
425 3855 567 3917 dianoeae
590 3866 666 3919 sunt.
698 3878 770 3938 ergo
792 3858 860 3920 illae
882 3861 1007 3939 figurae,
1030 3878 1105 3941 quae
1127 3860 1201 3921 finnt
1221 3860 1253 3919 in
1275 3858 1419 3929 sensibus,

133 3956 276 4031 pertinent
305 3955 341 4017 ad
370 3952 528 4035 oraltores3
557 3978 632 4039 quae
658 3960 733 4022 dunt
757 3962 791 4023 in
818 3962 1022 4034 sermonibus,
1052 3962 1088 4023 ad
1117 3962 1325 4041 grammaticos
1352 3980 1421 4043 per·

132 4056 228 4117 tinent.

192 4366 204 4415 l
231 4365 299 4415 nihil
326 4374 437 4433 praestat
460 4368 509 4417 uisi
529 4369 553 4418 P
576 4368 638 4419 nihil
663 4378 793 4437 praestant
815 4370 864 4419 uisi
883 4368 964 4420 BOS
1048 4370 1064 4420 3
1088 4372 1203 4433 sertam
1224 4370 1292 4437 apud
1309 4370 1422 4421 Graecos

134 4442 235 4495 praestat
252 4446 364 4485 metrum
436 4438 594 4503 bprsestitit
611 4442 730 4490 metecP
798 4437 957 4506 taquosos]
981 4442 1059 4507 Verp.
1081 4442 1146 4495 Aera.
1166 4442 1274 4492 llllb2:
1290 4442 1326 4505 cs.
1347 4441 1419 4494 Sem.

133 4504 154 4551 in
174 4505 249 4571 Verp.
264 4506 334 4557 Aen.
351 4508 360 4557 l
380 4506 432 4558 535
504 4510 532 4559 ll
553 4519 700 4559 transuerso
715 4520 754 4560 est
767 4509 792 4558 P
807 4520 982 4559 trsrrsuersum
994 4520 1032 4560 est
1049 4510 1126 4561 BOS
1195 4513 1227 4562 14
1245 4510 1315 4577 uam]
1340 4514 1419 4577 Verp.

134 4574 189 4626 Aea,
206 4574 230 4624 X
249 4576 304 4629 394
393 4576 582 4646 asbiornus]
608 4580 688 4646 Verp.
710 4580 803 4633 Aeml
823 4579 857 4631 16
944 4579 978 4631 ‘26
995 4580 1037 4629 hic
1054 4596 1143 4631 curram
1162 4582 1265 4632 luerunt
1282 4580 1324 4631 hic
1350 4597 1421 4631 arms

135 4641 265 4696 lueruntS
288 4646 332 4695 laic
355 4662 443 4699 currus
470 4648 510 4697 hic
533 4664 604 4699 arms
632 4650 735 4701 inerunt
752 4650 778 4702 B
801 4649 844 4699 hic
867 4664 957 4699 eramus
980 4650 1081 4700 luerunt
1102 4650 1144 4701 hic
1166 4668 1237 4703 arma
1255 4652 1357 4701 luerunt
1378 4652 1421 4702 hic

134 4712 227 4765 schema
245 4716 390 4767 lueruutO
459 4717 493 4768 29
513 4734 570 4769 nam
589 4718 643 4788 ills]
665 4723 716 4775 Cic.
738 4721 852 4773 inCctil.
870 4720 880 4768 l
900 4719 957 4784 1,2
1027 4721 1192 4785 aequoreque
1210 4722 1329 4773 seruilius
1347 4721 1421 4773 halas

134 4787 226 4845 spurius
244 4787 352 4836 melium
368 4788 475 4839 nouisS
493 4804 624 4853 quaequae
641 4793 760 4841 seruilius
773 4790 846 4840 haias
864 4790 966 4855 spurius
979 4790 1077 4841 milium
1093 4794 1168 4843 nonis
1184 4794 1205 4843 C
1220 4808 1337 4857 quaeque
1351 4794 1421 4842 serm

135 4852 195 4915 tilica
212 4856 279 4906 biles
301 4858 423 4922 superius
442 4857 525 4922 (eoa-r.
548 4860 661 4925 spurius)
680 4862 783 4911 melium
804 4856 888 4923 (corr.
909 4858 1022 4924 milium)
1038 4863 1112 4913 nonis
1129 4864 1155 4912 B
1175 4880 1268 4929 quaeq,
1287 4863 1418 4913 seruilium

136 4924 181 4973 ahs
197 4926 380 4992 purimaelium
395 4928 468 4981 nohis
486 4930 511 4979 P
579 4932 612 4983 sl
630 4932 721 4981 oceidit
740 4932 764 4981 P
778 4930 898 4980 occiderit
917 4930 992 4980 Bos
