3525 5600
334 393 396 456 372
421 424 425 433 ·
878 394 1080 456 CONSENTll

360 515 380 555 p.
394 501 496 544 soar-so
510 501 532 546 r.

335 601 423 644 sonae
445 589 557 644 certam
579 583 825 660 significationem
852 586 1025 645 confusione
1048 586 1239 665 suspendant.
1283 605 1351 646 nam
1373 603 1442 646 cum
1464 584 1530 644 dico
1550 586 1606 657 lroc,

335 685 431 752 sedet,
455 685 533 746 aliud
556 685 695 764 quiddam
718 689 865 764 significo,
896 706 984 766 quam
1011 687 1100 748 habet
1121 687 1171 748 ille
1193 688 1267 748 ordo
1288 687 1373 748 verbi
1396 695 1494 748 actum
1515 695 1606 749 tenen·

265 797 269 805 ⁴
334 790 386 856 tie,
410 805 478 846 cum
501 787 627 847 dicimus
649 789 737 848 sedeo
760 790 846 850 sedes
869 790 961 850 sedet.
999 794 1109 870 partim
1130 809 1201 850 vero
1222 811 1238 851 a
1261 809 1293 850 se
1315 792 1465 850 oriuntur.
1510 791 1559 850 sed
1577 811 1606 852 ea

334 907 408 968 quae
431 908 447 949 a
470 907 500 948 se
530 892 668 950 oriuntur
695 891 781 952 modo
812 891 922 952 nullam
943 892 1055 953 habent
1075 911 1198 973 prorsus
1224 895 1373 972 originem
1400 898 1452 952 aut
1479 893 1606 953 similitu·

332 992 432 1053 dinem
458 989 578 1070 [tertiae
598 987 603 1074 l
623 993 780 1074 personae]
798 993 898 1063 verbi,
922 1001 955 1054 ut
969 1002 1015 1054 est
1029 996 1122 1074 pudet
1135 995 1235 1056 taedet
1256 998 1339 1075 piget
1360 996 1510 1075 paenitet;
1531 995 1627 1055 nodos

333 1113 368 1155 ex
391 1094 491 1174 aliquo
513 1093 603 1154 verbo
626 1095 851 1158 similitudinem
873 1096 1010 1168 trahunt,
1035 1105 1068 1157 ut
1088 1101 1234 1159 misereor
1255 1100 1393 1167 miseret,
1417 1096 1496 1177 quod
1520 1105 1608 1157 utrum

333 1217 348 1258 a
372 1199 518 1258 misereor
541 1199 709 1268 misereris,
735 1217 771 1258 an
794 1218 810 1258 a
832 1201 961 1260 miseror
976 1201 1129 1260 miseraris
1143 1203 1257 1269 veniat,
1281 1202 1428 1260 incertum
1450 1207 1507 1259 est.
1530 1218 1607 1278 quar·

333 1307 394 1360 tum
416 1317 509 1377 genus
533 1306 579 1359 est
604 1301 851 1380 inpersonalium,
880 1301 959 1380 quod
987 1310 1036 1362 tur
1058 1302 1169 1382 syllaba
1190 1304 1303 1364 linitur.
1347 1301 1377 1362 id
1400 1301 1436 1361 alr
1459 1301 1609 1362 indicativo

333 1403 445 1481 primae
474 1419 616 1482 personae
646 1405 811 1482 praesentis
839 1405 983 1483 temporis
1010 1423 1028 1464 o
1055 1405 1155 1465 littera
1182 1407 1341 1464 terminato
1370 1406 1464 1474 venit,
1494 1412 1529 1463 ut
1552 1403 1608 1482 lego

332 1504 455 1580 iegitur,
479 1521 550 1580 gero
572 1507 703 1581 geritur,
727 1506 805 1584 quod
828 1505 990 1566 indiscrete
1005 1506 1124 1568 abelus
1141 1507 1220 1567 modi
1244 1504 1335 1566 verbo
1357 1524 1476 1585 semper
1497 1507 1638 1566 omninou

332 1609 478 1674 nascitur,
511 1609 643 1684 exceptis
671 1606 863 1686 quibusdam,
893 1626 969 1686 quae
998 1610 1029 1668 in
1056 1609 1112 1669 hac
1133 1617 1218 1688 parte
1241 1608 1392 1668 deliciunt.
1435 1607 1516 1668 unde
1537 1607 1608 1668 ducti

333 1715 401 1768 sunt
429 1707 549 1787 quidam
578 1717 610 1768 ut
637 1709 714 1768 hunc
744 1709 862 1770 modum
891 1709 1081 1771 declinationi
1110 1710 1307 1790 adplicarent,
1337 1710 1608 1788 quoniamquidem

333 1810 445 1871 nullum
468 1811 533 1870 lere
556 1809 680 1870 verbnm
702 1812 830 1870 inveniri
853 1819 966 1889 potest,
996 1831 1032 1872 ex
1054 1831 1113 1893 quo
1135 1831 1194 1873 non
1215 1831 1270 1892 per
1292 1812 1524 1872 declinationum
1544 1813 1608 1888 ligu-

333 1931 381 1972 ras
408 1911 512 1972 modus
539 1913 596 1972 iste
624 1910 772 1974 nascatur.
817 1912 869 1973 sed
898 1916 930 1975 in
960 1915 1015 1976 hoc
1044 1922 1235 1983 erraverunt,
1264 1914 1343 1994 quod
1374 1914 1500 1975 eundern
1529 1915 1608 1974 istum

334 2014 465 2084 modum,
496 2016 547 2093 qui
574 2014 611 2076 ab
639 2017 733 2075 activa
755 2014 952 2076 declinatione
974 2024 1087 2087 manat,
1110 2018 1200 2077 etiam
1223 2017 1349 2096 passivis
1370 2015 1609 2077 declinationibus
1618 2028 1639 2066 ¹⁵
1717 2024 1718 2031 ’

333 2116 571 2196 adplicaverunt,
602 2135 669 2177 cum
696 2135 882 2196 nequaquam
911 2119 960 2180 illa
996 2119 1194 2180 declinatione
1227 2121 1361 2198 passivae
1394 2119 1609 2195 significationis

332 2225 445 2298 partem
468 2217 572 2278 eadem
595 2218 686 2280 verba
708 2227 943 2298 repraesentent.
988 2240 1056 2282 nam
1083 2240 1151 2282 curn
1173 2222 1240 2282 dico
1262 2221 1398 2286 sedetur.
1427 2219 1496 2280 licet
1522 2222 1610 2280 omnis

331 2338 456 2399 persona
480 2321 602 2381 confusa
625 2322 679 2390 sit,
708 2323 851 2402 numquid
881 2323 960 2384 aliud
987 2325 1089 2384 videor
1116 2324 1235 2392 dicere,
1258 2341 1348 2402 qnam
1370 2322 1407 2382 de
1429 2321 1476 2382 lais
1497 2325 1549 2400 qni
1568 2340 1608 2380 se·

331 2421 420 2482 dent‘l
449 2429 499 2482 aut
526 2430 626 2502 potest
653 2424 729 2483 ullus
756 2424 925 2486 intellectus
951 2444 1016 2488 esse
1045 2434 1078 2486 ut
1103 2426 1159 2486 hoc
1182 2426 1293 2486 dixisse
1314 2424 1417 2484 ridear
1439 2423 1476 2482 de
1497 2424 1543 2483 liis
1563 2423 1609 2502 qui

331 2525 472 2586 sedentur
500 2544 566 2587 cum
595 2527 792 2606 permixtione
821 2529 985 2605 personae?
1018 2545 1090 2606 ergo
1122 2529 1262 2608 quoniam
1289 2527 1363 2587 haec
1392 2525 1548 2586 declinatio
1573 2527 1640 2583 tua

330 2635 475 2708 perpetua
503 2646 623 2707 semper
650 2629 713 2689 lere
743 2635 789 2689 est
816 2628 852 2689 ab
882 2631 980 2690 activa
1006 2631 1236 2706 significatione,
1262 2637 1294 2689 ut
1315 2647 1477 2708 numquam
1496 2628 1610 2686 omnino

330 2731 422 2802 desit,
453 2729 647 2790 tolerabiliter
678 2730 751 2792 mihi
780 2733 812 2791 in
839 2734 934 2792 activa
963 2731 1160 2793 declinatione
1188 2733 1303 2812 positus
1330 2730 1544 2812 aquibusdam
1564 2728 1609 2787 hic

331 2834 434 2893 modus
464 2833 661 2913 inpersonalis
690 2833 816 2894 videtur.
861 2842 892 2895 et
912 2835 991 2915 quod
1012 2853 1067 2915 per
1088 2844 1204 2895 ceteros
1224 2834 1328 2895 modos
1350 2841 1448 2915 potest
1469 2833 1536 2893 duci
1556 2850 1608 2891 non

331 2935 490 3015 plurimum
523 2937 629 3005 allicit,
664 2936 733 3015 quia
766 2944 889 3015 excepto
922 2938 1067 2997 infinitivo
1104 2938 1167 2997 lere
1201 2956 1256 3017 per
1289 2938 1389 2997 omnia
1423 2954 1476 2996 sua
1508 2936 1607 2999 currit.

330 3040 464 3117 quamvls
492 3038 579 3117 paulo
606 3038 694 3097 latius
722 3036 913 3099 diffundatur.
957 3046 1056 3101 cetera
1084 3058 1154 3099 vero
1187 3039 1390 3118 inpersonalis
1417 3036 1506 3097 verba
1531 3044 1641 3095 recrear
1718 3075 1719 3078 κ

331 3142 395 3200 sine
418 3139 603 3199 dubitatione
632 3148 746 3201 secreta
775 3160 790 3201 a
820 3141 1049 3203 declinationum
1070 3142 1167 3202 modis
1187 3140 1349 3219 generibus
1371 3159 1405 3201 ac
1428 3140 1609 3217 significatio·

330 3240 420 3302 nibus
447 3241 647 3323 adplicantur,
677 3243 746 3322 quia
773 3242 846 3303 haec
874 3262 911 3303 ex
938 3246 1018 3303 omni
1047 3243 1138 3303 verbo
1166 3252 1295 3305 manant.
1340 3249 1387 3303 est
1408 3244 1476 3303 novi
1496 3241 1610 3317 generis

330 3343 474 3423 quaedam
497 3346 611 3423 species
639 3364 655 3405 a
683 3344 847 3422 generibus
874 3348 981 3425 positis
1002 3346 1185 3425 discrepans.
1229 3364 1284 3405 nos
1305 3353 1403 3405 tamen
1425 3343 1608 3405 haecomnia

330 3445 420 3507 rerba
444 3446 657 3525 inpersonalia‚
688 3454 810 3526 excepta
839 3448 1071 3509 declinationum
1093 3446 1204 3515 modis,
1227 3446 1390 3523 generibus
1403 3448 1435 3506 in
1451 3452 1542 3505 totum
1560 3442 1608 3503 ad·

330 3549 513 3628 plicavinus.
559 3546 719 3609 absurdum
749 3550 830 3609 enlm
860 3552 955 3609 visum
983 3557 1028 3609 est
1054 3549 1188 3609 eiusdem
1216 3546 1299 3609 verbi
1328 3555 1467 3609 naturam
1486 3553 1516 3607 et
1534 3548 1640 3606 intera
1718 3535 1719 3540 ’

330 3669 441 3727 genera
463 3657 492 3710 et
515 3653 593 3710 inter
616 3650 718 3711 modos
740 3650 946 3711 adnumerare.

415 3752 493 3813 Satis
521 3759 623 3831 aperte
652 3760 681 3811 et
710 3752 745 3813 de
769 3754 797 3811 ri
820 3759 850 3811 et
871 3751 909 3812 de
933 3756 1074 3814 varietate
1096 3752 1329 3833 inpersonalium
1350 3748 1518 3832 rerbolrum
1539 3749 1607 3810 dixi·

273 3930 276 3939 *
330 3874 405 3925 inus,
429 3861 458 3913 et
480 3854 528 3915 cui
551 3856 629 3932 parti
653 3872 686 3915 ea
709 3856 821 3915 rectius
844 3854 986 3934 adplicari
1009 3862 1162 3937 oporteret
1184 3854 1378 3915 ostendimus.
1424 3872 1503 3915 nunc
1523 3870 1607 3933 pauca

331 3956 500 4017 intellectus
526 3956 621 4033 gratia
651 3954 686 4015 de
714 3956 770 4017 hoc
792 3958 858 4035 ipso
886 3959 1021 4037 proximo
1049 3957 1231 4037 inpersonali
1253 3954 1344 4017 verbo
1366 3957 1556 4023 disseremus,
1573 3962 1607 4011 ut

331 4060 390 4135 vim
419 4060 511 4137 ipsius
538 4058 684 4137 possimus
712 4058 874 4119 advertere.
920 4062 962 4121 ait
988 4059 1130 4139 Virgilius
1157 4058 1290 4139 ‘usque
1323 4058 1414 4119 adeo
1443 4058 1642 4119 turbatura

399 4261 415 4311 3
439 4262 484 4311 sed
508 4270 531 4311 et
552 4276 638 4311 eornm
658 4277 722 4324 qnae
745 4277 761 4310 a
783 4278 810 4311 se
830 4271 968 4313 nascuntur
987 4264 1019 4313 M
1087 4265 1103 4314 5
1123 4264 1213 4314 tertiae
1231 4276 1355 4328 personae
1372 4276 1420 4316 oss.
1438 4262 1498 4313 ML
1560 4259 1606 4309 llo

331 4334 413 4382 litters
431 4334 563 4382 terminato
576 4340 635 4393 post
653 4332 789 4382 indicativo
801 4331 896 4383 labent
914 4334 977 4383 ΒΜ
984 4335 1008 4384 L
1074 4335 1103 4384 ll
1125 4348 1189 4397 quse
1205 4342 1230 4382 et
1244 4333 1270 4381 ln
1289 4332 1378 4383 hacB
1449 4330 1604 4395 reqionum

331 4402 428 4452 nullum
445 4400 499 4451 lere
517 4402 621 4451 uerbrnn
644 4402 751 4449 irrrrerriri
770 4410 854 4466 potest
873 4404 906 4452 M
922 4404 1162 4467 quoniamquidem
1181 4403 1277 4453 nullum
1302 4402 1355 4453 lere
1378 4402 1486 4454 uerbum
1502 4399 1605 4450 inuenire

331 4471 443 4538 posseB
461 4471 579 4536 quoniam
598 4471 699 4534 quidem
721 4471 817 4521 nullum
840 4472 893 4523 lere
910 4474 1015 4523 uerbum
1032 4476 1047 4524 ἐ
1064 4474 1177 4522 inuenire
1197 4476 1306 4535 posseL
1362 4470 1393 4522 14
1411 4474 1456 4522 sed
1469 4486 1518 4522 non
1529 4468 1605 4520 inhoc

333 4542 363 4592 M
374 4542 419 4591 sed
431 4540 515 4592 hocL
568 4540 599 4594 16
611 4538 679 4607 enm]
697 4541 765 4591 etM
815 4543 848 4593 19
860 4543 944 4594 nullus
957 4543 986 4592 M
1035 4544 1068 4594 23
1083 4551 1108 4593 et
1120 4543 1187 4605 quod
1199 4543 1253 4593 ML
1265 4543 1601 4606 aequissimorum

332 4622 355 4661 et
369 4613 485 4674 quamuis
504 4627 632 4675 superscr.
647 4614 681 4662 ol.
701 4628 765 4661 maa.
786 4610 802 4659 l'
822 4614 882 4675 quia
898 4612 923 4661 B
993 4616 1026 4663 24
1044 4612 1122 4663 allicit
1141 4615 1201 4677 quia
1218 4614 1242 4663 J.
1265 4613 1345 4663 ollleit
1361 4614 1430 4678 quod
1448 4614 1524 4671 (ωπ.
1542 4610 1602 4673 quial

331 4682 368 4731 B:
387 4680 465 4731 olllcit
479 4682 539 4745 quin
559 4708 592 4718 -
611 4690 694 4732 currat
709 4680 849 4733 siccardus
918 4684 952 4733 28
969 4683 1117 4749 discrepans
1134 4682 1275 4733 Siclordus
1292 4682 1437 4748 discrepare
1453 4682 1505 4733 Bc
1523 4679 1602 4730 discri-

331 4765 390 4815 psrc
409 4766 484 4813 quam
502 4750 609 4801 dicimus
631 4752 663 4800 M
732 4752 765 4801 29
780 4762 887 4817 excepta
907 4754 940 4802 M
955 4755 1068 4819 exceptis
1084 4753 1139 4804 BL
1197 4752 1393 4818 adplieamusll
1453 4750 1487 4803 32
1504 4750 1603 4799 diximus

331 4836 377 4872 em.
393 4818 426 4868 M
493 4816 526 4872 35
544 4821 580 4870 ait
595 4821 719 4887 Virgilius
736 4820 875 4873 Siodardus
890 4833 915 4873 et
932 4824 968 4873 sit
985 4823 1103 4889 uirgllius
1121 4824 1146 4873 B
1167 4834 1194 4872 ut
1212 4824 1247 4873 ait
1267 4824 1391 4890 uergilins
1407 4824 1431 4873 L
1452 4829 1480 4871 ut
1496 4819 1601 4887 uirgillus

333 4888 366 4938 M
434 4888 522 4955 usque]
547 4892 625 4956 Verg.
645 4890 724 4941 bucol.
745 4891 768 4956 l,
788 4894 820 4943 12
