3525 5600
1711 244 1712 273 l

335 355 397 419 ane
887 357 1084 420 exornem

335 546 408 608 alios
430 563 583 608 sermones
607 553 675 606 tono
698 544 776 605 dicat
798 545 890 606 inisse
910 543 1042 624 aliosque
1065 563 1153 606 nnnc.
1198 546 1249 606 sed
1277 565 1333 626 per
1354 547 1465 606 lisinam
1489 545 1612 607 similitu·

335 648 434 709 dinenr
457 647 553 710 attulit
574 647 691 718 dicens,
715 651 870 727 ‘postera'
894 648 990 728 inquit
1012 649 1110 708 ‘aetas
1125 648 1229 708 mundi
1245 655 1277 710 ut
1299 647 1486 728 disciplinam
1507 650 1614 727 pristini
1711 642 1712 725 l

334 749 444 810 saeculi
465 751 504 810 ita
528 757 556 809 et
577 766 730 810 sermones
752 748 883 810 fastidire
911 749 1010 829 coepit
1034 757 1065 810 et
1085 767 1159 810 nova
1183 751 1332 828 parturire
1354 749 1462 828 verba,
1484 768 1557 831 quae
1576 753 1613 811 iu·

334 870 443 912 venum
465 853 525 912 ritu
546 853 610 930 ipsa
633 851 721 911 modo
743 850 852 912 llorent
874 859 903 912 et
924 847 1050 930 vigent'.
1094 851 1145 931 qui
1167 852 1256 912 etiarn
1277 851 1434 913 Horatium
1455 850 1562 915 dixisse
1581 855 1614 914 ait
1711 876 1713 927 l

336 956 386 1014 ‘nt
408 954 498 1014 silvae
520 954 609 1014 llores
630 971 742 1033 pronos
765 962 919 1016 mutantur
940 955 970 1014 in
993 971 1087 1013 annos
1102 959 1132 1013 et
1147 955 1242 1032 prima
1258 953 1380 1025 cadunt,
1403 956 1445 1014 ita
1469 953 1633 1018 verberone

334 1062 415 1117 vetus
430 1057 532 1118 interit
547 1061 640 1125 aetas,
659 1062 688 1115 et
703 1074 777 1117 nova
792 1057 932 1118 iuvenum
953 1057 1012 1118 ritu
1026 1055 1135 1118 llorent
1149 1055 1238 1117 modo
1253 1063 1321 1116 nata
1339 1057 1510 1135 vigentque'
1527 1064 1553 1116 et
1566 1055 1611 1117 rel.
1711 1048 1712 1081 ³

886 1159 904 1197 n
969 1158 987 1197 e
1052 1158 1070 1197 e

356 1223 360 1230 ¹
418 1243 460 1304 lle
476 1243 604 1304 editione
620 1242 759 1304 secunda.
784 1243 889 1324 incipit
910 1241 1001 1304 editio
1023 1239 1153 1304 secunda
1169 1243 1275 1317 Donati
1290 1243 1477 1322 grammatici
1499 1241 1534 1303 de
1555 1262 1611 1322 par·

333 1343 413 1406 tibus
441 1346 590 1406 orationis.
635 1345 752 1426 scripsit
779 1347 856 1407 enim
885 1353 978 1406 artem
1007 1343 1170 1424 duplicem,
1200 1344 1230 1404 id
1259 1353 1304 1405 est
1325 1352 1393 1405 octo
1416 1352 1529 1424 partes,
1551 1365 1613 1426 quas

334 1449 464 1508 minores
493 1453 598 1508 vocant
625 1455 718 1518 artes,
748 1466 764 1508 a
793 1447 900 1527 quibus
927 1445 1058 1509 secunda
1079 1447 1154 1507 haec
1176 1451 1221 1507 est
1243 1446 1344 1506 editio.
1388 1445 1441 1537 sed
1464 1447 1613 1508 notandum
1711 1438 1712 1507 l

334 1556 391 1621 est,
415 1549 522 1627 quibus
549 1551 684 1630 personis
706 1551 840 1630 primam,
865 1549 1029 1628 quibusque
1050 1550 1169 1628 scripsit
1189 1547 1365 1618 secundam,
1389 1547 1420 1609 ei
1441 1549 1644 1628 interrogea-10

302 1635 310 1652 ’
333 1643 418 1722 dnm,
442 1658 514 1731 quot
536 1658 565 1711 et
587 1651 694 1731 quibus
716 1653 811 1713 causis
833 1659 913 1712 artes
935 1652 1066 1713 minores
1090 1651 1217 1729 scripsit.
1250 1648 1309 1711 boc
1331 1658 1376 1711 est
1397 1651 1532 1730 personis
1552 1670 1613 1730 pue·
1711 1670 1712 1751 q

333 1772 436 1815 rorum
460 1759 490 1812 et
516 1755 611 1814 causis
638 1753 742 1816 tribus.
788 1755 897 1833 prima,
927 1760 961 1814 ot
987 1755 1113 1822 scirent,
1142 1750 1369 1831 quibusmodis
1392 1761 1615 1820 essetars;se-
1711 1756 1712 1835 ἦ

335 1854 445 1924 cunda,
476 1860 509 1915 ut
540 1854 690 1918 discerent
722 1857 922 1935 interrogare,
958 1862 1058 1916 otest
1086 1859 1203 1934 ‘partes
1232 1854 1375 1916 orationis
1402 1860 1477 1933 quot
1506 1855 1615 1922 sonti’;
1711 1838 1712 1915 l

333 1957 419 2017 tertia
448 1974 552 2024 eausa,
581 1958 622 2017 uti
651 1963 773 2019 nossent
799 1955 915 2018 solvere
942 1958 1138 2034 interrogata,
1172 1965 1204 2016 ut
1238 1965 1284 2018 est
1310 1958 1413 2017 ‘octo’
1444 1963 1474 2016 et
1505 1955 1555 2017 rel.
1589 1957 1615 2016 in

332 2061 429 2139 prima
451 2059 487 2119 ad
511 2059 660 2120 docendos
681 2077 791 2140 pueros
812 2061 1037 2138 interrogationi
1053 2058 1240 2120 satisfacient
1261 2057 1415 2126 solutioni:
1440 2043 1478 2117 in
1494 2059 1613 2118 secunda
1626 2075 1645 2112 e

333 2167 432 2222 autern
456 2159 585 2221 editione
606 2180 748 2242 personas
770 2161 919 2241 periectas
934 2161 1021 2222 docet
1035 2161 1190 2222 scientiam
1211 2159 1373 2221 latinitatis.
1406 2158 1460 2220 sed
1475 2178 1528 2220 nos
1542 2178 1616 2220 nune
1711 2166 1712 2245 l

333 2261 433 2323 dicere
456 2264 607 2333 convenit,
632 2263 738 2341 quibus
754 2263 849 2324 modis
864 2265 903 2324 sit
916 2263 1125 2340 interrogatio,
1149 2262 1179 2322 id
1202 2272 1246 2322 est
1267 2261 1377 2330 tribus,
1401 2263 1487 2341 quasi
1507 2261 1615 2323 discere

333 2363 434 2426 volens
457 2364 501 2425 vel
524 2363 632 2425 docere
654 2384 692 2426 an
715 2367 896 2442 quaestionis
918 2363 1100 2445 promendae
1121 2366 1224 2444 gratia.
1262 2363 1314 2424 sed
1337 2365 1368 2423 in
1392 2361 1507 2424 artibus
1528 2365 1615 2424 mino·
1711 2412 1712 2433 ,

333 2465 415 2526 ribos
436 2468 520 2547 quasi
543 2467 652 2528 docere
676 2466 774 2528 volens
796 2469 963 2545 interrogat
983 2467 1128 2536 Donatus,
1143 2467 1241 2526 ‘cuius
1268 2466 1473 2528 auctoritatem
1496 2465 1616 2526 ostendit

333 2567 491 2648 Pompeius
513 2567 639 2629 dicendo
662 2568 745 2629 ‘alii’
767 2570 864 2647 inquit
886 2570 1084 2649 ‘scripserunt
1106 2575 1215 2638 artem,
1240 2567 1294 2629 sed
1313 2566 1381 2630 illos
1396 2587 1458 2629 non
1472 2577 1556 2648 putes
1576 2569 1647 2628 ion
1711 2578 1712 2655 l

333 2668 488 2749 tellegere,
518 2672 575 2754 nisi
604 2690 620 2732 a
643 2671 757 2732 Donato
780 2673 961 2751 sumpserint
990 2671 1184 2751 principium,
1209 2678 1241 2731 ut
1264 2677 1310 2730 est
1330 2668 1446 2731 Probus
1469 2677 1499 2730 et
1520 2669 1617 2732 Caesar

334 2769 448 2843 etalii,
471 2771 523 2833 sed
552 2791 568 2834 a
590 2773 703 2835 Donato
732 2780 923 2854 sumpserunt
950 2771 1137 2853 principium.
1183 2771 1221 2833 de
1248 2770 1384 2852 partibus
1411 2774 1483 2834 artis
1506 2773 1572 2835 satis
1591 2773 1617 2833 iu
1711 2772 1712 2808 l

334 2872 458 2954 prologo
480 2877 601 2955 promsi.
1711 2865 1712 2942 l

879 2996 1080 3005 ..—-———-

720 3130 775 3205 Ex
802 3130 923 3207 codiee
949 3131 1115 3206 Parisino
1143 3133 1242 3205 7570

420 3265 502 3326 llulti
524 3265 663 3328 dixerunt
685 3267 763 3344 quod
786 3266 844 3328 lact
866 3266 925 3329 diei
948 3267 1084 3339 deberet,
1107 3276 1140 3328 ut
1162 3265 1240 3347 apud
1256 3268 1433 3337 Varronem,
1458 3287 1492 3329 ea
1515 3269 1650 3328 rationen

336 3368 419 3445 quia,
442 3370 468 3428 si
490 3367 535 3429 lac
557 3376 638 3429 esset
660 3370 869 3438 nominativus,
900 3368 971 3431 lacis
994 3378 1071 3432 esset
1092 3372 1261 3449 genetivus,
1290 3378 1322 3430 nt
1344 3368 1409 3430 alec
1430 3368 1531 3430 alecis.
1571 3368 1618 3429 sed

336 3470 443 3530 Caesar
465 3469 538 3531 dixit
559 3489 623 3531 rem
648 3471 873 3533 valentissimam
897 3479 1001 3534 eontra
1029 3474 1142 3553 ipsum,
1164 3471 1195 3533 id
1218 3478 1263 3533 est
1285 3472 1400 3533 nullum
1423 3490 1533 3533 nomeu
1553 3470 1617 3531 dua·

336 3570 390 3632 bns
412 3573 501 3633 mutis
518 3560 682 3634 terminari
693 3593 790 3653 posse.
821 3594 837 3635 c
860 3582 890 3635 et
910 3582 923 3634 t
944 3574 1019 3636 duae
1034 3580 1132 3634 mutae
1147 3581 1225 3635 sunt.
1257 3573 1376 3635 Plautus
1398 3590 1527 3654 namque
1547 3572 1617 3633 lacte

334 3672 401 3735 tulit
423 3675 448 3735 si
469 3672 575 3735 melius
597 3676 645 3737 ait.
691 3674 829 3755 Virgilius
857 3676 941 3747 dicit,
971 3676 1017 3737 lac
1045 3675 1201 3738 dicendum
1226 3683 1279 3737 est
1325 3675 1390 3737 alec
1412 3681 1514 3737 autem
1533 3692 1618 3753 geum

335 3784 379 3837 est
401 3778 498 3856 piscis.
1629 3790 1649 3829 n

337 3898 468 3907 ..-—-...

335 3965 371 4027 af.
382 3966 470 4031 praef.
487 3980 591 4031 prorant.
610 3984 633 4017 a.
653 3966 705 4029 lp.
725 3966 789 4015 LlV.
808 3984 831 4021 u.
852 3968 888 4019 tv
902 3984 931 4034 p.
949 3965 1033 4017 xxiv
1052 3974 1103 4019 not.
1124 3968 1202 4021 Dion.
1220 3983 1248 4031 p.
1267 3965 1365 4029 400,ss
1418 3966 1430 4017 l
1451 3981 1499 4031 per
1518 3964 1618 4015 dssicam

334 4036 358 4087 L
429 4034 599 4087 {liastidiere
618 4036 642 4085 L
712 4038 775 4087 det
801 4036 922 4103 ligenth
993 4035 1132 4103 Horatium]
1154 4036 1335 4100 demptio
1403 4036 1554 4092 boetus..
1572 4031 1617 4083 rat'

335 4108 443 4157 nctesL
524 4106 614 4157 llorent
633 4114 711 4157 motnt
729 4116 855 4171 augentq:
875 4118 900 4157 et
920 4107 996 4157 rl’L
1083 4106 1118 4156 '20
1139 4109 1252 4170 Pompeii
1270 4110 1348 4159 lecton
1368 4120 1403 4156 ea>
1418 4105 1619 4169 praefationem

334 4176 405 4227 libris
423 4192 496 4225 rnnnn
513 4180 616 4243 scriptis
633 4179 744 4228 rnutilatn
758 4180 859 4239 petitum
871 4178 954 4228 videri
966 4178 1024 4227 diat
1040 4192 1122 4239 cupra
1137 4195 1164 4242 p.
1178 4179 1213 4229 86
1230 4187 1281 4228 not.
1334 4178 1385 4237 ,el
1405 4192 1508 4227 caesmr
1524 4177 1549 4226 L

403 4266 437 4315 24
461 4264 550 4316 Codex
567 4266 702 4314 Parisinus
723 4263 793 4314 7570
813 4262 866 4329 (Ρ)
889 4279 956 4316 saec.
975 4263 1011 4314 Xl
1033 4264 1055 4325 s.
1075 4265 1088 4314 l
1109 4264 1160 4324 Qnr
1181 4273 1265 4331 partes
1290 4264 1412 4316 orationis
1438 4265 1516 4313 etiam
1541 4271 1619 4327 portes

336 4333 467 4385 latinitatis
485 4335 615 4399 dicuntur,
641 4350 698 4384 eum
717 4334 829 4385 latinitas
848 4351 894 4402 per
915 4336 985 4401 ipses
1010 4342 1096 4398 partes
1115 4335 1246 4385 narretur?
1270 4336 1328 4385 ideo
1347 4335 1408 4397 quia
1424 4350 1440 4383 a
1456 4334 1543 4383 Latino
1563 4346 1619 4396 rege

336 4406 527 4467 oratoribusque
547 4414 633 4455 oronte
648 4414 724 4469 atque
743 4405 838 4453 directa
859 4414 898 4454 est
917 4412 983 4457 etc:
1005 4405 1192 4455 comnentarr'ua
1211 4408 1237 4456 in
1255 4406 1379 4455 Donatum
1397 4405 1430 4455 de
1445 4411 1502 4455 octo
1514 4400 1621 4467 partibas

335 4476 460 4525 orationis
478 4478 609 4525 arcaniorem
625 4484 756 4535 perterre
774 4474 887 4539 Parrrpet'i
903 4476 1032 4525 Prisciani
1049 4474 1177 4525 Consentia·
1192 4475 1264 4525 libris
1283 4476 1402 4528 eouecnu
1472 4476 1506 4524 25
1526 4473 1620 4521 debere·
1711 4519 1712 4538 χ

336 4556 377 4593 tur
392 4548 417 4595 P
465 4546 534 4609 apud
550 4544 700 4609 Varronem]
721 4548 831 4608 Pompei.
847 4561 874 4610 p.
891 4544 949 4607 199,
968 4545 1000 4597 13
1071 4544 1105 4596 26
1122 4544 1184 4594 lacis
1199 4560 1258 4595 esse
1273 4542 1400 4611 genet?
1468 4544 1503 4594 28
1517 4544 1621 4605 sortasse
1711 4541 1712 4568 r

337 4616 442 4664 Plautus
461 4630 569 4677 namque
589 4616 652 4665 lucte
671 4616 783 4680 protulit.
804 4616 849 4665 sed
867 4615 966 4674 melius,
983 4624 1010 4665 ut
1025 4614 1150 4681 Virgilius
1167 4615 1238 4676 dicit,
1253 4615 1302 4669 lac.
1321 4618 1371 4666 nisi
1385 4617 1469 4678 potiar
1481 4628 1532 4678 pro
1546 4626 1621 4661 exen-
1711 4641 1712 4672 3

335 4686 379 4748 pto
401 4683 519 4735 Plautino
542 4702 561 4741 a,
577 4686 695 4751 Pompeio
716 4684 800 4751 positu
820 4688 883 4735 iliud
905 4685 972 4751 quod
987 4682 1135 4735 Priscianus
1153 4688 1172 4737 l.
1191 4686 1227 4734 vl
1243 4699 1269 4747 p.
1289 4686 1355 4744 212,
1373 4685 1391 4736 6
1408 4684 1554 4747 adscripsit,
1570 4680 1618 4731 Me·
1711 4685 1712 4750 g

338 4754 446 4804 naeniam.
466 4756 488 4805 V
508 4754 540 4817 9,
558 4754 593 4806 30
617 4772 699 4820 neque
726 4770 793 4821 aqna
811 4771 892 4821 equae
919 4769 1001 4818 neque
1025 4754 1090 4805 laete
1108 4754 1195 4819 lectis,
1213 4755 1275 4804 milri
1294 4756 1378 4821 crede,
1396 4769 1503 4821 usquam
1521 4751 1622 4807 similius
1711 4755 1712 4768 ¹

336 4828 453 4889 scripturn
468 4832 525 4875 erat

904 4946 1085 4953 -...——-—-
