3525 5600
277 368 337 432 tes
844 368 997 456 rournu

300 493 320 533 p.
335 479 423 520 230-32
437 478 459 518 L.

275 557 435 638 analogiae.
481 560 522 619 ait
551 560 630 620 enim
653 558 760 620 Caesar
788 558 862 619 ‘nisi
886 559 985 618 omnia
1007 561 1196 621 consentiant
1216 563 1295 622 inter
1317 580 1364 638 se,
1388 581 1450 624 non
1472 568 1570 642 potest

221 664 222 670 ’
275 663 340 724 tieri
361 670 393 723 ut
416 662 544 722 nominis
566 660 727 740 similitudo
745 661 815 754 (sit’.
861 667 932 741 puta
955 659 1060 722 doctus
1081 669 1113 723 et
1134 671 1234 742 aptus:
1259 683 1330 725 ecce
1354 661 1359 746 Ι
1382 663 1440 726 hoc
1462 683 1569 726 nomeu

276 767 358 825 omni
379 769 464 845 parte
487 763 650 834 consentit,
674 761 785 822 idcirco
809 767 838 824 et
860 761 997 824 similiter
1020 763 1195 826 declinatur.
1241 754 1347 828 doctus
1368 769 1454 828 cuius
1477 766 1569 847 quali·

275 869 344 927 tatis
368 865 428 926 est?
451 863 652 945 appellativae,
678 871 706 926 et
729 872 815 944 aptus
838 863 986 944 qualitatis
1008 874 1053 926 est
1074 867 1281 947 appellativae;
1305 887 1376 930 ecce
1397 869 1568 931 similitudo.

276 968 380 1030 doettrs
403 969 645 1047 conparationem
667 967 787 1045 recipit,
812 965 927 1028 doctior
943 966 1143 1038 doctissimus,
1168 979 1198 1029 et
1219 978 1305 1050 aptus
1328 973 1593 1052 conparationem

275 1071 396 1151 recipit,
420 1071 517 1150 aptior
540 1071 725 1149 aptissimus:
750 1087 820 1130 ecce
835 1070 974 1147 congruit
988 1073 1170 1150 conparatio.
1202 1089 1311 1151 genus:
1335 1069 1438 1135 doctus
1453 1076 1571 1152 generis

270 1173 431 1236 masculini
455 1178 514 1243 est,
538 1173 766 1252 aptusgeneris
788 1170 942 1234 masculini
965 1178 1027 1242 est,
1050 1181 1081 1233 et
1102 1180 1261 1252 utrumque
1277 1174 1400 1237 mobile:
1424 1195 1493 1238 nam
1515 1178 1571 1236 troc

276 1280 440 1356 ingerere
463 1275 631 1354 sequimur,
656 1281 685 1334 et
706 1291 800 1353 genus
823 1281 852 1334 et
874 1273 1084 1346 mobilitatem,
1109 1275 1212 1338 doctus
1227 1277 1313 1339 docta
1329 1278 1465 1350 doctum,
1489 1287 1573 1359 aptus

276 1385 343 1459 apta
371 1385 482 1459 aptum.
525 1377 643 1438 numeri
669 1374 842 1455 singularis,
872 1374 921 1436 hic
948 1375 1067 1447 doctus,
1095 1378 1145 1438 hic
1176 1388 1271 1459 aptus.
1316 1382 1408 1460 ligura
1437 1379 1571 1460 simplex,

277 1482 382 1542 doctus
410 1479 549 1560 simplex,
581 1487 666 1559 aptus
693 1476 828 1558 simplex.
873 1496 958 1538 casus
986 1487 1031 1538 est
1058 1481 1270 1552 nominativus,
1299 1483 1349 1545 laic
1376 1481 1495 1554 doctus,
1524 1482 1610 1542 hicn

277 1590 371 1663 aptus.
404 1584 500 1643 exitus
515 1581 709 1663 syllabarum:
735 1588 764 1640 et
785 1578 858 1641 illud
875 1582 905 1641 in
927 1599 964 1642 us
987 1582 1046 1640 exit
1070 1589 1099 1641 et
1120 1580 1192 1644 illud
1215 1585 1246 1643 in
1270 1601 1315 1652 us,
1339 1593 1432 1665 aptus,
1457 1583 1572 1646 doctus.

276 1685 524 1767 paenultimarum
541 1685 767 1745 consonantium
782 1683 871 1744 ratio:
896 1681 969 1743 duas
991 1682 1082 1744 habet
1102 1682 1175 1745 illud
1198 1693 1396 1748 consonantes
1418 1685 1533 1756 doctus,
1557 1705 1574 1746 c

278 1795 307 1863 et
328 1797 353 1863 t,
380 1798 409 1849 et
431 1785 611 1868 aptus.duas
633 1785 724 1848 habet
746 1791 954 1855 consonantes,
978 1805 997 1866 p
1020 1793 1050 1846 et
1072 1794 1097 1854 t;
1122 1805 1194 1866 ergo
1215 1789 1291 1849 duae
1313 1797 1383 1849 sunt
1404 1807 1573 1851 consonan-

278 1890 375 1950 tasin
397 1887 448 1950 illo
472 1890 602 1962 nomine,
626 1890 706 1949 etin
729 1887 779 1948 illo
802 1889 923 1948 nomine
946 1887 1022 1948 duae
1043 1895 1114 1948 sunt
1135 1898 1343 1951 consonantes.
1374 1890 1482 1953 deinde
1497 1891 1575 1952 ratio

278 2001 461 2071 temporum:
491 1990 587 2051 brevis
610 2000 655 2052 est
676 1989 794 2061 doctus,
819 1994 848 2050 et
870 1997 956 2070 aptus
978 1990 1077 2051 brevis
1100 1997 1154 2052 est.
1198 1991 1265 2052 ideo
1287 1971 1423 2053 similiter
1445 1991 1575 2053 declina·
1590 2007 1613 2047 ra

279 2103 342 2162 tur,
372 2095 420 2155 hic
449 2095 553 2154 doctus
576 2093 625 2153 lric
647 2099 748 2172 aptae,
778 2092 866 2153 huius
895 2091 975 2153 docti
997 2092 1084 2153 huius
1103 2095 1180 2173 apti,
1205 2092 1274 2156 huic
1296 2095 1383 2156 docto
1404 2093 1475 2155 huic
1496 2103 1576 2175 apto,

279 2194 359 2255 hunc
390 2194 507 2256 doctum
536 2195 615 2256 hunc
643 2203 759 2275 aptum,
789 2202 819 2254 et
846 2211 882 2254 ex
910 2194 1016 2255 ordine
1044 2213 1147 2256 omnes
1174 2215 1260 2258 casus
1280 2196 1392 2258 similes
1414 2204 1494 2258 suut.
1540 2197 1577 2256 da

280 2316 370 2358 unum
394 2296 512 2376 aliquod
536 2315 660 2367 nomen,
692 2294 696 2378 l
727 2296 777 2356 ubi
805 2295 850 2356 vel
878 2314 937 2356 uua
965 2314 1015 2358 res
1043 2297 1205 2378 discrepet,
1230 2304 1260 2358 ct
1280 2301 1338 2359 iam
1362 2317 1421 2359 non
1443 2301 1580 2379 sequitur

280 2401 359 2468 ratio,
384 2398 601 2460 declinationis.
645 2405 678 2460 ut
704 2407 775 2480 puta
802 2399 888 2480 lepus
917 2408 946 2460 et
973 2397 1074 2479 lupus,
1108 2401 1139 2459 in
1166 2401 1221 2461 ista
1250 2401 1348 2461 omnia
1377 2402 1578 2469 consentiunt,

280 2519 339 2563 una
366 2521 400 2562 re
428 2511 541 2563 tantum
570 2503 644 2562 siunt
671 2502 890 2562 dissentientes
935 2509 1067 2562 ceterum
1094 2500 1181 2581 lupus
1202 2498 1352 2582 qualitatis
1374 2501 1616 2590 appellativae,²⁰

282 2613 310 2664 et
331 2602 405 2664 illud
427 2601 563 2664 similiter
586 2621 604 2656 a
628 2602 797 2683 corporale:
824 2604 1068 2683 conparationem
1091 2622 1152 2665 nou
1173 2605 1282 2683 recipit
1302 2603 1400 2684 lepus,
1425 2623 1482 2665 nec
1503 2604 1580 2665 illud

281 2707 524 2785 conparationem
552 2706 658 2784 recipit
680 2704 780 2785 lupus:
811 2723 896 2766 casus
918 2707 1132 2776 nominativus,
1157 2706 1249 2783 figura
1271 2705 1411 2786 simplex,
1436 2725 1581 2768 numerus

282 2806 456 2885 singularis,
485 2806 564 2868 idem
593 2809 702 2877 exitus,
732 2806 817 2887 lopus
846 2807 948 2887 lupus:
983 2808 1105 2870 eaedem
1128 2817 1338 2878 consonantem
1368 2828 1425 2870 una
1449 2808 1581 2871 estillic

282 2927 464 2979 consonans,
489 2916 518 2970 et
539 2908 600 2969 illic
622 2928 678 2970 una
703 2918 747 2971 est
768 2928 948 2971 consonans:
978 2910 1082 2971 eadem
1104 2912 1179 2972 ratio
1202 2917 1385 2991 temporum;
1412 2912 1512 2973 brevis
1535 2920 1582 2973 est

282 3013 346 3083 illa,
370 3019 399 3072 et
420 3009 474 3075 ilia
492 3010 592 3073 brevis
620 3018 673 3070 est.
720 3018 749 3071 et
776 3011 861 3092 lepus
883 3010 1066 3073 declinamus
1088 3012 1136 3074 hic
1158 3011 1242 3094 lepus
1263 3012 1352 3095 huius
1373 3012 1486 3093 leporis
1507 3013 1579 3075 huic
1593 3030 1617 3069 aa

283 3114 393 3193 lepori,
418 3113 467 3173 lric
489 3112 576 3193 lupus
599 3111 687 3174 huius
710 3113 772 3195 lupi
796 3115 865 3175 lruic
887 3113 967 3194 lupo.
1012 3132 1122 3192 genus:
1146 3114 1195 3175 lrie
1216 3112 1304 3194 lupus
1327 3114 1454 3176 dicimus
1477 3122 1507 3176 et
1529 3116 1580 3176 lric

283 3217 383 3295 lepus;
407 3214 459 3276 sed
476 3233 568 3276 unum
584 3214 747 3295 discrepat,
764 3214 929 3287 mobilitas,
953 3236 1041 3298 (paam
1057 3217 1183 3278 diximus
1199 3234 1263 3277 esse
1282 3216 1466 3287 servandam,
1490 3216 1582 3297 lupus

283 3320 354 3379 lacit
375 3318 459 3398 lupa,
482 3315 568 3397 lopus
590 3334 649 3378 non
672 3318 742 3378 lacit
764 3315 838 3397 lepa.
874 3318 1051 3399 discrepavit
1071 3322 1104 3380 in
1125 3337 1247 3397 genere,
1271 3324 1300 3379 et
1321 3327 1445 3398 propter
1466 3313 1580 3380 discre-

284 3422 414 3501 pantiam
442 3420 560 3497 generis
588 3426 701 3481 mutata
729 3428 774 3481 est
800 3419 969 3483 declinatio.
1013 3438 1084 3499 ergo
1114 3429 1158 3482 est
1185 3419 1265 3498 quod
1288 3419 1375 3489 dixit,
1399 3422 1518 3481 nomina
1543 3422 1581 3483 ad

285 3540 404 3583 ornnem
426 3520 648 3583 similitudinem
671 3540 736 3582 esse
758 3520 941 3583 declinanda.
985 3531 1119 3584 ceterum
1142 3524 1167 3582 si
1188 3541 1247 3583 uua
1269 3540 1319 3583 ros
1342 3521 1479 3594 desiverit,
1502 3523 1619 3583 sciren

285 3626 433 3687 dehemus*
450 3626 590 3704 quoniam
613 3643 672 3685 non
696 3630 753 3685 stat
774 3625 849 3685 ratio
872 3622 1087 3699 declinationis.

370 3726 446 3799 Quid
470 3726 603 3805 deipsis
625 3726 803 3805 generibus?
834 3727 914 3788 unde
940 3746 1101 3807 possumus
1127 3746 1238 3805 genera
1260 3726 1411 3788 invenire?
1433 3745 1470 3787 ex
1493 3725 1582 3786 dimi·

286 3832 423 3899 nutionc;
447 3830 589 3895 diminue,
614 3835 643 3889 et
664 3830 779 3890 invenis
801 3848 905 3907 genus.
938 3838 1010 3910 puta
1033 3829 1146 3900 tabula,
1171 3831 1271 3891 nescio
1294 3830 1380 3891 cuius
1402 3830 1521 3908 generis
1544 3831 1584 3889 sit

286 4000 589 4011 ——--...—.——-——-—-

355 4107 371 4155 2
390 4104 438 4153 hoc
456 4118 548 4153 nomen
567 4104 662 4153 nomini
677 4102 783 4167 parteC
800 4101 848 4151 hoe
866 4104 892 4167 (l
903 4118 971 4153 coar.
984 4102 1047 4153 haec
1062 4103 1090 4166 n)
1110 4118 1201 4152 nomen
1214 4103 1311 4152 nomini
1325 4144 1350 4155 ..
1367 4112 1422 4151 arte
1436 4102 1522 4168 (parte
1533 4098 1583 4164 a*)

287 4177 312 4227 Α
381 4170 566 4239 dsimilitudo]
592 4172 670 4223 simili
689 4172 764 4221 modo
783 4172 809 4221 B
880 4173 912 4224 13
937 4189 954 4238 p
978 4182 1003 4222 et
1025 4182 1114 4239 tergo
1135 4174 1201 4222 dnae
1220 4182 1279 4222 sunt
1300 4183 1469 4221 consonantes
1492 4172 1518 4219 in
1538 4172 1583 4221 illo

287 4246 389 4296 rronrine
409 4253 433 4293 et
445 4246 470 4293 in
481 4244 525 4293 illo
536 4244 638 4293 nomine
653 4244 719 4292 duae
733 4252 792 4291 sunt
807 4256 977 4293 consonantes
995 4244 1067 4295 Boe
1084 4260 1099 4308 p
1118 4252 1143 4292 et
1161 4254 1171 4290 t
1188 4252 1308 4309 rumpunt
1326 4243 1428 4307 regulas
1446 4241 1505 4291 illae
1518 4256 1583 4308 ergo

287 4319 354 4367 duae
373 4321 432 4365 suut
449 4322 619 4364 consonantes
634 4313 658 4361 Α
730 4312 763 4363 19
777 4313 803 4361 in
820 4328 866 4367 arn.
886 4315 920 4378 A,
941 4312 1002 4365 add.
1023 4329 1039 4362 a
1108 4312 1143 4361 20
1164 4313 1210 4363 sed
1227 4326 1278 4361 une
1296 4328 1323 4361 re
1341 4312 1369 4361 0.
1387 4320 1495 4361 ceterum
1510 4312 1537 4361 in
1550 4314 1583 4362 iia

287 4402 352 4453 qaue
370 4392 508 4449 sequnntur
522 4384 585 4434 ordo
604 4385 734 4434 aereorum
749 4385 776 4433 in
794 4383 920 4433 codicibus
934 4384 1167 4447 perturbatricem
1182 4384 1289 4435 uidetur.
1311 4398 1368 4431 nam
1384 4398 1449 4445 quoe
1464 4382 1537 4444 infra
1551 4382 1585 4431 de

288 4458 455 4507 declinatione
473 4463 498 4506 et
517 4454 549 4505 da
564 4470 659 4519 penore
678 4456 806 4520 utriusque
823 4458 927 4503 nonrina'r
945 4458 1042 4517 scripta
1059 4462 1130 4516 sunt,
1150 4454 1197 4504 linc
1214 4452 1359 4504 revocanda
1377 4460 1464 4511 eram,
1485 4466 1537 4500 una
1556 4467 1585 4500 re

289 4535 386 4577 tantum
405 4523 468 4575 llunt
487 4526 678 4587 dissentientes,
697 4540 804 4591 genere:
829 4523 870 4573 lric
889 4525 964 4588 lupus
983 4526 1091 4573 dicimos
1106 4552 1139 4559 -
1156 4538 1204 4572 non
1224 4522 1286 4573 lacit
1304 4524 1369 4588 lepa.
1402 4531 1426 4570 ct
1444 4522 1517 4586 lepus
1537 4521 1584 4570 de-

289 4596 411 4645 clinamus
437 4594 478 4644 lrie
503 4595 576 4659 lepus
600 4594 676 4643 huius
700 4596 795 4658 leporis
813 4594 874 4643 huie
899 4594 992 4660 lepori,
1016 4595 1091 4660 lupus
1115 4594 1158 4643 hie
1174 4593 1250 4659 lupus
1269 4592 1345 4641 lanius
1364 4591 1417 4656 lupi
1435 4586 1581 4655 huielupo.

290 4678 401 4716 ceterum
419 4666 496 4730 lupus
514 4673 560 4715 etc.
632 4663 759 4729 qualitatis
782 4664 951 4730 appellativae
970 4674 995 4714 et
1013 4665 1077 4714 illud
1096 4664 1227 4728 similiter,
1248 4664 1308 4712 item
1326 4660 1459 4726 corporale
1477 4670 1502 4710 et
1518 4660 1583 4710 illud

290 4736 405 4785 similiter
421 4736 525 4787 coniecit
539 4735 723 4785 Lindenvunnua
810 4734 844 4785 23
864 4734 952 4783 eadem
970 4743 1139 4786 consonantes
1156 4734 1182 4783 A
1270 4733 1322 4782 illic
1343 4744 1485 4781 consonans
1505 4747 1522 4781 a
1547 4730 1584 4779 illi

291 4820 434 4856 consonans
454 4804 535 4854 Aac
603 4806 637 4854 24
659 4804 745 4853 breuis
770 4811 795 4852 et
815 4806 896 4867 (corr.
915 4814 955 4855 est
971 4808 1001 4869 a)
1021 4805 1065 4855 illa
1090 4813 1115 4853 et
1133 4804 1177 4854 illa
1198 4804 1283 4855 breuis
1301 4811 1340 4855 est
1355 4801 1438 4852 ABG
1506 4798 1539 4851 26
1558 4808 1584 4849 et

292 4891 338 4930 orn.
358 4874 411 4925 Ac
477 4874 509 4927 31
529 4876 739 4945 declinationibus
757 4873 782 4922 A
