3525 5600
279 345 343 411 384
824 346 1026 409 CONSENTll

306 469 328 510 p.
342 459 400 498 aava
414 458 439 498 u
453 455 474 498 u.

281 541 475 618 praeteritum
503 539 700 617 inperfectum
729 536 846 597 diverso
874 536 961 597 modo
993 535 1129 597 efferunt.
1174 556 1241 598 nam
1264 555 1299 598 ea
1321 556 1396 617 quae
1418 557 1433 596 e
1454 549 1545 602 utteo

281 641 393 702 babent
420 641 533 701 adiecta
563 640 597 700 ad
625 641 834 718 imperativum
862 637 930 699 bam
959 637 1071 718 syllaba
1097 639 1212 701 iaciunt
1238 643 1433 720 praeteritum
1461 644 1546 722 inper-

281 746 406 814 lectum,
435 749 468 803 ut
496 743 568 804 adeo
597 741 644 802 adi
674 741 801 802 adibam.
846 760 881 802 ea
909 760 979 802 vero
1008 760 1083 821 quae
1111 744 1121 802 i
1149 741 1261 804 babent
1289 750 1356 804 ante
1380 746 1548 807 novissimam

282 847 410 908 litteram
440 863 499 906 uon
527 844 620 906 solum
642 843 710 904 bam
739 843 880 924 syllabam
906 845 1082 923 imperativo
1100 844 1226 915 addunt,
1250 851 1284 905 ut
1304 848 1493 926 praeteritum
1511 851 1549 910 in-

283 949 447 1028 perfectum
476 948 600 1017 iaciant,
630 947 681 1006 sed
710 949 800 1008 etiam
828 948 886 1027 ipsi
915 945 1043 1026 syllabae
1073 965 1089 1006 e
1116 947 1292 1027 productam
1312 957 1505 1027 praeponunt,
1523 958 1569 1010 uls

283 1050 371 1111 audio
404 1049 472 1110 audi
505 1047 677 1118 audiebam,
711 1051 812 1110 nutrio
839 1050 922 1109 nutri
948 1048 1134 1119 nutriebam;
1163 1050 1242 1129 quod
1269 1057 1300 1110 et
1327 1052 1426 1128 ipsum
1453 1058 1553 1113 veteres

283 1153 418 1231 exemplo
441 1153 605 1232 superioris
627 1151 837 1212 declinationis
852 1151 1009 1211 brevitatis
1031 1169 1119 1212 eausa
1142 1151 1253 1232 absque
1275 1170 1292 1210 e
1315 1152 1415 1213 littera
1436 1155 1552 1231 proiece-

284 1255 370 1324 bant,
400 1261 433 1315 ut
462 1255 538 1334 apud
561 1253 717 1332 Virgilium
744 1255 871 1332 legimus
900 1256 1024 1334 ‘quem
1051 1256 1183 1314 matris
1210 1253 1253 1314 ab
1282 1253 1399 1315 ubere
1427 1263 1554 1336 raptum

284 1356 507 1419 nutribant’.
553 1360 675 1418 tertium
702 1356 775 1417 illud
804 1376 912 1418 novum
941 1362 1000 1426 cst,
1029 1355 1109 1436 quod
1137 1375 1171 1416 ea
1193 1375 1269 1436 quae
1291 1375 1307 1416 e
1329 1349 1555 1420 babent'anteo

284 1459 417 1520 ultimam
445 1461 578 1522 futurum
606 1459 758 1520 indicativi
787 1465 818 1518 et
844 1461 876 1520 in
899 1479 945 1521 am
968 1462 1051 1521 etin
1074 1460 1112 1520 bo
1134 1462 1270 1530 mittunt,
1294 1467 1327 1520 ut
1349 1460 1451 1521 adeam
1472 1460 1556 1530 adibo,
1567 1481 1587 1517 ιο

284 1563 362 1622 sieut
389 1564 447 1623 iam
477 1562 565 1642 paulo
593 1570 661 1623 ante
692 1561 835 1632 diximus;
865 1569 895 1621 et
923 1563 1075 1642 participii
1104 1561 1333 1622 declinationem
1365 1581 1426 1622 uon
1446 1563 1559 1622 sinvdem

286 1663 438 1724 exhibent.
462 1647 529 1725 nam
544 1665 745 1725 nominativus
758 1670 873 1724 tantum
889 1666 1107 1742 coniugationis
1121 1664 1252 1725 litteram
1268 1665 1393 1734 retinet,
1410 1672 1443 1725 ut
1455 1672 1560 1724 transm

286 1769 448 1838 transiens,
471 1774 629 1847 praetereo
651 1769 853 1845 praeteriens,
877 1765 953 1826 abeo
976 1767 1097 1837 abiens;
1126 1767 1217 1827 ceteri
1241 1784 1313 1826 vero
1335 1785 1422 1828 casus
1443 1767 1561 1828 litteram

285 1876 415 1940 mutant,
449 1876 483 1931 ut
516 1871 699 1929 transeuntis
732 1867 878 1930 abeuntis
923 1887 959 1929 ex
987 1868 1035 1930 bis
1063 1876 1186 1949 apparet
1215 1870 1314 1929 omma
1344 1869 1436 1930 verba
1461 1872 1561 1950 primae

287 1991 432 2054 personae
454 1973 621 2053 praesentis
643 1973 788 2050 temporis
809 1971 964 2032 indicativi
986 1971 1081 2041 modi,
1105 1973 1164 2032 nisi
1184 1970 1330 2032 deiectiva
1345 1973 1421 2042 siut,
1443 1973 1593 2033 olittcras

287 2077 458 2145 terminari,
488 2073 670 2153 eandemque
698 2073 828 2135 litteram
856 2074 995 2153 praecedi
1018 2073 1063 2134 vei
1086 2093 1102 2134 a
1125 2072 1278 2134 vocalibus
1299 2093 1315 2134 e
1338 2075 1349 2133 i
1372 2093 1408 2143 u,
1436 2082 1468 2134 ut
1487 2075 1565 2134 sedeo

288 2179 367 2239 lanio
389 2195 460 2247 ruo,
483 2175 528 2236 vel
552 2195 567 2236 a
590 2175 741 2236 vocalibus
763 2175 827 2236 loeo
850 2177 1074 2237 consonantium
1091 2177 1203 2255 ‘positis
1230 2175 1275 2236 vel
1297 2195 1314 2235 a
1336 2175 1566 2248 consonantibus,

289 2282 421 2361 exceptis
443 2286 542 2339 tamen
565 2279 578 2338 l
598 2277 616 2337 k
639 2297 672 2357 q,
696 2285 730 2338 ut
752 2277 819 2338 labo
841 2296 914 2338 voco
936 2277 1009 2338 cado
1030 2277 1095 2355 lego
1121 2277 1206 2338 trabe
1221 2280 1269 2338 aio
1283 2278 1397 2358 inpelle
1419 2297 1484 2339 amo
1503 2296 1568 2337 cano

289 2384 388 2462 scalpo
412 2401 481 2442 voro
504 2383 567 2441 viso
589 2386 673 2440 verto
695 2382 762 2440 vivo
783 2399 861 2442 nexo
883 2383 1008 2460 patrizo.
1042 2382 1140 2441 evenit
1163 2386 1261 2440 tamen
1283 2386 1317 2441 ut
1339 2383 1370 2440 in
1393 2383 1489 2460 prima
1509 2397 1568 2459 per·

289 2505 359 2547 sona
383 2484 440 2545 alio
468 2489 555 2563 atque
584 2481 641 2542 alio
670 2482 757 2543 modo
785 2482 909 2544 verbum
931 2484 1064 2553 liniatur,
1088 2481 1198 2562 quibus
1219 2482 1316 2543 modis
1338 2486 1428 2544 etiam
1451 2481 1600 2542 secundas

290 2605 416 2668 persona
443 2587 474 2646 in
504 2587 710 2664 coniugatione
739 2585 910 2664 respondet.
955 2585 1083 2646 dicimus
1110 2586 1191 2644 enim
1218 2585 1302 2646 iervo
1323 2592 1361 2646 et
1389 2585 1505 2654 lerveo;
1525 2583 1571 2643 sed

290 2692 373 2753 lorvo
395 2691 515 2748 tertiam
543 2690 782 2766 coniugationem
810 2689 898 2757 lacit,
927 2688 1028 2748 ferveo
1058 2687 1228 2748 secundam.
1273 2688 1345 2748 item
1367 2685 1451 2767 illud
1473 2687 1572 2754 evenit,

291 2800 324 2855 ut
346 2791 454 2853 similia
477 2789 567 2852 verba
595 2792 626 2851 iu
655 2791 750 2871 prima
772 2807 900 2869 persona
928 2790 1080 2851 indicativi
1110 2790 1190 2851 modi
1213 2789 1375 2853 dissimiles
1396 2791 1507 2869 figuras
1527 2808 1575 2869 pro

292 2896 339 2956 his
361 2892 645 2971 significationibus,
674 2911 748 2972 quas
776 2891 910 2953 diversae
938 2899 1062 2953 naturae
1091 2893 1193 2953 verbis
1214 2892 1374 2963 exhibent,
1398 2895 1430 2954 in
1454 2892 1575 2954 declina·

292 2995 424 3058 tionibus
451 3003 582 3064 sumant,
611 3000 644 3053 ut
672 3000 718 3053 est
745 2993 842 3073 pando
870 3001 900 3053 et
928 3012 1004 3055 sero.
1049 2994 1164 3055 iaciunt
1190 2997 1272 3057 enim
1294 2997 1492 3074 praeteritum
1514 3008 1609 3073 per-u

293 3102 403 3161 lectum
426 3097 515 3177 pandi
539 3104 568 3157 et
590 3095 731 3175 pandavi,
755 3098 835 3155 serui
858 3103 888 3155 et
910 3098 1017 3157 seravi.
1061 3098 1133 3157 item
1156 3099 1342 3158 econtrario
1365 3098 1397 3157 in
1417 3100 1516 3176 prima
1535 3098 1576 3157 iu-

294 3201 416 3262 dicativi
439 3216 565 3277 persona
588 3198 679 3259 verba
701 3198 857 3259 dissimilia
872 3200 1029 3278 praeteriti
1044 3200 1187 3278 temporis
1201 3198 1453 3260 declinationibus
1475 3198 1577 3259 similia

295 3304 481 3370 efficiuntur,
506 3307 539 3359 ut
561 3308 607 3360 est
629 3299 713 3361 luceo
734 3299 836 3378 lugeo:
860 3302 974 3361 iaciunt
995 3299 1075 3362 enim
1097 3308 1223 3381 utraque
1246 3302 1319 3363 luxi.
1348 3303 1421 3363 item
1441 3318 1535 3361 cerno
1553 3307 1581 3359 et

295 3422 397 3465 cresce
420 3404 534 3463 iaciunt
555 3404 649 3472 crevi,
679 3410 709 3462 et
737 3402 843 3463 incedo
871 3411 901 3463 et
926 3404 1042 3463 incesso
1065 3404 1180 3465 iaciunt
1200 3407 1396 3483 praeteritum
1417 3405 1579 3483 perlectum

295 3506 416 3567 incessi.
1591 3522 1613 3561 so

382 3605 485 3667 Restat
511 3624 589 3666 nunc
618 3604 747 3666 utillud
769 3606 991 3676 admoneamus,
1020 3623 1080 3669 uon
1102 3610 1201 3669 omnia
1223 3607 1313 3669 verba
1336 3607 1523 3687 quibuslibet
1542 3608 1582 3667 ei·

297 3711 371 3771 terri
394 3707 512 3769 casibus
533 3726 630 3787 posse.
674 3714 743 3768 sunt
765 3709 845 3768 enim
868 3708 958 3770 verba
979 3728 1054 3789 quae
1077 3712 1241 3788 genitivum
1267 3728 1385 3779 casum,
1413 3717 1484 3772 sunt
1511 3728 1583 3789 quae

297 3813 447 3880 dativum,
470 3817 539 3871 sunt
554 3828 628 3890 quac
645 3811 858 3881 accusativum,
881 3819 950 3871 sunt
964 3830 1040 3891 quae
1056 3812 1230 3881 ablativum,
1244 3819 1314 3873 sunt
1333 3832 1411 3892 quae
1426 3814 1583 3893 septimum

368 4012 483 4081 Squem]
507 4016 585 4080 Verp.
604 4015 667 4067 Aen.
687 4013 795 4065 1111484
864 4014 882 4065 u
900 4012 1045 4065 nutriebant
1060 4030 1130 4068 corr.
1146 4016 1273 4065 nutribant
1294 4016 1318 4065 L
1390 4017 1420 4068 11
1440 4024 1465 4066 et
1482 4017 1511 4065 iu
1529 4030 1584 4081 par-

298 4086 391 4153 ticipiis
407 4084 452 4135 M:
467 4085 501 4148 cf.
514 4085 611 4136 ouant.
623 4099 649 4147 ρ.
662 4083 720 4149 173,
736 4086 761 4133 7.
781 4084 840 4147 261,
860 4084 894 4136 16
949 4086 981 4137 13
1001 4084 1139 4136 litteratura
1158 4084 1325 4136 mutantes-B
1379 4087 1412 4139 16
1428 4086 1508 4136 sedeo
1523 4085 1586 4135 lanio

300 4172 346 4206 mo
367 4155 476 4222 (sedpeo
494 4156 567 4205 ioruo
587 4154 654 4203 lanio
667 4153 706 4217 B)
729 4154 769 4204 uel
789 4168 804 4203 a
823 4155 1022 4205 consonantibus
1038 4156 1077 4205 oei
1095 4155 1226 4206 uocalibus
1246 4157 1301 4206 loco
1318 4156 1420 4221 (locoqt
1441 4156 1477 4218 1,)
1498 4169 1587 4205 conso-

302 4226 415 4277 nantium
434 4224 524 4290 positis
542 4226 657 4289 exeeptis
673 4224 727 4274 BL
781 4224 813 4275 18
829 4224 903 4275 traho
921 4226 1015 4275 adiuuo
1033 4228 1075 4275 aio
1095 4226 1150 4275 BL
1203 4241 1260 4275 amo
1276 4226 1362 4291 scalpo
1380 4240 1445 4275 cauo
1464 4239 1527 4275 uero
1544 4224 1587 4274 M:

300 4312 358 4347 amo
374 4295 461 4360 scolpo
480 4308 542 4344 eano
556 4302 614 4359 peto
630 4294 688 4343 laxo
702 4308 746 4343 ero
765 4295 848 4343 euenit
868 4294 964 4345 Lamo
981 4296 1070 4361 scalpo
1084 4311 1147 4346 cauo
1163 4294 1245 4358 (corr.
1261 4312 1325 4346 cauo
1338 4295 1441 4361 scalpo)
1454 4305 1479 4346 et
1492 4294 1589 4359 reliquo

300 4366 386 4417 euenit
405 4364 429 4413 B
498 4366 532 4416 22
550 4365 610 4413 item
626 4360 700 4431 illud]
722 4364 789 4414 allud
808 4364 851 4413 M:
871 4365 906 4423 cs.
924 4366 1022 4415 Choria.
1040 4380 1066 4429 p.
1087 4365 1146 4424 166,
1165 4366 1196 4414 12
1214 4366 1288 4431 Serp.
1306 4368 1413 4430 sepiae.
1428 4380 1459 4428 p.
1478 4366 1539 4420 557.
1558 4363 1587 4414 ll

369 4434 404 4486 26
425 4434 556 4485 ἰοοὶοοῑίοἰ
581 4434 692 4484 modiin
716 4436 797 4501 prima
821 4449 931 4499 persona
953 4434 1046 4485 BML
1133 4436 1168 4485 ’26
1186 4434 1283 4486 iaciunt
1299 4437 1465 4499 praeteritum
1481 4434 1514 4483 M
1529 4432 1589 4483 lacit

301 4504 464 4571 praeteritum
477 4505 503 4555 B
518 4503 581 4555 iacis
603 4505 668 4553 euim
686 4506 850 4569 praeteritum
862 4506 886 4555 L
955 4504 989 4555 26
1000 4504 1078 4569 pandi
1092 4506 1196 4570 paudiui
1215 4516 1240 4556 et
1256 4506 1307 4556 seri
1321 4516 1347 4557 et
1367 4507 1455 4556 serani
1472 4508 1495 4557 J,
1513 4502 1591 4569 pandi

302 4574 415 4638 pendani
437 4576 487 4624 seri
506 4578 586 4636 (corr.
606 4576 687 4639 serui)
706 4576 755 4624 seri
769 4574 852 4624 seraui
868 4573 911 4623 M:
922 4574 1036 4637 formare
1052 4575 1120 4623 serui
1139 4577 1193 4625 sevi
1211 4585 1236 4625 et
1250 4576 1364 4626 seravi‘
1395 4572 1468 4641 item]
1489 4572 1590 4625 coeo.

300 4660 327 4707 p.
349 4644 410 4703 247,
429 4645 471 4699 22,
488 4642 562 4711 Scap.
584 4646 687 4710 copton.
705 4660 734 4709 p.
750 4645 810 4705 567,
831 4642 863 4694 13
934 4643 967 4695 32
986 4654 1044 4693 aunt
1062 4645 1129 4693 enim
1146 4646 1224 4695 uerba
1242 4661 1308 4709 quae
1323 4646 1430 4711 genitiui
1446 4652 1504 4695 suut
1525 4656 1590 4706 quse

303 4714 383 4763 datiui
398 4728 473 4763 casus
488 4725 546 4764 sunt
562 4724 621 4765 sunt
638 4716 790 4779 accrvssatiui
807 4728 871 4777 quae
890 4722 915 4762 et
930 4714 1065 4777 septimum
1083 4728 1171 4763 casum
1192 4723 1284 4782 regunt
1303 4716 1336 4765 M
1358 4724 1418 4767 suut
1439 4717 1505 4765 enim
1526 4728 1591 4776 quae

304 4783 444 4849 genitiuum
461 4792 519 4833 sunt
536 4800 601 4848 quae
620 4786 732 4835 datiuum
751 4798 810 4834 suut
828 4799 894 4848 quae
905 4784 1039 4849 septimum
1054 4784 1180 4848 regnato
1197 4794 1255 4835 sunt
1272 4787 1341 4836 enirn
1358 4800 1424 4850 quae
1442 4785 1590 4853 genetiuum

305 4867 391 4903 casum
409 4861 467 4903 sum
486 4868 550 4916 quae
569 4854 647 4905 datio.
668 4870 719 4909 eas.
740 4863 799 4903 sunt
814 4868 878 4916 quae
894 4854 1030 4919 septimum
1046 4854 1175 4920 regauth
