3525 5600
683 361 919 424 COllldllN'lVll
1380 363 1441 429 165

1260 473 1414 527 pisa-soc.

163 563 186 614 ει
209 552 397 630 ‘mancipium
426 549 568 612 advena’.
612 566 685 628 ergo
713 550 907 612 masculinum
935 553 1103 613 invenimus
1133 572 1150 614 a
1179 555 1383 624 terminatum,
1409 562 1441 615 ut

161 665 200 718 est
223 655 268 715 hic
299 652 438 723 Catilina,
466 654 659 720 femininum.
688 661 722 713 ιιι
747 653 821 714 haec
843 654 941 725 llusa,
972 663 1109 715 neutrum
1140 655 1191 716 sed
1222 673 1377 734 graccum,
1408 666 1440 719 ut

159 768 292 827 toreuma,
314 773 467 817 commune
489 755 533 816 vel
557 774 593 816 ox
615 755 731 816 duobus
753 753 797 814 vel
821 756 989 827 extribus,
1015 765 1046 818 ut
1069 756 1189 819 advena.
1228 777 1243 818 ε
1266 740 1440 820 terminatus

159 862 339 923 nominativus
366 858 424 919 duo
452 866 565 919 tantum
592 859 700 938 recipit
726 875 851 937 genera,
880 877 972 920 unum
1002 860 1175 922 femininum
1204 861 1255 922 sed
1289 879 1438 940 graccum,

138 974 186 1024 snt
206 963 210 1042 l
231 962 358 1041 Euterpe
374 960 519 1041 Calliope,
544 959 623 1021 aliud
646 968 786 1022 neutrum
809 961 860 1022 sed
888 960 1026 1032 latinum,
1053 969 1084 1022 ut
1106 963 1238 1024 leminile
1261 963 1353 1026 sedile
1376 963 1442 1026 mo?

157 1066 216 1126 nile.
256 1066 268 1123 i
294 1065 469 1126 terminatus
497 1063 694 1124 nominativus
722 1064 746 1124 si
769 1061 893 1124 latinum
926 1082 1035 1126 nomeu
1058 1064 1210 1136 habuerit,
1235 1069 1326 1126 trium
1349 1086 1439 1146 genc-

156 1187 215 1229 rum
241 1173 283 1228 cst
309 1164 535 1235 indeclinabile,
565 1172 597 1224 ut
624 1164 673 1225 hic
701 1173 731 1226 ot
757 1164 832 1226 haec
860 1173 890 1226 et
918 1165 975 1226 hoc
997 1168 1087 1246 lrugi,
1113 1166 1160 1226 hic
1184 1176 1213 1228 ει
1236 1167 1308 1230 haec
1331 1177 1360 1230 et
1383 1171 1438 1230 hoc

156 1269 245 1339 nihili3
275 1277 304 1329 et
329 1268 388 1329 hoc
411 1276 456 1330 est
477 1275 604 1338 tantum,
634 1270 689 1328 ista
718 1269 834 1329 invenis
856 1275 980 1329 tantum.
1026 1269 1051 1328 si
1073 1277 1170 1329 autern
1193 1273 1350 1350 peregrina
1374 1273 1439 1332 lue·

157 1374 221 1442 rint,
247 1369 390 1432 neutralia
417 1379 500 1442 sunt,
529 1377 562 1432 nt
587 1371 700 1447 gummi
726 1371 831 1450 sinapi.
875 1389 893 1431 o
924 1372 1099 1432 terminatus
1122 1374 1318 1434 nominativus
1340 1377 1439 1434 omnia

130 1493 148 1530 ¹⁰
157 1475 250 1554 recipit
278 1492 389 1552 genera
423 1473 532 1554 absque
565 1479 688 1534 rreutro:
722 1473 898 1534 femininum
926 1475 1046 1553 recipit,
1077 1482 1108 1534 ut
1140 1483 1184 1534 est
1212 1473 1298 1544 luno;
1332 1478 1439 1556 recipit

158 1594 312 1646 commune,
348 1585 381 1637 ut
414 1574 535 1656 pomilio
564 1573 701 1656 [pumilio
730 1575 839 1636 dicitur
866 1573 991 1656 nanus];
1024 1577 1131 1656 recipit
1163 1577 1371 1647 masculinum,
1407 1587 1440 1638 ut

158 1681 261 1747 tioero;
285 1687 425 1739 neutrum
447 1697 608 1758 numquam
631 1679 746 1758 recipit.
784 1695 804 1737 u
826 1677 1002 1738 terminatus
1024 1681 1222 1740 nominativus
1245 1697 1369 1740 necesso
1393 1688 1437 1741 est

158 1791 184 1843 ut
206 1782 319 1859 generis
351 1782 390 1841 sit
418 1788 533 1840 tantum
562 1782 673 1855 neutri,
704 1788 737 1840 ut
765 1798 858 1841 cornu
887 1797 965 1858 gerru
992 1779 1059 1858 gelu
1087 1799 1187 1860 specu.
1231 1780 1438 1842 lterminatus

158 1885 354 1951 nominativus,
379 1890 412 1943 ut
432 1882 506 1952 mel;
531 1903 575 1955 nr,
599 1891 632 1944 ut
653 1882 811 1962 templum;
835 1900 869 1952 n,
893 1890 924 1942 ut
946 1901 1081 1952 carmon:
1105 1903 1135 1954 r,
1159 1891 1192 1944 ut
1214 1883 1335 1954 Caesam
1359 1902 1381 1952 s,
1405 1892 1439 1945 ιιι

131 1988 262 2055 edoctum
290 2005 323 2056 x,
352 1993 385 2046 ut
412 1986 475 2065 pix;
504 2003 534 2056 c,
563 1994 595 2045 ut
622 1983 683 2052 lac:
714 1992 741 2054 t,
772 1992 806 2044 ut
833 1991 931 2064 caput.
977 1985 1044 2046 ‘sed
1069 1985 1105 2046 de
1134 1985 1190 2046 hoc
1222 1991 1367 2046 tractare'
1398 1989 1438 2048 ait

159 2091 236 2149 ‘satis
257 2094 313 2159 est,
336 2089 363 2148 si
384 2087 470 2148 multi
491 2086 541 2148 alii
563 2095 593 2148 ct
614 2086 663 2147 alii
685 2091 915 2148 tractaverunt'.
944 2089 1064 2167 scripsit
1078 2095 1175 2150 autem
1192 2087 1227 2148 ad
1243 2087 1323 2149 huric
1339 2087 1437 2149 locum

158 2190 258 2252 Probus
279 2208 372 2251 unum
395 2188 516 2251 librum.
547 2191 602 2250 iste
624 2189 777 2250 institutor
799 2190 858 2251 iam
881 2173 975 2250 artem
992 2191 1118 2272 scripsit,
1143 2210 1203 2252 uon
1227 2191 1347 2270 scripsit
1368 2209 1436 2270 per-

159 2295 247 2364 lectis,
268 2292 320 2353 sed
342 2291 379 2352 ad
402 2293 527 2369 eosqui
550 2291 651 2379 volunt
672 2311 705 2352 se
727 2293 876 2371 periectos
900 2311 973 2354 esse.

676 2475 724 2522 DE
747 2476 901 2525 NVMERIS

129 2599 148 2637 n
229 2583 343 2643 Transit
369 2583 400 2642 in
428 2601 596 2644 numerum.
627 2599 769 2643 numerus
796 2581 874 2662 apud
903 2581 1023 2643 Latinos
1052 2589 1102 2644 aut
1128 2573 1285 2662 singularis
1313 2590 1359 2643 est
1387 2592 1438 2644 aut

158 2684 277 2764 pluralis,
301 2683 469 2762 singularis,
493 2691 528 2744 ut
550 2683 597 2743 hic
620 2683 739 2753 doctus,
763 2681 902 2763 pluralis,
926 2693 958 2746 ιιι
981 2684 1011 2744 hi
1034 2685 1122 2745 docti.
1157 2692 1202 2745 εει
1224 2685 1310 2746 otiam
1333 2703 1436 2745 nunrc·

157 2807 198 2847 rus
218 2787 396 2856 communis,
425 2794 457 2847 ut
479 2793 526 2847 εει
548 2785 625 2857 dies,
655 2786 702 2847 laic
725 2786 788 2848 dies
811 2787 894 2848 ethi
917 2786 995 2849 dies:
1032 2795 1061 2849 ct
1088 2788 1117 2847 in
1146 2787 1288 2866 singulari
1312 2807 1436 2849 numero

157 2899 181 2950 ει
204 2893 232 2950 in
257 2889 367 2969 plurali
395 2889 458 2949 dics
485 2889 602 2949 dicitur.
649 2907 721 2968 ergo
749 2891 914 2950 communis
943 2892 1061 2951 numeri
1087 2899 1157 2951 sunt
1183 2890 1270 2961 haec,
1300 2892 1437 2969 quotiens

156 2993 338 3053 nominativus
361 2991 519 3069 singularis
543 2997 571 3053 cl
600 2994 797 3052 nominativus
819 2990 942 3070 pluralis
964 2991 1077 3052 similes
1098 3002 1175 3054 sunt.
1222 3011 1294 3071 ergo
1319 2992 1437 3070 quando

129 3104 182 3153 sn
204 3096 397 3155 nominativus
425 3092 584 3171 singularis
619 3102 648 3155 et
681 3095 879 3154 nominativus
909 3092 1031 3172 pluralis
1064 3094 1175 3155 similes
1202 3103 1286 3165 sunt,
1322 3096 1437 3154 numeri

158 3204 214 3256 suut
233 3198 405 3257 communis.
449 3205 478 3256 et
505 3195 684 3274 generaliter
711 3199 808 3256 omnis
835 3198 938 3275 quinta
962 3195 1120 3257 declinatio
1143 3205 1171 3257 ει
1193 3204 1297 3278 quarta
1320 3199 1437 3257 numeri

157 3306 215 3359 sunt
233 3300 410 3368 communis,
441 3307 475 3359 nt
503 3300 619 3378 specics
640 3317 743 3359 versus
771 3298 886 3359 ductus.
933 3300 1086 3375 quaeritur
1109 3318 1194 3369 voro,
1217 3299 1295 3378 apud
1318 3298 1437 3359 Latinos

157 3402 177 3458 si
194 3404 280 3479 possit
299 3401 427 3461 inveniri
450 3418 594 3461 numerus
616 3399 727 3469 dualis,
752 3403 802 3479 qui
823 3403 967 3481 frequens
990 3410 1035 3461 est
1057 3400 1133 3479 apud
1157 3402 1295 3461 Graecos.
1340 3409 1370 3461 el
1391 3402 1436 3460 in·

159 3504 258 3563 verritur
284 3505 313 3564 in
342 3501 460 3563 duobus
487 3509 616 3570 tantum,
645 3512 678 3563 ut
705 3502 764 3564 duo
792 3510 821 3564 et
849 3502 946 3563 ambo.
991 3520 1059 3563 uam
1090 3500 1161 3562 llaec
1191 3504 1309 3564 nomina
1339 3521 1436 3580 neque

131 3620 149 3655 n
158 3604 298 3682 singularia
314 3614 383 3665 sunt
403 3621 499 3682 neque
515 3602 649 3683 pluralia.
679 3604 837 3683 singularis
860 3606 978 3666 numeri
1000 3623 1059 3664 non
1083 3624 1204 3683 possum
1228 3605 1344 3674 dicere,
1369 3606 1435 3681 quia

159 3724 203 3765 nec
222 3707 256 3767 de
278 3706 395 3768 duobus
422 3726 543 3786 possum
572 3707 671 3768 dicere
700 3706 770 3767 ‘ille
793 3707 865 3768 mihi
889 3708 958 3767 iecit
981 3708 1153 3775 iniuriam';
1182 3709 1289 3767 iterum
1315 3706 1436 3786 pluralis

159 3811 258 3869 numeri
286 3829 345 3869 non
373 3827 496 3889 possum
525 3808 624 3870 (licere
653 3816 775 3869 ‘ramnes
808 3810 881 3871 milri
915 3811 1052 3871 lecverunl
1079 3810 1217 3869 iniuriam
1228 3815 1246 3879 ’,
1281 3810 1349 3889 quia
1378 3808 1436 3868 duo

159 3919 222 3970 sunt
264 3911 299 3971 de
327 3910 445 3971 duobus
475 3909 478 3991 Ι
508 3918 606 3971 autem
635 3914 686 3989 qui
714 3911 787 3972 dicit
818 3914 939 3971 omnes?
976 3920 1097 3991 proptor
1126 3911 1202 3971 hanc
1230 3912 1435 3971 necessitatem

160 4010 267 4073 dicimus
288 4013 383 4074 dualis
406 4032 470 4073 osse
493 4014 617 4073 numeri.
656 4012 784 4081 idcirco,
808 4016 946 4090 qnoniam
969 4022 1161 4073 recesserunt
1189 4032 1204 4073 a
1234 4014 1348 4074 ratione
1371 4012 1434 4073 lati-

135 4116 251 4185 suiuus,
274 4114 409 4177 anomala
431 4124 508 4185 sunt,
532 4115 562 4176 id
586 4122 631 4175 est
652 4114 817 4192 inaequalia
841 4122 920 4176 suut.
951 4114 1151 4175 debueramus
1167 4114 1267 4175 (licere
1290 4115 1336 4175 his
1357 4113 1434 4183 cluis,

161 4219 282 4293 quoniam
310 4217 438 4279 duorum
466 4218 602 4279 dicimus.
646 4216 764 4297 quando
793 4219 872 4279 enim
901 4218 1055 4295 genetivus
1077 4216 1199 4297 pluralis
1221 4218 1251 4276 in
1275 4236 1340 4279 runi
1365 4218 1433 4286 exit,

217 4455 377 4506 deommuue
401 4473 448 4509 om.
472 4455 555 4505 Arc
596 4457 602 4464 '
624 4456 755 4523 beoliope
774 4454 859 4505 ABG
927 4453 1041 4505 leminilc
1062 4456 1132 4505 BCa
1155 4453 1274 4520 pominile
1294 4452 1366 4519 Au)

164 4525 187 4574 ll
203 4527 299 4590 pomilio
314 4526 419 4593 pornilio
442 4526 489 4575 Bo
508 4526 623 4592 pomtilio
642 4528 758 4592 pomtilio
777 4526 801 4575 Α
820 4524 926 4592 pumilio
943 4526 1049 4591 pumilio
1067 4526 1088 4575 C
1158 4526 1190 4575 12
1207 4525 1297 4589 recipit
1317 4525 1431 4574 mosculi-

165 4610 212 4643 uun
228 4598 274 4647 AC
290 4598 380 4664 recipit
396 4605 421 4645 et
439 4596 607 4646 ruasculinuna
624 4598 670 4647 Bo
742 4597 774 4647 13
792 4599 825 4645 sit
840 4612 885 4645 orta.
907 4596 938 4659 A,
954 4596 1014 4647 add.
1033 4612 1050 4643 a
1121 4609 1199 4661 specu
1216 4594 1269 4644 BC
1285 4611 1347 4660 pecu
1364 4612 1433 4647 corr.

165 4680 226 4728 specu
243 4668 321 4717 deletu
338 4676 430 4731 postea
449 4685 462 4717 ε
479 4668 602 4717 litterati
674 4668 849 4716 ltorminatns
868 4668 920 4717 An
937 4675 960 4714 et
981 4666 987 4713 l
1008 4666 1155 4715 terminatus
1174 4665 1221 4715 Ba
1292 4665 1325 4716 14
1344 4674 1370 4714 ιιι
1385 4667 1434 4716 mel

166 4745 185 4779 u
199 4751 211 4781 ιι
223 4752 317 4786 carmen
336 4748 360 4787 et
379 4753 404 4785 ιιι
423 4736 545 4803 templum
563 4754 575 4786 r
592 4753 680 4788 cursor
697 4754 709 4786 ε
729 4739 819 4786 doctus
832 4738 856 4785 A
929 4736 958 4786 15
975 4737 1019 4783 sed
1040 4736 1070 4783 de
1089 4734 1137 4785 hoc
1157 4745 1262 4785 tractare
1281 4738 1316 4785 uit
1334 4752 1380 4790 om,
1401 4737 1434 4793 A,

167 4805 244 4854 odd-u
309 4806 341 4858 16
354 4805 390 4872 si]
410 4808 498 4857 sedB
565 4810 599 4859 ‘22
617 4820 641 4858 ει
659 4808 686 4857 hi
704 4809 759 4857 dies
778 4807 825 4857 Ba
843 4818 867 4856 ει
886 4807 933 4856 Ιιιιε
950 4804 1071 4856 niceno
1141 4804 1257 4877 numero]
1279 4808 1434 4859 nominatiuo

168 4873 186 4918 A
244 4876 274 4927 al
292 4874 392 4945 iterum]
412 4880 472 4927 item
491 4877 542 4927 BC
608 4878 642 4931 35
660 4876 815 4946 inaequalia]
837 4876 1027 4927 indeclinabilia
1044 4876 1128 4927 ABG
