<?xml version="1.0" encoding="UTF-8"?>
<!DOCTYPE html PUBLIC "-//W3C//DTD XHTML 1.0 Transitional//EN"
    "http://www.w3.org/TR/xhtml1/DTD/xhtml1-transitional.dtd">
<html xmlns="http://www.w3.org/1999/xhtml" xml:lang="en" lang="en">
 <head>
  <title>
</title>
<meta http-equiv="Content-Type" content="text/html;charset=utf-8" />
  <meta name='ocr-system' content='tesseract 3.04.00' />
  <meta name='ocr-capabilities' content='ocr_page ocr_carea ocr_par ocr_line ocrx_word'/>
</head>
<body>
  <div class='ocr_page' id='page_1' title='image "./grammaticilatin03hagagoog_0299.png"; bbox 0 0 3525 5600; ppageno 0'>
   <div class='ocr_carea' id='block_1_1' title="bbox 657 424 1425 490">
    <p class='ocr_par' dir='ltr' id='par_1_1' title="bbox 657 424 1425 490">
     <span class='ocr_line' id='line_1_1' title="bbox 657 424 1425 490; baseline -0.001 0"><span class='ocrx_word' id='word_1_1' title='bbox 657 424 894 490; x_wconf 78' lang='lat' dir='ltr'>conuuuuvu</span> <span class='ocrx_word' id='word_1_2' title='bbox 1360 424 1425 490; x_wconf 80' lang='lat'>289</span> 
     </span>
    </p>
   </div>
   <div class='ocr_carea' id='block_1_2' title="bbox 107 535 1541 4255">
    <p class='ocr_par' dir='ltr' id='par_1_2' title="bbox 1238 535 1398 588">
     <span class='ocr_line' id='line_1_2' title="bbox 1238 535 1398 588; baseline 0.006 -14"><span class='ocrx_word' id='word_1_3' title='bbox 1238 549 1259 588; x_wconf 78' lang='lat' dir='ltr'>p.</span> <span class='ocrx_word' id='word_1_4' title='bbox 1272 535 1362 575; x_wconf 77' lang='lat' dir='ltr'>roo-sa</span> <span class='ocrx_word' id='word_1_5' title='bbox 1376 535 1398 575; x_wconf 82' lang='grc' dir='ltr'>ε.</span> 
     </span>
    </p>

    <p class='ocr_par' dir='ltr' id='par_1_3' title="bbox 127 603 1541 1499">
     <span class='ocr_line' id='line_1_3' title="bbox 148 603 1424 694; baseline -0.001 -19"><span class='ocrx_word' id='word_1_6' title='bbox 148 613 316 675; x_wconf 89' lang='lat' dir='ltr'>admodum</span> <span class='ocrx_word' id='word_1_7' title='bbox 345 615 376 674; x_wconf 93' lang='lat' dir='ltr'>in</span> <span class='ocrx_word' id='word_1_8' title='bbox 404 613 498 674; x_wconf 90' lang='lat' dir='ltr'>soluta</span> <span class='ocrx_word' id='word_1_9' title='bbox 525 603 793 676; x_wconf 78' lang='lat' dir='ltr'>orauone‘dienur</span> <span class='ocrx_word' id='word_1_10' title='bbox 822 613 1031 675; x_wconf 78' lang='lat' dir='ltr'>barbarismus.</span> <span class='ocrx_word' id='word_1_11' title='bbox 1075 613 1147 694; x_wconf 91' lang='lat' dir='ltr'>quid</span> <span class='ocrx_word' id='word_1_12' title='bbox 1175 616 1201 674; x_wconf 93' lang='lat' dir='ltr'>si</span> <span class='ocrx_word' id='word_1_13' title='bbox 1227 615 1258 673; x_wconf 96' lang='lat' dir='ltr'>in</span> <span class='ocrx_word' id='word_1_14' title='bbox 1288 622 1424 694; x_wconf 84' lang='lat' dir='ltr'>poemate</span> 
     </span>
     <span class='ocr_line' id='line_1_4' title="bbox 147 713 1423 796; baseline -0.001 -18"><span class='ocrx_word' id='word_1_15' title='bbox 147 716 202 778; x_wconf 78' lang='lat' dir='ltr'>lati</span> <span class='ocrx_word' id='word_1_16' title='bbox 222 717 280 775; x_wconf 90' lang='lat' dir='ltr'>iarn</span> <span class='ocrx_word' id='word_1_17' title='bbox 303 731 362 776; x_wconf 92' lang='lat' dir='ltr'>non</span> <span class='ocrx_word' id='word_1_18' title='bbox 385 714 493 776; x_wconf 90' lang='lat' dir='ltr'>dicitur</span> <span class='ocrx_word' id='word_1_19' title='bbox 516 714 717 786; x_wconf 88' lang='lat' dir='ltr'>soloecismus,</span> <span class='ocrx_word' id='word_1_20' title='bbox 741 715 793 776; x_wconf 90' lang='lat' dir='ltr'>sed</span> <span class='ocrx_word' id='word_1_21' title='bbox 817 714 925 776; x_wconf 90' lang='lat' dir='ltr'>dicitur</span> <span class='ocrx_word' id='word_1_22' title='bbox 950 713 1079 776; x_wconf 88' lang='lat' dir='ltr'>schema.</span> <span class='ocrx_word' id='word_1_23' title='bbox 1124 733 1183 796; x_wconf 87' lang='lat' dir='ltr'>quo</span> <span class='ocrx_word' id='word_1_24' title='bbox 1210 716 1299 776; x_wconf 90' lang='lat' dir='ltr'>modo</span> <span class='ocrx_word' id='word_1_25' title='bbox 1325 724 1423 777; x_wconf 88' lang='lat' dir='ltr'>autem</span> 
     </span>
     <span class='ocr_line' id='line_1_5' title="bbox 147 814 1424 898; baseline 0.001 -19"><span class='ocrx_word' id='word_1_26' title='bbox 147 822 187 879; x_wconf 88' lang='lat' dir='ltr'>liat</span> <span class='ocrx_word' id='word_1_27' title='bbox 209 814 415 886; x_wconf 87' lang='lat' dir='ltr'>soloecismus,</span> <span class='ocrx_word' id='word_1_28' title='bbox 445 835 503 898; x_wconf 86' lang='lat' dir='ltr'>quo</span> <span class='ocrx_word' id='word_1_29' title='bbox 531 816 620 879; x_wconf 89' lang='lat' dir='ltr'>ruodo</span> <span class='ocrx_word' id='word_1_30' title='bbox 647 817 697 878; x_wconf 87' lang='lat' dir='ltr'>ilat</span> <span class='ocrx_word' id='word_1_31' title='bbox 723 818 856 889; x_wconf 86' lang='lat' dir='ltr'>schema,</span> <span class='ocrx_word' id='word_1_32' title='bbox 893 837 929 878; x_wconf 78' lang='lat' dir='ltr'>ex</span> <span class='ocrx_word' id='word_1_33' title='bbox 958 817 1066 879; x_wconf 87' lang='lat' dir='ltr'>allecto</span> <span class='ocrx_word' id='word_1_34' title='bbox 1093 817 1251 879; x_wconf 76' lang='lat' dir='ltr'><strong>scribentis</strong></span> <span class='ocrx_word' id='word_1_35' title='bbox 1281 818 1424 880; x_wconf 85' lang='lat' dir='ltr'>debemus</span> 
     </span>
     <span class='ocr_line' id='line_1_6' title="bbox 147 919 1423 998; baseline 0.002 -18"><span class='ocrx_word' id='word_1_36' title='bbox 147 937 305 997; x_wconf 77' lang='lat' dir='ltr'><strong>agnoscere.</strong></span> <span class='ocrx_word' id='word_1_37' title='bbox 329 921 352 980; x_wconf 90' lang='lat' dir='ltr'>si</span> <span class='ocrx_word' id='word_1_38' title='bbox 369 921 529 980; x_wconf 77' lang='lat' dir='ltr'>necessitas</span> <span class='ocrx_word' id='word_1_39' title='bbox 544 921 632 981; x_wconf 91' lang='lat' dir='ltr'>metri</span> <span class='ocrx_word' id='word_1_40' title='bbox 648 921 726 998; x_wconf 81' lang='lat' dir='ltr'>cogit</span> <span class='ocrx_word' id='word_1_41' title='bbox 741 927 773 982; x_wconf 89' lang='lat' dir='ltr'>ut</span> <span class='ocrx_word' id='word_1_42' title='bbox 789 922 828 981; x_wconf 90' lang='lat' dir='ltr'>ita</span> <span class='ocrx_word' id='word_1_43' title='bbox 842 921 939 990; x_wconf 86' lang='lat' dir='ltr'>iaciat</span> <span class='ocrx_word' id='word_1_44' title='bbox 953 919 1073 981; x_wconf 88' lang='lat' dir='ltr'>schema</span> <span class='ocrx_word' id='word_1_45' title='bbox 1089 928 1149 991; x_wconf 87' lang='lat' dir='ltr'>est;</span> <span class='ocrx_word' id='word_1_46' title='bbox 1174 923 1199 982; x_wconf 90' lang='lat' dir='ltr'>si</span> <span class='ocrx_word' id='word_1_47' title='bbox 1221 929 1320 982; x_wconf 89' lang='lat' dir='ltr'>autem</span> <span class='ocrx_word' id='word_1_48' title='bbox 1335 923 1423 982; x_wconf 89' lang='lat' dir='ltr'>etiam</span> 
     </span>
     <span class='ocr_line' id='line_1_7' title="bbox 127 1021 1425 1102; baseline 0.006 -26"><span class='ocrx_word' id='word_1_49' title='bbox 127 1025 198 1084; x_wconf 76' lang='lat' dir='ltr'>asine</span> <span class='ocrx_word' id='word_1_50' title='bbox 218 1023 394 1082; x_wconf 81' lang='lat' dir='ltr'>necessitate</span> <span class='ocrx_word' id='word_1_51' title='bbox 416 1023 505 1082; x_wconf 87' lang='lat' dir='ltr'>metri</span> <span class='ocrx_word' id='word_1_52' title='bbox 527 1028 626 1100; x_wconf 88' lang='lat' dir='ltr'>potest</span> <span class='ocrx_word' id='word_1_53' title='bbox 646 1021 695 1082; x_wconf 88' lang='lat' dir='ltr'>illa</span> <span class='ocrx_word' id='word_1_54' title='bbox 719 1041 768 1083; x_wconf 92' lang='lat' dir='ltr'>res</span> <span class='ocrx_word' id='word_1_55' title='bbox 790 1021 858 1093; x_wconf 91' lang='lat' dir='ltr'>dici,</span> <span class='ocrx_word' id='word_1_56' title='bbox 882 1031 1005 1102; x_wconf 86' lang='lat' dir='ltr'>apparet</span> <span class='ocrx_word' id='word_1_57' title='bbox 1026 1040 1090 1083; x_wconf 86' lang='lat' dir='ltr'>esse</span> <span class='ocrx_word' id='word_1_58' title='bbox 1104 1022 1312 1084; x_wconf 84' lang='lat' dir='ltr'>soloecismum</span> <span class='ocrx_word' id='word_1_59' title='bbox 1338 1025 1425 1085; x_wconf 88' lang='lat' dir='ltr'>etiam</span> 
     </span>
     <span class='ocr_line' id='line_1_8' title="bbox 145 1123 1541 1203; baseline 0.002 -21"><span class='ocrx_word' id='word_1_60' title='bbox 145 1126 169 1184; x_wconf 91' lang='lat' dir='ltr'>in</span> <span class='ocrx_word' id='word_1_61' title='bbox 188 1141 283 1184; x_wconf 80' lang='lat' dir='ltr'>versu.</span> <span class='ocrx_word' id='word_1_62' title='bbox 327 1130 399 1201; x_wconf 82' lang='lat' dir='ltr'>quot</span> <span class='ocrx_word' id='word_1_63' title='bbox 422 1123 527 1193; x_wconf 89' lang='lat' dir='ltr'>modis,</span> <span class='ocrx_word' id='word_1_64' title='bbox 551 1124 605 1192; x_wconf 87' lang='lat' dir='ltr'>ait,</span> <span class='ocrx_word' id='word_1_65' title='bbox 628 1125 704 1186; x_wconf 88' lang='lat' dir='ltr'>liunt</span> <span class='ocrx_word' id='word_1_66' title='bbox 725 1123 911 1184; x_wconf 79' lang='lat' dir='ltr'>soloecismi?</span> <span class='ocrx_word' id='word_1_67' title='bbox 936 1124 1068 1185; x_wconf 84' lang='lat' dir='ltr'>Donatus</span> <span class='ocrx_word' id='word_1_68' title='bbox 1091 1124 1209 1203; x_wconf 82' lang='lat' dir='ltr'>redegit</span> <span class='ocrx_word' id='word_1_69' title='bbox 1229 1145 1262 1187; x_wconf 90' lang='lat' dir='ltr'>se</span> <span class='ocrx_word' id='word_1_70' title='bbox 1284 1125 1321 1186; x_wconf 90' lang='lat' dir='ltr'>ad</span> <span class='ocrx_word' id='word_1_71' title='bbox 1343 1137 1495 1198; x_wconf 76' lang='lat' dir='ltr'>sum-446,</span> <span class='ocrx_word' id='word_1_72' title='bbox 1509 1137 1541 1186; x_wconf 81' lang='grc' dir='ltr'>ιε</span> 
     </span>
     <span class='ocr_line' id='line_1_9' title="bbox 145 1223 1424 1289; baseline 0.002 -3"><span class='ocrx_word' id='word_1_73' title='bbox 145 1243 210 1286; x_wconf 87' lang='lat' dir='ltr'>mam</span> <span class='ocrx_word' id='word_1_74' title='bbox 239 1224 413 1286; x_wconf 89' lang='lat' dir='ltr'>brevitatem</span> <span class='ocrx_word' id='word_1_75' title='bbox 450 1233 480 1284; x_wconf 84' lang='lat' dir='ltr'>et</span> <span class='ocrx_word' id='word_1_76' title='bbox 505 1223 579 1286; x_wconf 87' lang='lat' dir='ltr'>dixit</span> <span class='ocrx_word' id='word_1_77' title='bbox 606 1225 742 1287; x_wconf 79' lang='lat' dir='ltr'>‘duobus</span> <span class='ocrx_word' id='word_1_78' title='bbox 770 1228 912 1288; x_wconf 89' lang='lat' dir='ltr'>tantum&#39;.</span> <span class='ocrx_word' id='word_1_79' title='bbox 959 1226 1090 1288; x_wconf 90' lang='lat' dir='ltr'>Lucilius</span> <span class='ocrx_word' id='word_1_80' title='bbox 1117 1234 1215 1289; x_wconf 91' lang='lat' dir='ltr'>autem</span> <span class='ocrx_word' id='word_1_81' title='bbox 1243 1227 1316 1287; x_wconf 82' lang='lat' dir='ltr'>dixit</span> <span class='ocrx_word' id='word_1_82' title='bbox 1338 1229 1424 1289; x_wconf 81' lang='lat' dir='ltr'>‘ccu-</span> 
     </span>
     <span class='ocr_line' id='line_1_10' title="bbox 144 1326 1424 1408; baseline 0.003 -22"><span class='ocrx_word' id='word_1_83' title='bbox 144 1330 212 1388; x_wconf 89' lang='lat' dir='ltr'>tum&#39;</span> <span class='ocrx_word' id='word_1_84' title='bbox 236 1333 266 1386; x_wconf 92' lang='lat' dir='ltr'>ot</span> <span class='ocrx_word' id='word_1_85' title='bbox 287 1327 472 1388; x_wconf 82' lang='lat' dir='ltr'>enumeravit</span> <span class='ocrx_word' id='word_1_86' title='bbox 492 1345 612 1388; x_wconf 84' lang='lat' dir='ltr'>omnes:</span> <span class='ocrx_word' id='word_1_87' title='bbox 642 1338 722 1390; x_wconf 86' lang='lat' dir='ltr'>extat</span> <span class='ocrx_word' id='word_1_88' title='bbox 748 1327 823 1388; x_wconf 92' lang='lat' dir='ltr'>liber</span> <span class='ocrx_word' id='word_1_89' title='bbox 845 1329 953 1408; x_wconf 88' lang='lat' dir='ltr'>ipsius,</span> <span class='ocrx_word' id='word_1_90' title='bbox 982 1326 1053 1389; x_wconf 89' lang='lat' dir='ltr'>dicit</span> <span class='ocrx_word' id='word_1_91' title='bbox 1078 1327 1153 1391; x_wconf 91' lang='lat' dir='ltr'>illud</span> <span class='ocrx_word' id='word_1_92' title='bbox 1177 1336 1206 1390; x_wconf 89' lang='lat' dir='ltr'>et</span> <span class='ocrx_word' id='word_1_93' title='bbox 1227 1328 1309 1391; x_wconf 87' lang='lat' dir='ltr'>illud.</span> <span class='ocrx_word' id='word_1_94' title='bbox 1356 1347 1424 1390; x_wconf 85' lang='lat' dir='ltr'>narn</span> 
     </span>
     <span class='ocr_line' id='line_1_11' title="bbox 144 1429 247 1499; baseline -0.019 -9"><span class='ocrx_word' id='word_1_95' title='bbox 144 1431 178 1490; x_wconf 85' lang='lat' dir='ltr'>ait</span> <span class='ocrx_word' id='word_1_96' title='bbox 196 1429 247 1499; x_wconf 92' lang='lat' dir='ltr'>sic,</span> 
     </span>
    </p>

    <p class='ocr_par' dir='ltr' id='par_1_4' title="bbox 115 1529 1426 2021">
     <span class='ocr_line' id='line_1_12' title="bbox 115 1529 1343 1612; baseline 0.004 -22"><span class='ocrx_word' id='word_1_97' title='bbox 115 1549 134 1584; x_wconf 86' lang='lat' dir='ltr'>u</span> <span class='ocrx_word' id='word_1_98' title='bbox 285 1531 379 1591; x_wconf 85' lang='lat' dir='ltr'>adde</span> <span class='ocrx_word' id='word_1_99' title='bbox 402 1529 668 1592; x_wconf 83' lang='lat' dir='ltr'>soloecismum</span> <span class='ocrx_word' id='word_1_100' title='bbox 691 1548 826 1610; x_wconf 85' lang='lat' dir='ltr'>genera</span> <span class='ocrx_word' id='word_1_101' title='bbox 850 1538 961 1612; x_wconf 89' lang='lat' dir='ltr'>atque</span> <span class='ocrx_word' id='word_1_102' title='bbox 981 1531 1162 1594; x_wconf 82' lang='lat' dir='ltr'>uocabula</span> <span class='ocrx_word' id='word_1_103' title='bbox 1183 1544 1343 1604; x_wconf 89' lang='lat' dir='ltr'>centum,</span> 
     </span>
     <span class='ocr_line' id='line_1_13' title="bbox 145 1631 1425 1714; baseline 0.003 -21"><span class='ocrx_word' id='word_1_104' title='bbox 145 1641 169 1694; x_wconf 92' lang='lat' dir='ltr'>et</span> <span class='ocrx_word' id='word_1_105' title='bbox 192 1641 315 1694; x_wconf 88' lang='lat' dir='ltr'>currunt</span> <span class='ocrx_word' id='word_1_106' title='bbox 335 1635 399 1713; x_wconf 89' lang='lat' dir='ltr'>ipsa</span> <span class='ocrx_word' id='word_1_107' title='bbox 428 1632 568 1696; x_wconf 87' lang='lat' dir='ltr'>vocabula</span> <span class='ocrx_word' id='word_1_108' title='bbox 596 1631 732 1695; x_wconf 86' lang='lat' dir='ltr'>versibus</span> <span class='ocrx_word' id='word_1_109' title='bbox 763 1635 881 1714; x_wconf 85' lang='lat' dir='ltr'>scriptis</span> <span class='ocrx_word' id='word_1_110' title='bbox 913 1641 992 1704; x_wconf 87' lang='lat' dir='ltr'>arte,</span> <span class='ocrx_word' id='word_1_111' title='bbox 1027 1643 1057 1694; x_wconf 94' lang='lat' dir='ltr'>et</span> <span class='ocrx_word' id='word_1_112' title='bbox 1088 1633 1130 1695; x_wconf 93' lang='lat' dir='ltr'>ibi</span> <span class='ocrx_word' id='word_1_113' title='bbox 1163 1639 1345 1697; x_wconf 85' lang='lat' dir='ltr'>enumeravit</span> <span class='ocrx_word' id='word_1_114' title='bbox 1375 1635 1425 1696; x_wconf 90' lang='lat' dir='ltr'>illa</span> 
     </span>
     <span class='ocr_line' id='line_1_14' title="bbox 143 1733 1424 1806; baseline 0.002 -12"><span class='ocrx_word' id='word_1_115' title='bbox 143 1735 241 1794; x_wconf 91' lang='lat' dir='ltr'>omnia.</span> <span class='ocrx_word' id='word_1_116' title='bbox 287 1737 407 1796; x_wconf 92' lang='lat' dir='ltr'>interim</span> <span class='ocrx_word' id='word_1_117' title='bbox 430 1737 486 1796; x_wconf 91' lang='lat' dir='ltr'>iste</span> <span class='ocrx_word' id='word_1_118' title='bbox 509 1733 640 1796; x_wconf 84' lang='lat' dir='ltr'>breviter</span> <span class='ocrx_word' id='word_1_119' title='bbox 662 1737 788 1806; x_wconf 84' lang='lat' dir='ltr'>strinxit</span> <span class='ocrx_word' id='word_1_120' title='bbox 812 1737 927 1796; x_wconf 78' lang='lat' dir='ltr'>‘omnis</span> <span class='ocrx_word' id='word_1_121' title='bbox 949 1734 1143 1798; x_wconf 90' lang='lat' dir='ltr'>soloecismus</span> <span class='ocrx_word' id='word_1_122' title='bbox 1169 1738 1202 1797; x_wconf 88' lang='lat' dir='ltr'>lit</span> <span class='ocrx_word' id='word_1_123' title='bbox 1223 1737 1339 1799; x_wconf 84' lang='lat' dir='ltr'>(luobus</span> <span class='ocrx_word' id='word_1_124' title='bbox 1360 1757 1424 1798; x_wconf 90' lang='lat' dir='ltr'>mo·</span> 
     </span>
     <span class='ocr_line' id='line_1_15' title="bbox 143 1836 1426 1918; baseline 0.003 -22"><span class='ocrx_word' id='word_1_125' title='bbox 143 1837 188 1911; x_wconf 87' lang='lat' dir='ltr'>dis,</span> <span class='ocrx_word' id='word_1_126' title='bbox 210 1844 261 1897; x_wconf 86' lang='lat' dir='ltr'>aut</span> <span class='ocrx_word' id='word_1_127' title='bbox 281 1855 337 1915; x_wconf 89' lang='lat' dir='ltr'>per</span> <span class='ocrx_word' id='word_1_128' title='bbox 358 1843 457 1916; x_wconf 85' lang='lat' dir='ltr'>partes</span> <span class='ocrx_word' id='word_1_129' title='bbox 480 1839 621 1898; x_wconf 89' lang='lat' dir='ltr'>orationis</span> <span class='ocrx_word' id='word_1_130' title='bbox 642 1849 693 1898; x_wconf 90' lang='grc' dir='ltr'>εει</span> <span class='ocrx_word' id='word_1_131' title='bbox 714 1855 768 1915; x_wconf 89' lang='lat' dir='ltr'>per</span> <span class='ocrx_word' id='word_1_132' title='bbox 790 1836 954 1898; x_wconf 90' lang='lat' dir='ltr'>accidentia</span> <span class='ocrx_word' id='word_1_133' title='bbox 976 1839 1106 1918; x_wconf 87' lang='lat' dir='ltr'>partium</span> <span class='ocrx_word' id='word_1_134' title='bbox 1127 1840 1303 1909; x_wconf 89' lang='lat' dir='ltr'>orationis’,</span> <span class='ocrx_word' id='word_1_135' title='bbox 1326 1840 1356 1900; x_wconf 89' lang='lat' dir='ltr'>id</span> <span class='ocrx_word' id='word_1_136' title='bbox 1379 1847 1426 1900; x_wconf 90' lang='grc' dir='ltr'>εει</span> 
     </span>
     <span class='ocr_line' id='line_1_16' title="bbox 143 1938 1424 2021; baseline 0.002 -22"><span class='ocrx_word' id='word_1_137' title='bbox 143 1939 244 2000; x_wconf 73' lang='lat' dir='ltr'>duobis</span> <span class='ocrx_word' id='word_1_138' title='bbox 257 1945 383 2000; x_wconf 90' lang='lat' dir='ltr'>tanturn.</span> <span class='ocrx_word' id='word_1_139' title='bbox 411 1941 531 2000; x_wconf 89' lang='lat' dir='ltr'>interim</span> <span class='ocrx_word' id='word_1_140' title='bbox 548 1947 705 2020; x_wconf 84' lang='lat' dir='ltr'>antequam</span> <span class='ocrx_word' id='word_1_141' title='bbox 721 1945 881 2000; x_wconf 83' lang='lat' dir='ltr'>tractemus</span> <span class='ocrx_word' id='word_1_142' title='bbox 903 1939 941 1999; x_wconf 90' lang='lat' dir='ltr'>de</span> <span class='ocrx_word' id='word_1_143' title='bbox 961 1940 1025 2000; x_wconf 87' lang='lat' dir='ltr'>istis</span> <span class='ocrx_word' id='word_1_144' title='bbox 1047 1938 1162 2001; x_wconf 87' lang='lat' dir='ltr'>duabus</span> <span class='ocrx_word' id='word_1_145' title='bbox 1184 1940 1327 2021; x_wconf 84' lang='lat' dir='ltr'>partibus,</span> <span class='ocrx_word' id='word_1_146' title='bbox 1349 1941 1424 2012; x_wconf 84' lang='lat' dir='ltr'>ride,</span> 
     </span>
    </p>

    <p class='ocr_par' dir='ltr' id='par_1_5' title="bbox 116 2040 566 2121">
     <span class='ocr_line' id='line_1_17' title="bbox 116 2040 566 2121; baseline 0.016 -26"><span class='ocrx_word' id='word_1_147' title='bbox 116 2058 135 2096; x_wconf 84' lang='grc' dir='ltr'>ε</span> <span class='ocrx_word' id='word_1_148' title='bbox 148 2040 208 2120; x_wconf 86' lang='lat' dir='ltr'>quid</span> <span class='ocrx_word' id='word_1_149' title='bbox 228 2043 261 2101; x_wconf 92' lang='lat' dir='ltr'>in</span> <span class='ocrx_word' id='word_1_150' title='bbox 283 2041 430 2121; x_wconf 88' lang='lat' dir='ltr'>principio</span> <span class='ocrx_word' id='word_1_151' title='bbox 453 2048 566 2102; x_wconf 87' lang='lat' dir='ltr'>tractat.</span> 
     </span>
    </p>

    <p class='ocr_par' dir='ltr' id='par_1_6' title="bbox 141 2141 1521 2532">
     <span class='ocr_line' id='line_1_18' title="bbox 215 2141 1521 2224; baseline 0 -18"><span class='ocrx_word' id='word_1_152' title='bbox 215 2143 294 2222; x_wconf 86' lang='lat' dir='ltr'>Ergo</span> <span class='ocrx_word' id='word_1_153' title='bbox 322 2141 514 2204; x_wconf 89' lang='lat' dir='ltr'>soloecismus</span> <span class='ocrx_word' id='word_1_154' title='bbox 542 2150 588 2204; x_wconf 89' lang='lat' dir='ltr'>est</span> <span class='ocrx_word' id='word_1_155' title='bbox 614 2145 714 2204; x_wconf 82' lang='lat' dir='ltr'>vitium</span> <span class='ocrx_word' id='word_1_156' title='bbox 739 2143 852 2204; x_wconf 88' lang='lat' dir='ltr'>lactum</span> <span class='ocrx_word' id='word_1_157' title='bbox 879 2146 910 2204; x_wconf 91' lang='lat' dir='ltr'>in</span> <span class='ocrx_word' id='word_1_158' title='bbox 938 2151 1078 2205; x_wconf 85' lang='lat' dir='ltr'>contextu</span> <span class='ocrx_word' id='word_1_159' title='bbox 1109 2147 1236 2224; x_wconf 84' lang='lat' dir='ltr'>partium</span> <span class='ocrx_word' id='word_1_160' title='bbox 1264 2147 1417 2207; x_wconf 88' lang='lat' dir='ltr'>orationis.</span> <span class='ocrx_word' id='word_1_161' title='bbox 1434 2157 1521 2220; x_wconf 64' lang='lat' dir='ltr'>uteo</span> 
     </span>
     <span class='ocr_line' id='line_1_19' title="bbox 142 2243 1424 2326; baseline 0.004 -21"><span class='ocrx_word' id='word_1_162' title='bbox 142 2243 203 2322; x_wconf 86' lang='lat' dir='ltr'>quid</span> <span class='ocrx_word' id='word_1_163' title='bbox 225 2246 317 2324; x_wconf 77' lang='lat' dir='ltr'>ergo?</span> <span class='ocrx_word' id='word_1_164' title='bbox 348 2263 406 2306; x_wconf 90' lang='lat' dir='ltr'>non</span> <span class='ocrx_word' id='word_1_165' title='bbox 430 2246 462 2306; x_wconf 88' lang='lat' dir='ltr'>lit</span> <span class='ocrx_word' id='word_1_166' title='bbox 483 2243 674 2306; x_wconf 87' lang='lat' dir='ltr'>soloecismus</span> <span class='ocrx_word' id='word_1_167' title='bbox 697 2247 785 2307; x_wconf 88' lang='lat' dir='ltr'>etiam</span> <span class='ocrx_word' id='word_1_168' title='bbox 802 2244 806 2326; x_wconf 90' lang='grc' dir='ltr'>Ι</span> <span class='ocrx_word' id='word_1_169' title='bbox 823 2248 853 2306; x_wconf 93' lang='lat' dir='ltr'>in</span> <span class='ocrx_word' id='word_1_170' title='bbox 876 2264 936 2307; x_wconf 92' lang='lat' dir='ltr'>una</span> <span class='ocrx_word' id='word_1_171' title='bbox 957 2254 1041 2326; x_wconf 82' lang='lat' dir='ltr'>parte</span> <span class='ocrx_word' id='word_1_172' title='bbox 1064 2247 1224 2308; x_wconf 72' lang='lat' dir='ltr'>orationis?</span> <span class='ocrx_word' id='word_1_173' title='bbox 1250 2247 1330 2320; x_wconf 80' lang='lat' dir='ltr'>dicit</span> <span class='ocrx_word' id='word_1_174' title='bbox 1352 2267 1424 2310; x_wconf 92' lang='lat' dir='ltr'>non.</span> 
     </span>
     <span class='ocr_line' id='line_1_20' title="bbox 141 2345 1425 2427; baseline 0.004 -21"><span class='ocrx_word' id='word_1_175' title='bbox 141 2347 186 2406; x_wconf 87' lang='lat' dir='ltr'>sed</span> <span class='ocrx_word' id='word_1_176' title='bbox 207 2345 283 2408; x_wconf 88' lang='lat' dir='ltr'>dabo</span> <span class='ocrx_word' id='word_1_177' title='bbox 306 2346 505 2416; x_wconf 85' lang='lat' dir='ltr'>elocutiones,</span> <span class='ocrx_word' id='word_1_178' title='bbox 535 2363 611 2426; x_wconf 86' lang='lat' dir='ltr'>quae</span> <span class='ocrx_word' id='word_1_179' title='bbox 642 2345 826 2408; x_wconf 88' lang='lat' dir='ltr'>elocutiones</span> <span class='ocrx_word' id='word_1_180' title='bbox 849 2349 937 2409; x_wconf 90' lang='lat' dir='ltr'>etiam</span> <span class='ocrx_word' id='word_1_181' title='bbox 965 2349 995 2408; x_wconf 92' lang='lat' dir='ltr'>in</span> <span class='ocrx_word' id='word_1_182' title='bbox 1023 2348 1148 2427; x_wconf 86' lang='lat' dir='ltr'>singulis</span> <span class='ocrx_word' id='word_1_183' title='bbox 1169 2356 1307 2422; x_wconf 79' lang='lat' dir='ltr'>coustant</span> <span class='ocrx_word' id='word_1_184' title='bbox 1327 2349 1425 2411; x_wconf 82' lang='lat' dir='ltr'>verbis</span> 
     </span>
     <span class='ocr_line' id='line_1_21' title="bbox 142 2447 1424 2532; baseline 0.005 -24"><span class='ocrx_word' id='word_1_185' title='bbox 142 2455 167 2508; x_wconf 88' lang='lat' dir='ltr'>et</span> <span class='ocrx_word' id='word_1_186' title='bbox 190 2447 281 2510; x_wconf 89' lang='lat' dir='ltr'>nihilo</span> <span class='ocrx_word' id='word_1_187' title='bbox 311 2451 409 2509; x_wconf 88' lang='lat' dir='ltr'>minus</span> <span class='ocrx_word' id='word_1_188' title='bbox 436 2447 626 2510; x_wconf 88' lang='lat' dir='ltr'>soloecismos</span> <span class='ocrx_word' id='word_1_189' title='bbox 653 2450 773 2514; x_wconf 83' lang='lat' dir='ltr'>iaciunt.</span> <span class='ocrx_word' id='word_1_190' title='bbox 819 2467 877 2530; x_wconf 83' lang='lat' dir='ltr'>quo</span> <span class='ocrx_word' id='word_1_191' title='bbox 906 2449 995 2510; x_wconf 89' lang='lat' dir='ltr'>modo</span> <span class='ocrx_word' id='word_1_192' title='bbox 1024 2467 1096 2529; x_wconf 92' lang='lat' dir='ltr'>ergo</span> <span class='ocrx_word' id='word_1_193' title='bbox 1124 2449 1199 2511; x_wconf 90' lang='lat' dir='ltr'>dicis</span> <span class='ocrx_word' id='word_1_194' title='bbox 1226 2455 1364 2532; x_wconf 75' lang='lat' dir='ltr'>quioniam</span> <span class='ocrx_word' id='word_1_195' title='bbox 1392 2455 1424 2514; x_wconf 92' lang='lat' dir='ltr'>in</span> 
     </span>
    </p>

    <p class='ocr_par' dir='ltr' id='par_1_7' title="bbox 107 2549 1425 4255">
     <span class='ocr_line' id='line_1_22' title="bbox 112 2549 1423 2636; baseline 0.005 -26"><span class='ocrx_word' id='word_1_196' title='bbox 112 2549 256 2628; x_wconf 79' lang='lat' dir='ltr'>usingrdis</span> <span class='ocrx_word' id='word_1_197' title='bbox 283 2549 383 2612; x_wconf 89' lang='lat' dir='ltr'>verbis</span> <span class='ocrx_word' id='word_1_198' title='bbox 411 2568 470 2610; x_wconf 95' lang='lat' dir='ltr'>non</span> <span class='ocrx_word' id='word_1_199' title='bbox 500 2557 569 2611; x_wconf 88' lang='lat' dir='ltr'>sunt</span> <span class='ocrx_word' id='word_1_200' title='bbox 590 2549 776 2612; x_wconf 75' lang='lat' dir='ltr'>soloecismi?</span> <span class='ocrx_word' id='word_1_201' title='bbox 811 2569 878 2612; x_wconf 90' lang='lat' dir='ltr'>cum</span> <span class='ocrx_word' id='word_1_202' title='bbox 901 2553 1085 2614; x_wconf 87' lang='lat' dir='ltr'>inveniamus</span> <span class='ocrx_word' id='word_1_203' title='bbox 1113 2551 1172 2614; x_wconf 89' lang='lat' dir='ltr'>tale</span> <span class='ocrx_word' id='word_1_204' title='bbox 1199 2551 1324 2632; x_wconf 86' lang='lat' dir='ltr'>aliquid,</span> <span class='ocrx_word' id='word_1_205' title='bbox 1354 2561 1423 2636; x_wconf 85' lang='lat' dir='ltr'>puta</span> 
     </span>
     <span class='ocr_line' id='line_1_23' title="bbox 141 2650 1425 2737; baseline 0.005 -26"><span class='ocrx_word' id='word_1_206' title='bbox 141 2650 211 2712; x_wconf 81' lang='lat' dir='ltr'>ridet</span> <span class='ocrx_word' id='word_1_207' title='bbox 233 2653 336 2713; x_wconf 89' lang='lat' dir='ltr'>nescio</span> <span class='ocrx_word' id='word_1_208' title='bbox 363 2654 413 2731; x_wconf 87' lang='lat' dir='ltr'>qui</span> <span class='ocrx_word' id='word_1_209' title='bbox 435 2650 601 2713; x_wconf 90' lang='lat' dir='ltr'>masculum</span> <span class='ocrx_word' id='word_1_210' title='bbox 624 2653 773 2714; x_wconf 89' lang='lat' dir='ltr'>hominem</span> <span class='ocrx_word' id='word_1_211' title='bbox 798 2660 828 2714; x_wconf 88' lang='lat' dir='ltr'>et</span> <span class='ocrx_word' id='word_1_212' title='bbox 856 2653 927 2714; x_wconf 90' lang='lat' dir='ltr'>dicit</span> <span class='ocrx_word' id='word_1_213' title='bbox 954 2654 1047 2724; x_wconf 83' lang='lat' dir='ltr'>hanc;</span> <span class='ocrx_word' id='word_1_214' title='bbox 1076 2673 1145 2716; x_wconf 88' lang='lat' dir='ltr'>ecce</span> <span class='ocrx_word' id='word_1_215' title='bbox 1172 2654 1249 2716; x_wconf 89' lang='lat' dir='ltr'>banc</span> <span class='ocrx_word' id='word_1_216' title='bbox 1276 2675 1425 2737; x_wconf 87' lang='lat' dir='ltr'>unapars</span> 
     </span>
     <span class='ocr_line' id='line_1_24' title="bbox 141 2753 1423 2837; baseline 0.005 -24"><span class='ocrx_word' id='word_1_217' title='bbox 141 2755 274 2815; x_wconf 88' lang='lat' dir='ltr'>orationis</span> <span class='ocrx_word' id='word_1_218' title='bbox 296 2761 340 2816; x_wconf 85' lang='lat' dir='ltr'>est</span> <span class='ocrx_word' id='word_1_219' title='bbox 363 2763 392 2817; x_wconf 90' lang='lat' dir='ltr'>et</span> <span class='ocrx_word' id='word_1_220' title='bbox 412 2753 505 2815; x_wconf 89' lang='lat' dir='ltr'>nihilo</span> <span class='ocrx_word' id='word_1_221' title='bbox 529 2756 627 2817; x_wconf 89' lang='lat' dir='ltr'>minus</span> <span class='ocrx_word' id='word_1_222' title='bbox 649 2754 842 2818; x_wconf 87' lang='lat' dir='ltr'>soloecismus</span> <span class='ocrx_word' id='word_1_223' title='bbox 866 2763 920 2817; x_wconf 94' lang='lat' dir='ltr'>est.</span> <span class='ocrx_word' id='word_1_224' title='bbox 950 2755 1020 2835; x_wconf 87' lang='lat' dir='ltr'>quid</span> <span class='ocrx_word' id='word_1_225' title='bbox 1043 2755 1117 2817; x_wconf 88' lang='lat' dir='ltr'>dicis</span> <span class='ocrx_word' id='word_1_226' title='bbox 1146 2759 1235 2837; x_wconf 82' lang='lat' dir='ltr'>ergol</span> <span class='ocrx_word' id='word_1_227' title='bbox 1257 2759 1301 2819; x_wconf 86' lang='lat' dir='ltr'>ris</span> <span class='ocrx_word' id='word_1_228' title='bbox 1321 2761 1423 2821; x_wconf 84' lang='lat' dir='ltr'>vitium</span> 
     </span>
     <span class='ocr_line' id='line_1_25' title="bbox 139 2855 1423 2941; baseline 0.005 -25"><span class='ocrx_word' id='word_1_229' title='bbox 139 2855 341 2917; x_wconf 88' lang='lat' dir='ltr'>soloecismum</span> <span class='ocrx_word' id='word_1_230' title='bbox 364 2874 427 2917; x_wconf 87' lang='lat' dir='ltr'>esse</span> <span class='ocrx_word' id='word_1_231' title='bbox 450 2865 500 2918; x_wconf 89' lang='lat' dir='ltr'>aut</span> <span class='ocrx_word' id='word_1_232' title='bbox 522 2856 760 2920; x_wconf 79' lang='lat' dir='ltr'>barbarismum?</span> <span class='ocrx_word' id='word_1_233' title='bbox 782 2860 949 2936; x_wconf 91' lang='lat' dir='ltr'>interrogat</span> <span class='ocrx_word' id='word_1_234' title='bbox 968 2866 999 2919; x_wconf 90' lang='lat' dir='ltr'>te</span> <span class='ocrx_word' id='word_1_235' title='bbox 1021 2861 1120 2921; x_wconf 87' lang='lat' dir='ltr'>nescio</span> <span class='ocrx_word' id='word_1_236' title='bbox 1143 2862 1195 2940; x_wconf 84' lang='lat' dir='ltr'>qui</span> <span class='ocrx_word' id='word_1_237' title='bbox 1216 2860 1286 2941; x_wconf 82' lang='lat' dir='ltr'>‘quo</span> <span class='ocrx_word' id='word_1_238' title='bbox 1301 2861 1423 2932; x_wconf 81' lang='lat' dir='ltr'>radist’,</span> 
     </span>
     <span class='ocr_line' id='line_1_26' title="bbox 141 2958 1425 3041; baseline 0.003 -23"><span class='ocrx_word' id='word_1_239' title='bbox 141 2966 166 3017; x_wconf 89' lang='lat' dir='ltr'>et</span> <span class='ocrx_word' id='word_1_240' title='bbox 185 2965 215 3019; x_wconf 92' lang='lat' dir='ltr'>tu</span> <span class='ocrx_word' id='word_1_241' title='bbox 238 2958 311 3019; x_wconf 88' lang='lat' dir='ltr'>dicis</span> <span class='ocrx_word' id='word_1_242' title='bbox 334 2960 450 3019; x_wconf 82' lang='lat' dir='ltr'>‘intus’</span> <span class='ocrx_word' id='word_1_243' title='bbox 478 2976 535 3037; x_wconf 89' lang='lat' dir='ltr'>pro</span> <span class='ocrx_word' id='word_1_244' title='bbox 564 2976 598 3019; x_wconf 90' lang='lat' dir='ltr'>eo</span> <span class='ocrx_word' id='word_1_245' title='bbox 621 2959 699 3039; x_wconf 83' lang='lat' dir='ltr'>qrrod</span> <span class='ocrx_word' id='word_1_246' title='bbox 722 2968 767 3021; x_wconf 95' lang='grc' dir='ltr'>εει</span> <span class='ocrx_word' id='word_1_247' title='bbox 790 2961 916 3031; x_wconf 77' lang='lat' dir='ltr'>‘intro’,</span> <span class='ocrx_word' id='word_1_248' title='bbox 946 2978 1015 3021; x_wconf 89' lang='lat' dir='ltr'>ecce</span> <span class='ocrx_word' id='word_1_249' title='bbox 1043 2978 1101 3021; x_wconf 91' lang='lat' dir='ltr'>una</span> <span class='ocrx_word' id='word_1_250' title='bbox 1125 2979 1194 3041; x_wconf 90' lang='lat' dir='ltr'>pars</span> <span class='ocrx_word' id='word_1_251' title='bbox 1217 2970 1262 3023; x_wconf 92' lang='lat' dir='ltr'>est</span> <span class='ocrx_word' id='word_1_252' title='bbox 1283 2965 1425 3025; x_wconf 92' lang='lat' dir='ltr'>orationis</span> 
     </span>
     <span class='ocr_line' id='line_1_27' title="bbox 109 3060 1424 3141; baseline 0.01 -28"><span class='ocrx_word' id='word_1_253' title='bbox 109 3060 244 3121; x_wconf 76' lang='lat' dir='ltr'>uritiosa.</span> <span class='ocrx_word' id='word_1_254' title='bbox 289 3068 359 3139; x_wconf 88' lang='lat' dir='ltr'>puta</span> <span class='ocrx_word' id='word_1_255' title='bbox 381 3064 457 3141; x_wconf 76' lang='lat' dir='ltr'>‘quo</span> <span class='ocrx_word' id='word_1_256' title='bbox 479 3061 595 3121; x_wconf 82' lang='lat' dir='ltr'>radisl’</span> <span class='ocrx_word' id='word_1_257' title='bbox 626 3061 754 3123; x_wconf 73' lang='lat' dir='ltr'>‘Roma&#39;</span> <span class='ocrx_word' id='word_1_258' title='bbox 782 3081 838 3141; x_wconf 88' lang='lat' dir='ltr'>pro</span> <span class='ocrx_word' id='word_1_259' title='bbox 866 3081 903 3123; x_wconf 93' lang='lat' dir='ltr'>eo</span> <span class='ocrx_word' id='word_1_260' title='bbox 933 3062 1011 3141; x_wconf 89' lang='lat' dir='ltr'>quod</span> <span class='ocrx_word' id='word_1_261' title='bbox 1039 3071 1084 3123; x_wconf 91' lang='lat' dir='ltr'>est</span> <span class='ocrx_word' id='word_1_262' title='bbox 1105 3063 1244 3134; x_wconf 79' lang='lat' dir='ltr'>Romam,</span> <span class='ocrx_word' id='word_1_263' title='bbox 1274 3084 1345 3126; x_wconf 90' lang='lat' dir='ltr'>ecce</span> <span class='ocrx_word' id='word_1_264' title='bbox 1366 3084 1424 3127; x_wconf 87' lang='lat' dir='ltr'>una</span> 
     </span>
     <span class='ocr_line' id='line_1_28' title="bbox 138 3164 1422 3244; baseline 0.004 -22"><span class='ocrx_word' id='word_1_265' title='bbox 138 3179 202 3239; x_wconf 90' lang='lat' dir='ltr'>pars</span> <span class='ocrx_word' id='word_1_266' title='bbox 224 3170 268 3223; x_wconf 89' lang='lat' dir='ltr'>est</span> <span class='ocrx_word' id='word_1_267' title='bbox 289 3164 432 3223; x_wconf 86' lang='lat' dir='ltr'>orationis</span> <span class='ocrx_word' id='word_1_268' title='bbox 454 3164 564 3223; x_wconf 84' lang='lat' dir='ltr'>vitiosa.</span> <span class='ocrx_word' id='word_1_269' title='bbox 598 3170 647 3223; x_wconf 92' lang='lat' dir='ltr'>aut</span> <span class='ocrx_word' id='word_1_270' title='bbox 668 3172 739 3244; x_wconf 85' lang='lat' dir='ltr'>puta</span> <span class='ocrx_word' id='word_1_271' title='bbox 762 3164 900 3225; x_wconf 89' lang='lat' dir='ltr'>salutavit</span> <span class='ocrx_word' id='word_1_272' title='bbox 921 3173 950 3226; x_wconf 91' lang='lat' dir='ltr'>te</span> <span class='ocrx_word' id='word_1_273' title='bbox 973 3183 1058 3237; x_wconf 85' lang='lat' dir='ltr'>unus,</span> <span class='ocrx_word' id='word_1_274' title='bbox 1082 3171 1112 3227; x_wconf 91' lang='lat' dir='ltr'>et</span> <span class='ocrx_word' id='word_1_275' title='bbox 1133 3166 1214 3227; x_wconf 91' lang='lat' dir='ltr'>dicas</span> <span class='ocrx_word' id='word_1_276' title='bbox 1227 3164 1272 3227; x_wconf 91' lang='lat' dir='ltr'>illi</span> <span class='ocrx_word' id='word_1_277' title='bbox 1294 3166 1422 3237; x_wconf 76' lang='lat' dir='ltr'>‘valete&#39;,</span> 
     </span>
     <span class='ocr_line' id='line_1_29' title="bbox 140 3265 1424 3345; baseline 0.005 -22"><span class='ocrx_word' id='word_1_278' title='bbox 140 3282 202 3324; x_wconf 88' lang='lat' dir='ltr'>ecee</span> <span class='ocrx_word' id='word_1_279' title='bbox 229 3282 288 3325; x_wconf 91' lang='lat' dir='ltr'>una</span> <span class='ocrx_word' id='word_1_280' title='bbox 316 3282 386 3345; x_wconf 85' lang='lat' dir='ltr'>pars</span> <span class='ocrx_word' id='word_1_281' title='bbox 415 3270 460 3326; x_wconf 89' lang='lat' dir='ltr'>est</span> <span class='ocrx_word' id='word_1_282' title='bbox 490 3266 634 3327; x_wconf 88' lang='lat' dir='ltr'>orationis</span> <span class='ocrx_word' id='word_1_283' title='bbox 662 3268 774 3327; x_wconf 87' lang='lat' dir='ltr'>vitiosa.</span> <span class='ocrx_word' id='word_1_284' title='bbox 820 3265 892 3343; x_wconf 87' lang='lat' dir='ltr'>quid</span> <span class='ocrx_word' id='word_1_285' title='bbox 918 3282 990 3344; x_wconf 90' lang='lat' dir='ltr'>ergo</span> <span class='ocrx_word' id='word_1_286' title='bbox 1018 3266 1153 3328; x_wconf 86' lang='lat' dir='ltr'>dicemus</span> <span class='ocrx_word' id='word_1_287' title='bbox 1180 3268 1217 3327; x_wconf 89' lang='lat' dir='ltr'>de</span> <span class='ocrx_word' id='word_1_288' title='bbox 1244 3269 1308 3329; x_wconf 91' lang='lat' dir='ltr'>istis</span> <span class='ocrx_word' id='word_1_289' title='bbox 1329 3270 1424 3329; x_wconf 84' lang='lat' dir='ltr'>ritiis‘l</span> 
     </span>
     <span class='ocr_line' id='line_1_30' title="bbox 139 3365 1423 3447; baseline 0.006 -24"><span class='ocrx_word' id='word_1_290' title='bbox 139 3365 290 3445; x_wconf 86' lang='lat' dir='ltr'>numquid,</span> <span class='ocrx_word' id='word_1_291' title='bbox 320 3368 459 3447; x_wconf 84' lang='lat' dir='ltr'>quoniam</span> <span class='ocrx_word' id='word_1_292' title='bbox 488 3368 519 3427; x_wconf 94' lang='lat' dir='ltr'>in</span> <span class='ocrx_word' id='word_1_293' title='bbox 547 3365 669 3445; x_wconf 88' lang='lat' dir='ltr'>singulis</span> <span class='ocrx_word' id='word_1_294' title='bbox 696 3367 830 3447; x_wconf 87' lang='lat' dir='ltr'>partibus</span> <span class='ocrx_word' id='word_1_295' title='bbox 858 3369 1000 3429; x_wconf 87' lang='lat' dir='ltr'>orationis</span> <span class='ocrx_word' id='word_1_296' title='bbox 1022 3377 1108 3438; x_wconf 86' lang='lat' dir='ltr'>sunt,</span> <span class='ocrx_word' id='word_1_297' title='bbox 1135 3388 1196 3430; x_wconf 94' lang='lat' dir='ltr'>non</span> <span class='ocrx_word' id='word_1_298' title='bbox 1219 3378 1308 3431; x_wconf 91' lang='lat' dir='ltr'>erunt</span> <span class='ocrx_word' id='word_1_299' title='bbox 1328 3370 1423 3433; x_wconf 85' lang='lat' dir='ltr'>soloe·</span> 
     </span>
     <span class='ocr_line' id='line_1_31' title="bbox 139 3468 1424 3552; baseline 0.004 -26"><span class='ocrx_word' id='word_1_300' title='bbox 139 3468 234 3529; x_wconf 82' lang='lat' dir='ltr'>cismit</span> <span class='ocrx_word' id='word_1_301' title='bbox 267 3468 341 3528; x_wconf 88' lang='lat' dir='ltr'>dixit</span> <span class='ocrx_word' id='word_1_302' title='bbox 362 3470 419 3529; x_wconf 87' lang='lat' dir='ltr'>iste</span> <span class='ocrx_word' id='word_1_303' title='bbox 441 3486 506 3529; x_wconf 88' lang='lat' dir='ltr'>rem</span> <span class='ocrx_word' id='word_1_304' title='bbox 529 3470 686 3548; x_wconf 87' lang='lat' dir='ltr'>optimam:</span> <span class='ocrx_word' id='word_1_305' title='bbox 726 3468 894 3531; x_wconf 89' lang='lat' dir='ltr'>soloecismi</span> <span class='ocrx_word' id='word_1_306' title='bbox 916 3478 999 3541; x_wconf 89' lang='lat' dir='ltr'>sunt,</span> <span class='ocrx_word' id='word_1_307' title='bbox 1030 3473 1055 3531; x_wconf 89' lang='lat' dir='ltr'>si</span> <span class='ocrx_word' id='word_1_308' title='bbox 1084 3472 1189 3549; x_wconf 87' lang='lat' dir='ltr'>iungas</span> <span class='ocrx_word' id='word_1_309' title='bbox 1216 3473 1424 3552; x_wconf 78' lang='lat' dir='ltr'>interrogantis</span> 
     </span>
     <span class='ocr_line' id='line_1_32' title="bbox 107 3569 1423 3653; baseline 0.009 -29"><span class='ocrx_word' id='word_1_310' title='bbox 107 3576 165 3627; x_wconf 84' lang='grc' dir='ltr'>εει</span> <span class='ocrx_word' id='word_1_311' title='bbox 185 3570 391 3650; x_wconf 73' lang='lat' dir='ltr'>respondentis</span> <span class='ocrx_word' id='word_1_312' title='bbox 412 3569 517 3637; x_wconf 83' lang='lat' dir='ltr'>rerba;</span> <span class='ocrx_word' id='word_1_313' title='bbox 543 3589 579 3631; x_wconf 83' lang='lat' dir='ltr'>ex</span> <span class='ocrx_word' id='word_1_314' title='bbox 601 3572 809 3633; x_wconf 91' lang='lat' dir='ltr'>coniunctione</span> <span class='ocrx_word' id='word_1_315' title='bbox 830 3574 1073 3651; x_wconf 84' lang='lat' dir='ltr'>interrogationis</span> <span class='ocrx_word' id='word_1_316' title='bbox 1095 3580 1125 3633; x_wconf 91' lang='lat' dir='ltr'>et</span> <span class='ocrx_word' id='word_1_317' title='bbox 1140 3575 1344 3653; x_wconf 88' lang='lat' dir='ltr'>responsionis</span> <span class='ocrx_word' id='word_1_318' title='bbox 1365 3578 1423 3636; x_wconf 88' lang='lat' dir='ltr'>iam</span> 
     </span>
     <span class='ocr_line' id='line_1_33' title="bbox 137 3672 1424 3756; baseline 0.005 -25"><span class='ocrx_word' id='word_1_319' title='bbox 137 3672 236 3751; x_wconf 88' lang='lat' dir='ltr'>incipit</span> <span class='ocrx_word' id='word_1_320' title='bbox 262 3690 321 3733; x_wconf 94' lang='lat' dir='ltr'>non</span> <span class='ocrx_word' id='word_1_321' title='bbox 350 3690 426 3733; x_wconf 92' lang='lat' dir='ltr'>unus</span> <span class='ocrx_word' id='word_1_322' title='bbox 457 3688 520 3733; x_wconf 79' lang='lat' dir='ltr'>csse</span> <span class='ocrx_word' id='word_1_323' title='bbox 542 3690 655 3743; x_wconf 88' lang='lat' dir='ltr'>sermo,</span> <span class='ocrx_word' id='word_1_324' title='bbox 682 3672 734 3735; x_wconf 89' lang='lat' dir='ltr'>sed</span> <span class='ocrx_word' id='word_1_325' title='bbox 757 3675 840 3753; x_wconf 89' lang='lat' dir='ltr'>quasi</span> <span class='ocrx_word' id='word_1_326' title='bbox 863 3682 1020 3743; x_wconf 82' lang='lat' dir='ltr'>contextus</span> <span class='ocrx_word' id='word_1_327' title='bbox 1047 3694 1155 3736; x_wconf 91' lang='lat' dir='ltr'>sermo.</span> <span class='ocrx_word' id='word_1_328' title='bbox 1201 3676 1320 3756; x_wconf 85' lang='lat' dir='ltr'>quaudo</span> <span class='ocrx_word' id='word_1_329' title='bbox 1343 3679 1424 3738; x_wconf 92' lang='lat' dir='ltr'>simi-</span> 
     </span>
     <span class='ocr_line' id='line_1_34' title="bbox 135 3771 1423 3856; baseline 0.007 -25"><span class='ocrx_word' id='word_1_330' title='bbox 135 3771 198 3835; x_wconf 89' lang='lat' dir='ltr'>liter</span> <span class='ocrx_word' id='word_1_331' title='bbox 221 3774 327 3835; x_wconf 90' lang='lat' dir='ltr'>dicitur</span> <span class='ocrx_word' id='word_1_332' title='bbox 350 3776 427 3853; x_wconf 79' lang='lat' dir='ltr'>‘quo</span> <span class='ocrx_word' id='word_1_333' title='bbox 450 3773 575 3843; x_wconf 75' lang='lat' dir='ltr'>vadbl&#39;,</span> <span class='ocrx_word' id='word_1_334' title='bbox 601 3782 630 3835; x_wconf 89' lang='lat' dir='ltr'>et</span> <span class='ocrx_word' id='word_1_335' title='bbox 651 3785 683 3835; x_wconf 89' lang='lat' dir='ltr'>tu</span> <span class='ocrx_word' id='word_1_336' title='bbox 707 3774 786 3836; x_wconf 91' lang='lat' dir='ltr'>dicas</span> <span class='ocrx_word' id='word_1_337' title='bbox 809 3776 966 3847; x_wconf 75' lang='lat' dir='ltr'>‘Romae’,</span> <span class='ocrx_word' id='word_1_338' title='bbox 990 3784 1083 3837; x_wconf 90' lang='lat' dir='ltr'>totum</span> <span class='ocrx_word' id='word_1_339' title='bbox 1107 3776 1164 3837; x_wconf 90' lang='lat' dir='ltr'>boc</span> <span class='ocrx_word' id='word_1_340' title='bbox 1185 3778 1291 3856; x_wconf 90' lang='lat' dir='ltr'>iunge,</span> <span class='ocrx_word' id='word_1_341' title='bbox 1315 3787 1345 3840; x_wconf 94' lang='lat' dir='ltr'>et</span> <span class='ocrx_word' id='word_1_342' title='bbox 1365 3781 1423 3839; x_wconf 92' lang='lat' dir='ltr'>iam</span> 
     </span>
     <span class='ocr_line' id='line_1_35' title="bbox 138 3874 1425 3960; baseline 0.007 -27"><span class='ocrx_word' id='word_1_343' title='bbox 138 3892 192 3936; x_wconf 90' lang='lat' dir='ltr'>oon</span> <span class='ocrx_word' id='word_1_344' title='bbox 214 3884 259 3937; x_wconf 88' lang='lat' dir='ltr'>est</span> <span class='ocrx_word' id='word_1_345' title='bbox 278 3894 337 3939; x_wconf 89' lang='lat' dir='ltr'>uua</span> <span class='ocrx_word' id='word_1_346' title='bbox 365 3894 435 3956; x_wconf 87' lang='lat' dir='ltr'>pars</span> <span class='ocrx_word' id='word_1_347' title='bbox 464 3878 614 3944; x_wconf 91' lang='lat' dir='ltr'>orationis,</span> <span class='ocrx_word' id='word_1_348' title='bbox 639 3875 691 3937; x_wconf 89' lang='lat' dir='ltr'>sed</span> <span class='ocrx_word' id='word_1_349' title='bbox 715 3874 720 3959; x_wconf 85' lang='grc' dir='ltr'>Ι</span> <span class='ocrx_word' id='word_1_350' title='bbox 743 3877 853 3938; x_wconf 87' lang='lat' dir='ltr'>multae</span> <span class='ocrx_word' id='word_1_351' title='bbox 876 3886 945 3939; x_wconf 91' lang='lat' dir='ltr'>sunt</span> <span class='ocrx_word' id='word_1_352' title='bbox 967 3888 1080 3959; x_wconf 88' lang='lat' dir='ltr'>partes,</span> <span class='ocrx_word' id='word_1_353' title='bbox 1110 3887 1140 3940; x_wconf 89' lang='lat' dir='ltr'>et</span> <span class='ocrx_word' id='word_1_354' title='bbox 1165 3881 1197 3941; x_wconf 92' lang='lat' dir='ltr'>in</span> <span class='ocrx_word' id='word_1_355' title='bbox 1224 3882 1297 3960; x_wconf 89' lang='lat' dir='ltr'>ipsis</span> <span class='ocrx_word' id='word_1_356' title='bbox 1324 3880 1425 3942; x_wconf 90' lang='lat' dir='ltr'>multis</span> 
     </span>
     <span class='ocr_line' id='line_1_36' title="bbox 137 3977 1423 4057; baseline 0.007 -23"><span class='ocrx_word' id='word_1_357' title='bbox 137 3977 236 4039; x_wconf 86' lang='lat' dir='ltr'>u&#39;tium</span> <span class='ocrx_word' id='word_1_358' title='bbox 256 3978 366 4039; x_wconf 89' lang='lat' dir='ltr'>lactum</span> <span class='ocrx_word' id='word_1_359' title='bbox 390 3986 449 4046; x_wconf 79' lang='lat' dir='ltr'>cst:</span> <span class='ocrx_word' id='word_1_360' title='bbox 473 3996 545 4057; x_wconf 92' lang='lat' dir='ltr'>ergo</span> <span class='ocrx_word' id='word_1_361' title='bbox 567 3977 761 4040; x_wconf 88' lang='lat' dir='ltr'>soloecismus</span> <span class='ocrx_word' id='word_1_362' title='bbox 784 3988 836 4041; x_wconf 84' lang='lat' dir='ltr'>est</span> <span class='ocrx_word' id='word_1_363' title='bbox 883 3980 952 4041; x_wconf 86' lang='lat' dir='ltr'>dicit</span> <span class='ocrx_word' id='word_1_364' title='bbox 981 3982 1060 4041; x_wconf 92' lang='lat' dir='ltr'>enim</span> <span class='ocrx_word' id='word_1_365' title='bbox 1083 3980 1295 4043; x_wconf 73' lang='lat' dir='ltr'>‘soloecismus</span> <span class='ocrx_word' id='word_1_366' title='bbox 1318 3990 1362 4044; x_wconf 78' lang='grc' dir='ltr'>εει</span> <span class='ocrx_word' id='word_1_367' title='bbox 1381 3986 1423 4043; x_wconf 84' lang='lat' dir='ltr'>vi·</span> 
     </span>
     <span class='ocr_line' id='line_1_37' title="bbox 107 4079 1424 4162; baseline 0.009 -30"><span class='ocrx_word' id='word_1_368' title='bbox 107 4079 207 4139; x_wconf 76' lang='lat' dir='ltr'>sotium</span> <span class='ocrx_word' id='word_1_369' title='bbox 229 4080 338 4142; x_wconf 84' lang='lat' dir='ltr'>lactum</span> <span class='ocrx_word' id='word_1_370' title='bbox 360 4082 390 4141; x_wconf 93' lang='lat' dir='ltr'>in</span> <span class='ocrx_word' id='word_1_371' title='bbox 413 4086 552 4141; x_wconf 85' lang='lat' dir='ltr'>contextu</span> <span class='ocrx_word' id='word_1_372' title='bbox 574 4082 703 4159; x_wconf 83' lang='lat' dir='ltr'>portium</span> <span class='ocrx_word' id='word_1_373' title='bbox 727 4083 895 4143; x_wconf 84' lang='lat' dir='ltr'>orationis&#39;.</span> <span class='ocrx_word' id='word_1_374' title='bbox 942 4081 1016 4144; x_wconf 89' lang='lat' dir='ltr'>adde</span> <span class='ocrx_word' id='word_1_375' title='bbox 1045 4084 1132 4145; x_wconf 89' lang='lat' dir='ltr'>etiam</span> <span class='ocrx_word' id='word_1_376' title='bbox 1160 4092 1192 4145; x_wconf 91' lang='lat' dir='ltr'>tu</span> <span class='ocrx_word' id='word_1_377' title='bbox 1221 4083 1331 4162; x_wconf 88' lang='lat' dir='ltr'>aliquid</span> <span class='ocrx_word' id='word_1_378' title='bbox 1354 4084 1424 4146; x_wconf 88' lang='lat' dir='ltr'>vali-</span> 
     </span>
     <span class='ocr_line' id='line_1_38' title="bbox 138 4179 1424 4255; baseline 0.005 -15"><span class='ocrx_word' id='word_1_379' title='bbox 138 4179 207 4242; x_wconf 91' lang='lat' dir='ltr'>dius.</span> <span class='ocrx_word' id='word_1_380' title='bbox 252 4184 330 4245; x_wconf 89' lang='lat' dir='ltr'>intus</span> <span class='ocrx_word' id='word_1_381' title='bbox 353 4180 477 4244; x_wconf 87' lang='lat' dir='ltr'>latinum</span> <span class='ocrx_word' id='word_1_382' title='bbox 501 4190 553 4253; x_wconf 90' lang='grc' dir='ltr'><strong>εει,</strong></span> <span class='ocrx_word' id='word_1_383' title='bbox 583 4202 620 4243; x_wconf 92' lang='lat' dir='ltr'>an</span> <span class='ocrx_word' id='word_1_384' title='bbox 643 4184 720 4243; x_wconf 81' lang='lat' dir='ltr'>noni</span> <span class='ocrx_word' id='word_1_385' title='bbox 757 4182 869 4244; x_wconf 87' lang='lat' dir='ltr'>Romae</span> <span class='ocrx_word' id='word_1_386' title='bbox 897 4182 1019 4245; x_wconf 87' lang='lat' dir='ltr'>latinum</span> <span class='ocrx_word' id='word_1_387' title='bbox 1049 4194 1109 4255; x_wconf 91' lang='lat' dir='ltr'>est,</span> <span class='ocrx_word' id='word_1_388' title='bbox 1140 4204 1178 4246; x_wconf 89' lang='lat' dir='ltr'>an</span> <span class='ocrx_word' id='word_1_389' title='bbox 1200 4187 1280 4247; x_wconf 78' lang='lat' dir='ltr'>nont</span> <span class='ocrx_word' id='word_1_390' title='bbox 1313 4185 1424 4249; x_wconf 83' lang='lat' dir='ltr'>salvete</span> 
     </span>
    </p>
   </div>
   <div class='ocr_carea' id='block_1_3' title="bbox 139 4352 1471 4963">
    <p class='ocr_par' dir='ltr' id='par_1_8' title="bbox 139 4352 1425 4699">
     <span class='ocr_line' id='line_1_39' title="bbox 203 4352 1424 4420; baseline 0.005 -19"><span class='ocrx_word' id='word_1_391' title='bbox 203 4354 360 4416; x_wconf 64' lang='lat' dir='ltr'>tquomodo</span> <span class='ocrx_word' id='word_1_392' title='bbox 380 4362 463 4403; x_wconf 82' lang='grc' dir='ltr'><strong>εειεει</strong></span> <span class='ocrx_word' id='word_1_393' title='bbox 482 4353 526 4403; x_wconf 82' lang='lat' dir='ltr'>llnt</span> <span class='ocrx_word' id='word_1_394' title='bbox 545 4353 710 4403; x_wconf 83' lang='lat' dir='ltr'>soloecismus</span> <span class='ocrx_word' id='word_1_395' title='bbox 730 4353 856 4417; x_wconf 88' lang='lat' dir='ltr'>quomodo</span> <span class='ocrx_word' id='word_1_396' title='bbox 878 4352 923 4402; x_wconf 79' lang='lat' dir='ltr'>flet</span> <span class='ocrx_word' id='word_1_397' title='bbox 940 4354 1044 4403; x_wconf 83' lang='lat' dir='ltr'>selrema</span> <span class='ocrx_word' id='word_1_398' title='bbox 1061 4354 1083 4404; x_wconf 83' lang='lat' dir='ltr'><em>S</em></span> <span class='ocrx_word' id='word_1_399' title='bbox 1100 4357 1228 4420; x_wconf 89' lang='lat' dir='ltr'>quomodo</span> <span class='ocrx_word' id='word_1_400' title='bbox 1238 4364 1329 4407; x_wconf 78' lang='lat' dir='ltr'>autem</span> <span class='ocrx_word' id='word_1_401' title='bbox 1348 4356 1424 4407; x_wconf 82' lang='lat' dir='ltr'>iaciat</span> 
     </span>
     <span class='ocr_line' id='line_1_40' title="bbox 139 4420 1423 4489; baseline 0.006 -21"><span class='ocrx_word' id='word_1_402' title='bbox 139 4420 297 4473; x_wconf 84' lang='lat' dir='ltr'>soloecismus</span> <span class='ocrx_word' id='word_1_403' title='bbox 316 4424 444 4486; x_wconf 86' lang='lat' dir='ltr'>quomodo</span> <span class='ocrx_word' id='word_1_404' title='bbox 462 4423 537 4473; x_wconf 78' lang='lat' dir='ltr'>iaciat</span> <span class='ocrx_word' id='word_1_405' title='bbox 555 4422 642 4488; x_wconf 83' lang='lat' dir='ltr'>(iaciat</span> <span class='ocrx_word' id='word_1_406' title='bbox 658 4438 706 4472; x_wconf 84' lang='lat' dir='ltr'>om.</span> <span class='ocrx_word' id='word_1_407' title='bbox 725 4424 753 4487; x_wconf 86' lang='lat' dir='ltr'>e)</span> <span class='ocrx_word' id='word_1_408' title='bbox 770 4424 873 4471; x_wconf 84' lang='lat' dir='ltr'>schema</span> <span class='ocrx_word' id='word_1_409' title='bbox 890 4423 949 4487; x_wconf 85' lang='lat' dir='ltr'>Be,</span> <span class='ocrx_word' id='word_1_410' title='bbox 967 4440 1013 4473; x_wconf 81' lang='lat' dir='ltr'>om.</span> <span class='ocrx_word' id='word_1_411' title='bbox 1035 4424 1055 4474; x_wconf 93' lang='grc'><em>0</em></span> <span class='ocrx_word' id='word_1_412' title='bbox 1073 4428 1199 4489; x_wconf 87' lang='lat' dir='ltr'>quomodo</span> <span class='ocrx_word' id='word_1_413' title='bbox 1216 4438 1300 4478; x_wconf 84' lang='lat' dir='ltr'>autem</span> <span class='ocrx_word' id='word_1_414' title='bbox 1320 4429 1363 4477; x_wconf 88' lang='lat' dir='ltr'>liet</span> <span class='ocrx_word' id='word_1_415' title='bbox 1381 4442 1423 4476; x_wconf 87' lang='lat' dir='ltr'>so-</span> 
     </span>
     <span class='ocr_line' id='line_1_41' title="bbox 140 4490 1424 4558; baseline 0.009 -21"><span class='ocrx_word' id='word_1_416' title='bbox 140 4490 269 4543; x_wconf 84' lang='lat' dir='ltr'>loecismus</span> <span class='ocrx_word' id='word_1_417' title='bbox 285 4494 412 4557; x_wconf 84' lang='lat' dir='ltr'>quomodo</span> <span class='ocrx_word' id='word_1_418' title='bbox 430 4508 515 4544; x_wconf 84' lang='lat' dir='ltr'>scema</span> <span class='ocrx_word' id='word_1_419' title='bbox 534 4492 557 4541; x_wconf 92' lang='lat' dir='ltr'><em>P</em></span> <span class='ocrx_word' id='word_1_420' title='bbox 625 4494 642 4543; x_wconf 85' lang='lat' dir='ltr'>u</span> <span class='ocrx_word' id='word_1_421' title='bbox 658 4492 750 4558; x_wconf 88' lang='lat' dir='ltr'>redigit</span> <span class='ocrx_word' id='word_1_422' title='bbox 768 4491 845 4543; x_wconf 84' lang='lat' dir='ltr'>BOS</span> <span class='ocrx_word' id='word_1_423' title='bbox 915 4492 930 4541; x_wconf 85' lang='lat'><strong>7</strong></span> <span class='ocrx_word' id='word_1_424' title='bbox 953 4494 1054 4543; x_wconf 82' lang='lat' dir='ltr'>lucillus</span> <span class='ocrx_word' id='word_1_425' title='bbox 1073 4495 1114 4546; x_wconf 81' lang='lat' dir='ltr'>Ob</span> <span class='ocrx_word' id='word_1_426' title='bbox 1133 4496 1229 4545; x_wconf 75' lang='lat' dir='ltr'>lucilius</span> <span class='ocrx_word' id='word_1_427' title='bbox 1245 4496 1272 4547; x_wconf 84' lang='lat' dir='ltr'><em>B</em></span> <span class='ocrx_word' id='word_1_428' title='bbox 1288 4496 1369 4547; x_wconf 84' lang='lat' dir='ltr'>lucius</span> <span class='ocrx_word' id='word_1_429' title='bbox 1387 4498 1424 4548; x_wconf 84' lang='lat' dir='ltr'>S:</span> 
     </span>
     <span class='ocr_line' id='line_1_42' title="bbox 140 4558 1424 4629; baseline 0.006 -22"><span class='ocrx_word' id='word_1_430' title='bbox 140 4558 216 4621; x_wconf 85' lang='lat' dir='ltr'>lucius</span> <span class='ocrx_word' id='word_1_431' title='bbox 229 4563 263 4612; x_wconf 83' lang='lat' dir='ltr'>sr&#39;r</span> <span class='ocrx_word' id='word_1_432' title='bbox 281 4564 314 4612; x_wconf 88' lang='lat' dir='ltr'>d’</span> <span class='ocrx_word' id='word_1_433' title='bbox 333 4562 371 4627; x_wconf 80' lang='grc' dir='ltr'>(Ιι.</span> <span class='ocrx_word' id='word_1_434' title='bbox 386 4578 409 4613; x_wconf 83' lang='lat' dir='ltr'>e.</span> <span class='ocrx_word' id='word_1_435' title='bbox 429 4562 505 4627; x_wconf 78' lang='lat' dir='ltr'>dixit)</span> <span class='ocrx_word' id='word_1_436' title='bbox 523 4571 546 4612; x_wconf 88' lang='grc' dir='ltr'>ει</span> <span class='ocrx_word' id='word_1_437' title='bbox 564 4568 681 4613; x_wconf 82' lang='lat' dir='ltr'>numeret</span> <span class='ocrx_word' id='word_1_438' title='bbox 698 4576 786 4612; x_wconf 80' lang='lat' dir='ltr'>omnes</span> <span class='ocrx_word' id='word_1_439' title='bbox 804 4570 894 4611; x_wconf 83' lang='lat' dir='ltr'>extens</span> <span class='ocrx_word' id='word_1_440' title='bbox 912 4562 975 4611; x_wconf 86' lang='lat' dir='ltr'>liber</span> <span class='ocrx_word' id='word_1_441' title='bbox 992 4566 1074 4629; x_wconf 84' lang='lat' dir='ltr'>ipsius</span> <span class='ocrx_word' id='word_1_442' title='bbox 1092 4566 1155 4615; x_wconf 90' lang='lat' dir='ltr'>dicit</span> <span class='ocrx_word' id='word_1_443' title='bbox 1172 4566 1236 4615; x_wconf 89' lang='lat' dir='ltr'>illud</span> <span class='ocrx_word' id='word_1_444' title='bbox 1253 4580 1311 4615; x_wconf 88' lang='lat' dir='ltr'>num</span> <span class='ocrx_word' id='word_1_445' title='bbox 1331 4568 1367 4617; x_wconf 83' lang='lat' dir='ltr'>ait</span> <span class='ocrx_word' id='word_1_446' title='bbox 1386 4568 1424 4617; x_wconf 84' lang='lat' dir='ltr'>sic</span> 
     </span>
     <span class='ocr_line' id='line_1_43' title="bbox 141 4631 1425 4699; baseline 0.006 -22"><span class='ocrx_word' id='word_1_447' title='bbox 141 4631 201 4681; x_wconf 78' lang='lat' dir='ltr'>adde</span> <span class='ocrx_word' id='word_1_448' title='bbox 214 4632 390 4684; x_wconf 77' lang='lat' dir='ltr'>soloecismum</span> <span class='ocrx_word' id='word_1_449' title='bbox 409 4648 505 4699; x_wconf 82' lang='lat' dir='ltr'>genera</span> <span class='ocrx_word' id='word_1_450' title='bbox 522 4642 597 4696; x_wconf 83' lang='lat' dir='ltr'>atque</span> <span class='ocrx_word' id='word_1_451' title='bbox 612 4633 734 4683; x_wconf 83' lang='lat' dir='ltr'>uocabula</span> <span class='ocrx_word' id='word_1_452' title='bbox 753 4640 778 4681; x_wconf 87' lang='lat' dir='ltr'>et</span> <span class='ocrx_word' id='word_1_453' title='bbox 796 4641 898 4681; x_wconf 80' lang='lat' dir='ltr'>currrmt</span> <span class='ocrx_word' id='word_1_454' title='bbox 912 4634 938 4681; x_wconf 85' lang='lat' dir='ltr'><em>P</em></span> <span class='ocrx_word' id='word_1_455' title='bbox 1005 4634 1023 4684; x_wconf 86' lang='lat'>8</span> <span class='ocrx_word' id='word_1_456' title='bbox 1039 4636 1176 4685; x_wconf 83' lang='lat' dir='ltr'>errrrmerar&#39;r</span> <span class='ocrx_word' id='word_1_457' title='bbox 1191 4636 1216 4685; x_wconf 87' lang='lat' dir='ltr'><em>B</em></span> <span class='ocrx_word' id='word_1_458' title='bbox 1234 4646 1366 4687; x_wconf 85' lang='lat' dir='ltr'>enumerat</span> <span class='ocrx_word' id='word_1_459' title='bbox 1380 4637 1425 4686; x_wconf 80' lang='lat' dir='ltr'>OS</span> 
     </span>
    </p>

    <p class='ocr_par' dir='ltr' id='par_1_9' title="bbox 142 4700 1471 4963">
     <span class='ocr_line' id='line_1_44' title="bbox 205 4700 1424 4758; baseline 0.002 -6"><span class='ocrx_word' id='word_1_460' title='bbox 205 4702 239 4755; x_wconf 87' lang='lat'>10</span> <span class='ocrx_word' id='word_1_461' title='bbox 256 4702 318 4753; x_wconf 84' lang='lat' dir='ltr'>udde</span> <span class='ocrx_word' id='word_1_462' title='bbox 338 4703 490 4755; x_wconf 85' lang='lat' dir='ltr'>soloecismo</span> <span class='ocrx_word' id='word_1_463' title='bbox 509 4700 553 4753; x_wconf 80' lang='grc'>08</span> <span class='ocrx_word' id='word_1_464' title='bbox 575 4704 641 4753; x_wconf 82' lang='lat' dir='ltr'>addo</span> <span class='ocrx_word' id='word_1_465' title='bbox 662 4702 868 4753; x_wconf 85' lang='lat' dir='ltr'>soloecismosB</span> <span class='ocrx_word' id='word_1_466' title='bbox 937 4703 968 4754; x_wconf 92' lang='lat' dir='ltr'>ll</span> <span class='ocrx_word' id='word_1_467' title='bbox 988 4713 1093 4754; x_wconf 88' lang='lat' dir='ltr'>currunt</span> <span class='ocrx_word' id='word_1_468' title='bbox 1111 4705 1151 4755; x_wconf 81' lang='lat' dir='ltr'>Ob</span> <span class='ocrx_word' id='word_1_469' title='bbox 1175 4706 1251 4755; x_wconf 87' lang='lat' dir='ltr'>currit</span> <span class='ocrx_word' id='word_1_470' title='bbox 1267 4705 1293 4755; x_wconf 89' lang='lat' dir='ltr'><em>B</em></span> <span class='ocrx_word' id='word_1_471' title='bbox 1301 4705 1323 4755; x_wconf 88' lang='lat' dir='ltr'><em>S</em></span> <span class='ocrx_word' id='word_1_472' title='bbox 1390 4708 1424 4758; x_wconf 87' lang='grc'>14</span> 
     </span>
     <span class='ocr_line' id='line_1_45' title="bbox 142 4770 1471 4843; baseline 0.005 -24"><span class='ocrx_word' id='word_1_473' title='bbox 142 4770 234 4821; x_wconf 85' lang='lat' dir='ltr'>duobus</span> <span class='ocrx_word' id='word_1_474' title='bbox 247 4772 383 4825; x_wconf 57' lang='lat' dir='ltr'>omues</span> <span class='ocrx_word' id='word_1_475' title='bbox 452 4773 486 4823; x_wconf 81' lang='grc'>26</span> <span class='ocrx_word' id='word_1_476' title='bbox 503 4772 623 4822; x_wconf 84' lang='lat' dir='ltr'>salutabit</span> <span class='ocrx_word' id='word_1_477' title='bbox 641 4782 665 4822; x_wconf 88' lang='lat' dir='ltr'>te</span> <span class='ocrx_word' id='word_1_478' title='bbox 681 4771 839 4823; x_wconf 81' lang='lat' dir='ltr'>unusBCS</span> <span class='ocrx_word' id='word_1_479' title='bbox 854 4772 950 4821; x_wconf 81' lang='lat' dir='ltr'>salutas</span> <span class='ocrx_word' id='word_1_480' title='bbox 969 4775 1085 4824; x_wconf 88' lang='lat' dir='ltr'>unumP</span> <span class='ocrx_word' id='word_1_481' title='bbox 1152 4772 1185 4826; x_wconf 81' lang='lat'>31</span> <span class='ocrx_word' id='word_1_482' title='bbox 1205 4774 1330 4843; x_wconf 87' lang='lat' dir='ltr'>similiter]</span> <span class='ocrx_word' id='word_1_483' title='bbox 1347 4778 1423 4826; x_wconf 85' lang='lat' dir='ltr'>simul</span> <span class='ocrx_word' id='word_1_484' title='bbox 1469 4801 1471 4804; x_wconf 96' lang='lat'>·</span> 
     </span>
     <span class='ocr_line' id='line_1_46' title="bbox 142 4840 1423 4897; baseline 0.005 -9"><span class='ocrx_word' id='word_1_485' title='bbox 142 4840 211 4890; x_wconf 78' lang='lat' dir='ltr'>BOS</span> <span class='ocrx_word' id='word_1_486' title='bbox 277 4843 309 4896; x_wconf 80' lang='grc'>36</span> <span class='ocrx_word' id='word_1_487' title='bbox 327 4853 371 4893; x_wconf 93' lang='grc' dir='ltr'>εει</span> <span class='ocrx_word' id='word_1_488' title='bbox 389 4858 440 4894; x_wconf 86' lang='grc' dir='ltr'>εοε</span> <span class='ocrx_word' id='word_1_489' title='bbox 454 4858 539 4893; x_wconf 85' lang='lat' dir='ltr'>romae</span> <span class='ocrx_word' id='word_1_490' title='bbox 558 4843 664 4893; x_wconf 88' lang='lat' dir='ltr'>latinum</span> <span class='ocrx_word' id='word_1_491' title='bbox 682 4850 721 4893; x_wconf 88' lang='lat' dir='ltr'>est</span> <span class='ocrx_word' id='word_1_492' title='bbox 737 4850 780 4891; x_wconf 89' lang='lat' dir='ltr'>aut</span> <span class='ocrx_word' id='word_1_493' title='bbox 798 4856 847 4892; x_wconf 92' lang='lat' dir='ltr'>non</span> <span class='ocrx_word' id='word_1_494' title='bbox 868 4842 965 4891; x_wconf 82' lang='lat' dir='ltr'>aulneto</span> <span class='ocrx_word' id='word_1_495' title='bbox 986 4844 1091 4893; x_wconf 84' lang='lat' dir='ltr'>latinum</span> <span class='ocrx_word' id='word_1_496' title='bbox 1111 4853 1150 4894; x_wconf 88' lang='lat' dir='ltr'>est</span> <span class='ocrx_word' id='word_1_497' title='bbox 1168 4852 1212 4894; x_wconf 88' lang='lat' dir='ltr'>ant</span> <span class='ocrx_word' id='word_1_498' title='bbox 1229 4860 1279 4895; x_wconf 94' lang='lat' dir='ltr'>non</span> <span class='ocrx_word' id='word_1_499' title='bbox 1294 4845 1316 4895; x_wconf 87' lang='lat' dir='ltr'><em>S</em></span> <span class='ocrx_word' id='word_1_500' title='bbox 1332 4855 1423 4897; x_wconf 83' lang='lat' dir='ltr'>utnon</span> 
     </span>
     <span class='ocr_line' id='line_1_47' title="bbox 144 4912 987 4963; baseline 0.006 -5"><span class='ocrx_word' id='word_1_501' title='bbox 144 4924 221 4961; x_wconf 86' lang='lat' dir='ltr'>romae</span> <span class='ocrx_word' id='word_1_502' title='bbox 243 4912 342 4963; x_wconf 89' lang='lat' dir='ltr'>latinum</span> <span class='ocrx_word' id='word_1_503' title='bbox 362 4924 400 4963; x_wconf 84' lang='lat' dir='ltr'>est</span> <span class='ocrx_word' id='word_1_504' title='bbox 419 4922 444 4963; x_wconf 84' lang='grc' dir='ltr'>ει</span> <span class='ocrx_word' id='word_1_505' title='bbox 462 4928 512 4963; x_wconf 89' lang='lat' dir='ltr'>nou</span> <span class='ocrx_word' id='word_1_506' title='bbox 531 4913 628 4963; x_wconf 75' lang='lat' dir='ltr'>saluere</span> <span class='ocrx_word' id='word_1_507' title='bbox 647 4913 749 4963; x_wconf 83' lang='lat' dir='ltr'>latinum</span> <span class='ocrx_word' id='word_1_508' title='bbox 768 4922 806 4962; x_wconf 87' lang='grc' dir='ltr'>εει</span> <span class='ocrx_word' id='word_1_509' title='bbox 823 4921 848 4961; x_wconf 87' lang='grc' dir='ltr'>ει</span> <span class='ocrx_word' id='word_1_510' title='bbox 866 4926 915 4961; x_wconf 92' lang='lat' dir='ltr'>non</span> <span class='ocrx_word' id='word_1_511' title='bbox 935 4912 987 4963; x_wconf 82' lang='lat' dir='ltr'>BG</span> 
     </span>
    </p>
   </div>
   <div class='ocr_carea' id='block_1_4' title="bbox 189 4998 1222 5063">
    <p class='ocr_par' dir='ltr' id='par_1_10' title="bbox 189 4998 1222 5063">
     <span class='ocr_line' id='line_1_48' title="bbox 189 4998 1222 5063; baseline -0.001 -18"><span class='ocrx_word' id='word_1_512' title='bbox 189 5002 358 5047; x_wconf 80' lang='lat' dir='ltr'>cnannnncr</span> <span class='ocrx_word' id='word_1_513' title='bbox 373 5004 464 5047; x_wconf 76' lang='lat' dir='ltr'>muru</span> <span class='ocrx_word' id='word_1_514' title='bbox 479 5006 506 5045; x_wconf 93' lang='lat' dir='ltr'>v.</span> <span class='ocrx_word' id='word_1_515' title='bbox 1183 4998 1222 5063; x_wconf 86' lang='lat'>19</span> 
     </span>
    </p>
   </div>
   <div class='ocr_carea' id='block_1_5' title="bbox 0 0 1768 5600">
    <p class='ocr_par' dir='ltr' id='par_1_11' title="bbox 0 0 1768 5600">
     <span class='ocr_line' id='line_1_49' title="bbox 0 0 1768 5600; baseline 0 2"><span class='ocrx_word' id='word_1_516' title='bbox 0 0 1768 5600; x_wconf 95' lang='lat' dir='ltr'> </span> 
     </span>
    </p>
   </div>
  </div>
 </body>
</html>
