3525 5600
309 405 353 470 20
869 403 1044 469 ttAEuut'tt

336 529 358 569 p.
372 515 473 556 idid-ld
485 514 509 555 P.

215 599 385 667 statumen,
409 596 459 656 ille
481 597 579 656 suavis
602 603 646 655 est
667 593 777 655 auditu.
805 627 839 637 -
864 591 1129 674 Partioipialia
1153 592 1260 653 verlra
1282 601 1382 654 sunt:
1406 594 1474 672 quia
1497 591 1601 654 similia

267 705 378 760 insunt
399 697 525 776 gerundi
548 696 636 756 verba
657 697 821 775 participiis
847 697 941 758 loturi
962 698 1106 776 temporis
1129 715 1143 756 a
1167 697 1294 774 passivo.
1328 729 1362 740 -
1393 695 1601 774 l‘articipiu

310 799 512 862 trahuntur
533 819 549 860 a
573 797 684 860 verbo
706 791 842 859 activo:
865 801 1022 878 participia
1044 798 1177 876 regulam
1201 799 1424 876 significationis
1446 817 1517 858 suae
1540 815 1601 857 ser·

266 905 379 964 18vant
401 903 516 982 etipsa
537 905 634 962 autum
657 900 871 961 demonstrant
900 935 934 944 -
966 901 1008 962 Et
1030 901 1229 961 ulteriore:
1260 898 1272 983 ll
1297 901 1365 980 quia
1388 899 1444 961 dua
1468 908 1602 978 tempora

310 1003 420 1065 liabent
441 1003 565 1064 ulterius
593 1009 728 1082 tempus,
758 1001 852 1064 lectus
873 1003 918 1063 lui
941 1010 1009 1063 ante
1032 1003 1149 1072 horam,
1175 999 1179 1083 l
1203 1003 1292 1063 etiarn
1315 1010 1383 1063 ante
1405 1001 1479 1062 duas
1502 1001 1629 1070 hornan

264 1110 296 1157 ‘22
309 1105 439 1167 ostendit
466 1113 630 1165 retrorsum
659 1112 792 1183 tempus,
822 1104 932 1166 lectum
956 1103 1009 1165 tibi
1033 1111 1109 1175 erat,
1133 1103 1242 1164 lectum
1265 1104 1318 1164 tibi
1339 1105 1445 1166 luerat.
1474 1139 1509 1148 —-
1534 1103 1600 1164 Le·

309 1211 411 1286 geris
432 1207 488 1267 vel
511 1207 654 1284 legere:
677 1209 720 1268 sic
742 1205 879 1274 abutere;
902 1207 1034 1288 quamvis
1057 1207 1096 1268 sit
1118 1205 1221 1268 tertiae
1243 1215 1398 1286 correptae
1421 1207 1602 1284 coniugatio-

310 1311 370 1378 nis,
399 1317 498 1370 tamen
527 1327 544 1370 ε
571 1308 761 1390 producenda
791 1311 851 1378 est,
875 1311 943 1389 quia
965 1309 1164 1370 elocutionem
1191 1307 1305 1387 implet.
1347 1308 1500 1370 sciendum
1531 1326 1602 1368 sane

209 1457 213 1464 .
311 1411 388 1492 quod
411 1411 529 1490 regulas
550 1429 641 1492 super
663 1413 764 1473 luturo
786 1411 936 1472 indicativi
960 1418 1020 1472 tam
1041 1412 1072 1471 in
1095 1411 1211 1490 passivo
1226 1428 1313 1490 quam
1336 1410 1368 1469 in
1390 1411 1542 1471 communi
1557 1408 1602 1469 rel

310 1514 484 1594 deponenti,
513 1522 573 1574 tam
601 1515 631 1574 in
659 1515 755 1593 prima
783 1511 927 1592 producta
955 1530 1043 1592 quam
1072 1513 1103 1572 in
1131 1511 1259 1574 soconda
1288 1511 1431 1590 producta
1459 1531 1547 1591 quarn
1570 1515 1601 1572 in
1617 1531 1643 1570 ιο

311 1619 677 1694 tertia-correptaquam
704 1617 736 1676 in
763 1626 866 1695 quarta
895 1614 1037 1694 producta
1065 1614 1202 1676 similiter
1228 1615 1412 1696 ponendum,
1436 1624 1469 1702 ut
1490 1614 1602 1694 prober

310 1717 448 1796 proberis
470 1718 516 1779 vel
540 1716 669 1796 prebere
691 1716 844 1796 probetur,
867 1717 976 1779 docear
1000 1715 1117 1779 doceris
1139 1715 1186 1778 vel
1208 1717 1316 1778 docere
1338 1717 1475 1786 docetur,
1500 1715 1601 1776 audia-

264 1827 375 1882 23mur
402 1819 562 1880 audiamini
589 1818 755 1880 audiantur.
788 1853 825 1864 -
854 1819 903 1880 lld
932 1818 1135 1880 secundam
1159 1827 1194 1880 et
1215 1822 1363 1882 tertiam
1387 1837 1600 1899 personam:

309 1923 449 2002 quoniam
475 1921 601 2000 primam
635 1939 693 1981 non
727 1919 830 1990 habet,
864 1920 1010 2000 siquidem
1043 1920 1099 1981 sibi
1130 1940 1218 1983 nemo
1250 1929 1349 2001 potest
1377 1923 1535 2002 imperare.
1563 1955 1599 1964 -

262 2026 446 2086 totorum
468 2005 619 2101 legitor:
644 2043 662 2079 a
689 2022 832 2102 probator
854 2022 1045 2103 probaminor
1064 2025 1069 2098 Ι
1089 2022 1269 2102 probuntor;
1292 2026 1335 2085 sic
1358 2043 1373 2084 a
1394 2023 1523 2086 secunda
1547 2021 1600 2082 do·
1617 2043 1641 2082 aa

309 2134 392 2187 ector
420 2125 542 2185 docetor
570 2123 741 2186 doceminor
768 2124 946 2192 doceuntom
974 2127 1017 2184 sic
1045 2143 1060 2184 a
1091 2133 1194 2205 (peracta
1228 2127 1435 2204 coniugatione
1456 2126 1601 2206 producta

309 2227 425 2288 auditor
453 2227 572 2288 auditor
598 2227 765 2288 audiminor
793 2227 961 2288 audiuntur.
1007 2229 1065 2288 iarn
1093 2229 1268 2307 peremnia
1291 2227 1379 2289 verba
1402 2229 1475 2288 haec
1499 2227 1601 2306 regula

263 2331 451 2410 aasequttur.
475 2364 512 2374 -
538 2326 711 2408 Optatiro
733 2329 853 2391 modo:
883 2331 1029 2410 optativus
1053 2338 1097 2390 est
1118 2331 1239 2410 proprie
1259 2333 1426 2406 praesentis
1447 2333 1600 2407 temporis.

308 2431 386 2512 quod
412 2433 564 2511 praesenti
593 2440 728 2510 ternpore
756 2440 906 2512 optamus;
935 2435 974 2492 ita
1003 2432 1146 2494 llonatus:
1182 2451 1249 2494 narn
1277 2431 1393 2494 Probus
1422 2439 1451 2493 et
1473 2431 1601 2494 Sabinus

306 2537 350 2594 sic
371 2532 474 2595 volunt
496 2532 639 2594 declinari
667 2535 829 2612 optativum
856 2553 912 2614 per
934 2533 1048 2613 singula
1066 2543 1215 2616 tempora,
1239 2553 1298 2614 quo
1321 2535 1410 2595 modo
1432 2535 1598 2594 coniuncti·
1614 2555 1640 2592 so

309 2655 391 2706 vum,
414 2645 447 2697 ut
467 2633 615 2714 Vergilius
636 2636 916 2715 ‘fecissentque
937 2639 1104 2698 utinam'.
1137 2637 1298 2698 notandum
1321 2655 1359 2698 uo
1381 2655 1440 2717 quio
1462 2645 1600 2716 tempore

308 2741 421 2801 cunam
436 2755 491 2798 neu
505 2739 537 2797 in
552 2736 695 2816 singulari
711 2756 766 2800 nec
787 2740 817 2798 in
840 2737 947 2819 plurali
970 2741 1065 2819 prima
1087 2759 1212 2820 persona
1229 2739 1402 2820 ponendum
1426 2741 1472 2801 sit.
1493 2773 1530 2784 —
1547 2739 1598 2798 Vl-

309 2844 402 2902 terius
417 2840 525 2901 dicitur
540 2839 619 2919 quod
635 2848 704 2919 post
717 2859 858 2919 praesens
880 2849 940 2911 est,
964 2844 1031 2921 noia
1054 2844 1248 2921 praeteritum
1264 2862 1330 2903 esse
1345 2844 1544 2921 cognoscitur.
1561 2876 1597 2885 -

191 2954 248 3011 sua,
263 2945 295 2998 10
307 2944 373 3023 lpse
402 2951 447 3003 est
473 2941 579 3003 modus
604 2944 820 3013 coniunctirus,
843 2944 922 3023 quod
947 2954 992 3005 est
1019 2954 1134 3025 tempus
1157 2945 1246 3005 loturi
1269 2946 1398 3024 optativi.
1422 2978 1458 2989 -
1484 2944 1598 3004 Futu-

307 3064 385 3107 rum
413 3044 546 3105 lectum
569 3046 628 3104 iri:
652 3046 768 3105 iuturus
789 3044 825 3106 alt
849 3048 943 3107 activo
967 3050 995 3107 in
1021 3068 1051 3115 e,
1075 3066 1090 3107 a
1110 3050 1228 3126 passivo
1252 3050 1281 3108 in
1306 3050 1314 3107 i
1339 3047 1469 3127 [luiturus
1492 3032 1598 3107 taurini
1614 3066 1639 3105 ea

307 3147 345 3207 alr
364 3149 458 3208 activo
483 3147 486 3226 1
511 3148 541 3206 in
565 3166 597 3216 ε,
621 3166 636 3205 a
660 3149 774 3226 passivo
797 3149 825 3207 in
849 3147 883 3227 i].
916 3182 950 3191 —
983 3148 1188 3228 Participia
1216 3150 1414 3211 trahuntur
1442 3168 1458 3209 a
1486 3146 1598 3207 verbo

307 3252 456 3327 passivo
478 3248 561 3309 duo:
585 3250 739 3329 participia
762 3251 985 3328 significationis
1007 3269 1076 3311 suae
1099 3251 1280 3311 intellectum
1304 3258 1455 3314 secuntur.

822 3420 871 3481 llll
892 3419 1079 3482 autunum

390 3537 568 3599 Aduerbium
590 3539 701 3599 dictum
724 3546 769 3599 est
791 3540 873 3609 ideo,
903 3540 980 3619 ‹prrod
1004 3542 1193 3603 coniunctum
1217 3541 1306 3601 verbo
1329 3542 1386 3601 vitu
1410 3543 1474 3602 eius
1497 3540 1597 3619 expla-

307 3649 358 3702 net
379 3650 409 3701 et
430 3640 560 3719 impleat.
591 3660 658 3700 nam
681 3660 748 3701 curn
772 3641 838 3701 drcn
861 3641 943 3717 lego,
968 3660 1023 3723 ιιεε
1046 3642 1153 3703 dicitur
1175 3662 1262 3722 ciuem
1286 3643 1321 3703 ad
1345 3643 1465 3703 modum
1489 3642 1596 3720 legana,
1612 3664 1638 3703 ao

307 3744 359 3803 sed
383 3744 497 3803 adiectu
521 3742 660 3803 adverbio
683 3744 874 3821 exprimitur,
905 3750 936 3804 ut
957 3753 1026 3823 prun
1050 3743 1132 3804 verbi
1155 3747 1249 3823 gratia
1271 3744 1354 3825 ΙιειιεΙ
1370 3744 1437 3823 lego
1459 3764 1496 3805 an
1520 3744 1597 3805 male

263 3846 382 3923 ttlcgo.
406 3880 443 3890 -
467 3845 725 3922 significatio:
755 3846 929 3923 significatio
958 3854 1003 3905 est
1024 3864 1099 3924 quae
1121 3845 1229 3925 probat
1251 3866 1266 3905 a
1290 3866 1321 3907 se
1344 3846 1482 3909 adverbia
1507 3844 1518 3927 l]
1544 3847 1597 3908 de-

305 3947 463 4016 scendere,
488 3954 517 4006 et
537 3947 697 4023 significari
719 3948 803 4007 cuius
825 3948 893 4007 sint.
921 3981 955 3989 —
987 3948 1225 4026 Conparatio:
1255 3950 1297 4008 sic
1319 3956 1522 4029 conparantur
1545 3948 1597 4011 ad·

375 4154 438 4203 Cod.
458 4151 538 4201 Bern.
560 4152 592 4201 lll
608 4150 700 4203 3-4*.
773 4152 931 4217 2participii
951 4152 1026 4201 luituri
1097 4150 1113 4201 3
1131 4160 1245 4202 trauntur
1314 4156 1329 4203 d
1350 4156 1431 4219 ipsam
1450 4170 1518 4205 carr.
1540 4155 1597 4219 ipsa

373 4226 523 4272 dentosum
543 4238 612 4271 corr.
631 4224 746 4274 ulman.
767 4234 824 4269 ante
843 4221 932 4270 noram
1003 4223 1067 4271 cliens
1086 4237 1143 4271 oras
1213 4222 1349 4289 tilegetnr
1372 4225 1435 4273 nelle
1455 4225 1541 4289 legere
1559 4226 1597 4275 sic

303 4292 449 4363 lrabutere·
473 4291 528 4357 8e]
547 4301 571 4341 et
623 4290 735 4340 lllouui
789 4292 820 4339 15
838 4301 957 4355 pronatur
974 4292 1137 4357 pronominor
1154 4300 1301 4357 promuntur
1354 4294 1543 4346 lttdociminor

307 4363 338 4411 17
358 4364 496 4413 audiuntur
568 4362 600 4412 18
618 4362 735 4425 propriae
753 4362 822 4424 quod
910 4361 941 4411 ru
960 4362 1064 4411 sumnus
1081 4378 1149 4415 corr.
1168 4364 1271 4412 sabinus
1357 4367 1389 4413 '2'2
1408 4365 1526 4429 ponenda

305 4434 337 4481 27
356 4434 558 4499 significationes
628 4432 662 4483 23
679 4431 799 4496 explanat
868 4432 903 4483 30
918 4432 1024 4482 discitur
1042 4446 1111 4485 corr.
1132 4434 1223 4483 dicitnr
1293 4436 1324 4485 31
1345 4435 1443 4486 abiecto
1462 4436 1566 4485 obertio

305 4552 605 4563 ——.-——-—-——-

376 4623 407 4673 12
433 4622 525 4673 docear
552 4620 671 4670 docearis
692 4619 730 4668 rel
758 4620 864 4671 doceare
883 4620 1004 4670 doceatur
1022 4622 1164 4675 Putrelrius.
1190 4626 1237 4674 ced
1257 4641 1289 4674 ae
1306 4628 1343 4675 sic
1360 4624 1455 4691 quidem
1473 4632 1594 4687 romapta

304 4692 381 4745 verda
401 4696 465 4743 antia
486 4694 616 4743 emendata
640 4707 696 4740 esse
718 4690 840 4751 adparet,
864 4706 1009 4756 quamquam
1032 4695 1210 4744 coniunctiorem
1233 4698 1377 4757 praeseutia
1393 4708 1442 4757 pro
1460 4695 1594 4745 indication

301 4766 385 4827 factata-i
400 4765 455 4826 ipse
470 4764 646 4826 praenotatione
665 4763 781 4823 purumne
797 4761 896 4809 ridetur·
967 4762 998 4811 15
1023 4766 1137 4813 lacurnam
1152 4764 1268 4827 indicaui,
1287 4782 1337 4830 praa
1352 4766 1441 4829 repula
1454 4765 1596 4827 imparatior*

301 4834 384 4897 staturi
394 4833 491 4881 excidit
561 4832 593 4881 tu
611 4828 718 4896 Probus]
740 4832 774 4893 ef.
787 4831 873 4895 praes.
891 4832 936 4879 ool.
958 4832 1001 4883 llll
1021 4851 1046 4897 p.
1066 4832 1139 4883 Xllll
1210 4836 1242 4884 21
1259 4832 1399 4901 Vergilius]
1417 4836 1482 4885 Aen.
1503 4836 1524 4883 ll
1546 4834 1594 4885 llll

372 4902 406 4955 33
426 4911 451 4951 et
468 4902 606 4967 sigrrillaati
623 4902 695 4953 cuins
715 4900 855 4950 Pmacdiue.
870 4900 987 4963 sortasse
1004 4913 1028 4954 et
1047 4906 1119 4953 cuins
1138 4904 1189 4953 sint
1206 4905 1401 4971 significationis
