3525 5600
769 331 841 394 Ans
1389 336 1454 403 445

164 519 240 581 haec
261 514 387 600 scripta
408 523 485 579 sunt
506 525 582 582 ante
604 515 724 582 librum
746 517 954 602 grammatici
960 535 970 600 ,·
999 523 1118 601 Septem
1139 529 1386 589 circumstantiae
1406 546 1453 589 re-

164 621 326 698 quirendae
346 627 416 682 sant
436 623 467 680 in
490 640 554 683 una
575 639 695 698 qaoqsee
717 630 799 702 arte,
822 626 856 685 id
874 634 920 685 est
938 628 1023 686 locas
1049 633 1166 704 tempus
1183 645 1315 706 persona
1334 630 1453 703 factum

165 741 255 784 causa
276 725 381 784 modus
399 723 539 796 facultas
561 728 608 785 acl
628 729 784 786 materies:
806 729 891 788 locus
913 743 974 802 qao
991 727 1084 797 facto
1104 738 1160 808 cst,
1183 738 1297 807 tompus
1318 735 1451 808 quando,

162 842 293 903 persona
321 828 388 901 auis
413 825 503 903 facit,
528 826 648 900 fuctum
676 829 751 902 quid
774 827 866 901 fecit,
897 846 992 890 causa
1021 848 1081 906 quo
1102 832 1298 910 madefecit,
1319 833 1455 906 facultas

165 931 209 990 vel
227 931 368 988 materies
390 928 575 1001 antefecit.
606 945 685 1004 quae
705 936 815 1006 septem
839 932 883 990 ita
904 936 1086 994 conueniunt
1107 935 1177 996 huic
1197 936 1286 996 libro.
1325 943 1454 1012 ternpus:

164 1035 192 1092 in
213 1036 345 1106 ternpore
360 1031 476 1090 Iuliani
495 1033 640 1104 consulu,
657 1033 740 1106 quoa
759 1033 831 1092 inde
852 1033 1064 1109 intellepimus,
1089 1039 1161 1111 ania
1183 1038 1367 1116 1161610606,
1389 1056 1452 1097 ma-

163 1138 253 1210 pister
276 1133 401 1211 Euticu,
424 1133 608 1209 temporibus
628 1135 760 1194 eiusdem
783 1135 899 1195 Iuliam
913 1134 988 1208 fail.
1021 1154 1174 1213 persona:
1203 1141 1303 1201 llatae
1325 1123 1453 1202 66166-

164 1240 249 1312 licus,
273 1238 327 1310 qui
346 1238 566 1310 interpretatur
583 1234 762 1308 fortunatus
785 1237 831 1296 uel
854 1237 937 1308 felia
959 1239 1007 1299 ael
1026 1240 1120 1300 bonus
1140 1247 1257 1316 textor,
1287 1246 1360 1318 quia
1382 1244 1454 1303 bene

164 1346 190 1398 et
206 1335 342 1409 feliciter
363 1339 460 1398 texuit
484 1339 609 1412 reputas
629 1339 850 1412 prammalicae
871 1342 958 1400 artis.
999 1339 1120 1412 factum
1142 1344 1210 1418 ipsa
1232 1360 1285 1403 ars
1306 1347 1452 1419 intellepi-

164 1449 218 1500 tnr.
263 1437 374 1513 causo,
402 1442 474 1514 quio
497 1440 655 1512 Craterus,
679 1455 752 1499 suus
774 1440 957 1518 discipulus,
976 1443 1149 1517 postulauit
1170 1443 1227 1504 ltoc
1249 1461 1323 1521 opus
1343 1447 1381 1505 ab
1402 1449 1454 1506 illo

162 1545 241 1616 lteri,
273 1547 305 1601 ul
329 1543 495 1616 potuissent
522 1540 654 1602 Romani
678 1557 861 1620 copnoscere
882 1541 1119 1618 coniunctiones
1130 1562 1170 1605 ea
1190 1549 1295 1622 prima
1311 1563 1453 1624 persona,

164 1648 237 1705 sicat
266 1643 392 1716 faciunt
426 1645 545 1704 Graeci.
589 1643 710 1702 modas:
738 1658 882 1704 nummus
914 1646 1062 1706 librorum
1095 1648 1142 1706 acl
1168 1663 1226 1721 quo
1253 1651 1340 1710 modo
1361 1649 1450 1724 fecit,

165 1748 299 1808 videlicet
326 1747 458 1818 artifieio
485 1746 532 1805 uel
559 1761 717 1820 prospere.
755 1748 897 1807 materies
922 1749 971 1808 ael
993 1747 1150 1820 facultas:
1177 1750 1365 1826 antefecit,
1396 1752 1454 1812 ltoc

163 1856 203 1910 est
223 1850 261 1909 de
283 1848 489 1908 discernendis
510 1847 779 1922 coniunctionibus.
803 1843 844 1907 in
859 1845 1095 1930 Bambergensi
1111 1856 1220 1911 autem
1241 1848 1355 1914 codice
1377 1849 1452 1916 sub-

164 1947 283 2033 scripta
304 1953 382 2009 sunt
402 1941 499 2027 haee,
522 1949 661 2010 Eulicias
674 1955 719 2010 est
734 1953 782 2009 uir
796 1951 970 2024 inaeniosus
984 1953 1023 2012 de
1039 1953 1126 2013 Utica
1141 1960 1226 2014 ortus
1242 1958 1399 2030 proaimm
1407 1957 1449 2025 *1.

165 2054 301 2112 Brienles
334 2052 529 2127 appellantur
555 2053 659 2111 euticii
689 2053 777 2126 quasi
809 2054 875 2112 aeri
905 2054 1073 2114 iudiciales.
1117 2057 1228 2116 euticio
1259 2058 1337 2116 enim
1369 2061 1454 2134 spuo

160 2154 361 2232 pliplosopltos
382 2155 576 2229 appellantur
597 2168 669 2212 aera
692 2154 815 2214 iuclicia.
861 2156 942 2215 unde
963 2156 1066 2216 Eutee
1089 2159 1260 2233 appellatas
1281 2164 1340 2233 est,
1365 2162 1454 2234 quasi

164 2274 230 2317 nere
250 2257 404 2330 iudicans,
434 2271 469 2316 eo
491 2256 574 2330 quod
598 2258 779 2332 sapientiam
806 2258 961 2317 iudicauit.
1006 2257 1108 2318 Eutex
1128 2261 1207 2319 enim
1228 2276 1391 2335 coonomen
1414 2261 1452 2319 de

165 2362 319 2435 nonomine
346 2363 497 2418 ornatam.
542 2352 683 2439 denique
710 2353 752 2418 ab
780 2351 842 2417 hoc
869 2354 1082 2439 grammatico
1105 2378 1170 2421 non
1191 2355 1325 2422 videtur
1345 2358 1450 2423 diver-

165 2481 215 2522 sus
243 2477 316 2522 esse
348 2457 376 2520 is
409 2455 502 2520 cuius
536 2465 692 2542 excerpta
719 2455 760 2520 de
792 2455 993 2543 aspiratione
1018 2457 1130 2544 posuit
1157 2457 1376 2524 Cassiodorus
1409 2459 1449 2524 de

165 2557 303 2646 orthogr.
320 2581 350 2646 p.
367 2556 461 2622 2311.
484 2579 558 2622 nam
582 2555 692 2642 siquid
714 2555 866 2643 colligere
888 2557 966 2623 licet
979 2581 1021 2624 ex
1044 2559 1209 2625 tractandi
1231 2568 1264 2625 et
1285 2561 1451 2627 scribendi

164 2661 285 2727 ratione
306 2660 343 2724 in
363 2658 435 2724 istis
459 2657 639 2745 excerptis,
655 2658 813 2745 conplura
833 2660 964 2746 utrique
985 2660 1137 2747 scriptori
1159 2662 1342 2726 communia
1363 2673 1448 2728 sunt.

164 2765 189 2829 is
211 2763 311 2850 igitur
333 2759 516 2848 Eutychem
539 2760 625 2826 dixit
646 2762 680 2825 in
702 2759 842 2828 rubricis
864 2785 896 2850 p.
918 2761 1003 2828 2280
1024 2767 1171 2845 Eutychis
1193 2769 1231 2829 66
1251 2769 1449 2849 aspiratione,

164 2868 217 2933 ubi
237 2872 332 2931 eutltis
353 2886 436 2931 6011.
459 2868 579 2928 culillis
601 2863 701 2930 habet
722 2862 828 2929 codex
850 2865 1025 2930 Beruensis
1047 2866 1121 2947 330,
1143 2873 1231 2932 ulicis
1253 2867 1324 2932 cod.
1341 2867 1449 2933 Paris.

165 2968 257 3050 7495,
285 2976 318 3033 61
347 2989 380 3053 p.
402 2966 502 3045 2311,
529 2963 587 3030 ubi
613 2970 738 3030 euticlsis
767 2964 875 3032 deleta
903 2978 1018 3053 postea
1045 2991 1061 3031 s
1088 2967 1198 3035 littera
1225 2969 1324 3034 habet
1345 2970 1449 3035 codex

165 3068 334 3135 Bemensis
357 3068 437 3149 330,
460 3074 536 3132 eutis
556 3089 641 3133 corr.
664 3066 705 3132 al.
728 3090 770 3132 m.
792 3076 889 3135 maias
910 3070 982 3135 eod.
1004 3070 1101 3135 Bern.
1122 3072 1199 3153 243,
1221 3077 1355 3137 euticetis
1375 3072 1452 3159 cod.⁸

164 3171 261 3236 Paris.
284 3170 384 3252 7495,
413 3178 446 3235 61
473 3168 514 3233 66
540 3167 656 3233 iisdem
684 3164 846 3256 exc'erptis
875 3169 988 3235 dicens
1016 3169 1057 3235 de
1085 3172 1188 3236 instit.
1211 3172 1314 3238 divin.
1328 3174 1447 3260 script.

165 3296 190 3337 0.
211 3273 251 3337 30
271 3296 304 3359 p.
326 3270 389 3335 478
412 3270 463 3334 66.
487 3271 613 3335 Gener.
639 3272 784 3354 61666,
808 3276 1031 3353 orlltoproplros
1052 3280 1193 3353 antiquos
1213 3280 1317 3353 lepanl
1330 3312 1373 3323 —
1387 3280 1459 3363 Eu3

164 3381 255 3439 ticlten
277 3382 315 3439 tle
336 3378 535 3454 aspiratione.
574 3373 670 3437 editis
693 3381 802 3437 autem
824 3371 918 3440 libris
947 3374 988 3439 de
1011 3375 1111 3439 verbo
1133 3375 1275 3461 primum
1298 3373 1447 3441 Gamera-

164 3480 226 3542 rius
252 3475 395 3563 Eutychi
423 3496 541 3542 nomen
573 3475 778 3560 praeposuit,
813 3485 944 3540 secutus
979 3474 1066 3541 haud
1094 3475 1193 3543 dubio
1220 3478 1446 3544 auctoritatem
1481 3528 1488 3538 .

165 3580 279 3645 codicis
308 3580 372 3659 sui,
399 3580 434 3644 in
462 3599 525 3665 quo
554 3583 646 3642 eutici
671 3576 827 3664 scriptum
855 3578 1040 3660 invenerat3
1068 3576 1187 3643 deinde
1210 3580 1382 3645 Putschius
1405 3604 1445 3647 ex

165 3682 305 3748 Parisino
333 3680 461 3762 codice,
490 3702 553 3767 quo
581 3701 654 3743 eum
681 3702 777 3743 usum
805 3701 878 3745 esse
905 3701 1005 3766 supra
1031 3680 1116 3762 dixi,
1140 3685 1285 3763 Eutychis
1306 3684 1445 3769 recepit3

165 3794 319 3869 postremo
340 3781 582 3846 Lindemannus
598 3781 770 3848 Bobiensis
793 3781 916 3847 codicis
939 3780 1180 3868 subscriptione
1202 3783 1364 3849 adductus
1387 3793 1447 3865 est,

165 3896 198 3949 01
228 3881 423 3971 Eutychium
451 3905 565 3948 verum
593 3906 665 3948 esse
693 3906 811 3949 nomen
838 3883 1066 3968 contenderet,
1102 3884 1189 3971 quod
1216 3885 1294 3949 inde
1319 3883 1362 3949 ab
1388 3883 1445 3961 illo

165 4000 301 4074 temporo
327 3983 427 4070 vulgo
455 3986 627 4072 probatum
657 3996 720 4065 est,
753 3985 947 4072 praesertim
981 4008 1054 4050 cum
1087 3984 1150 4052 hoc
1181 3988 1310 4051 nomine
1342 3986 1446 4051 fuisse

165 4086 292 4153 latinum
314 4088 562 4174 grammaticum
589 4088 789 4173 temporibus
811 4088 854 4152 M.
877 4087 1036 4153 Antonini
1059 4097 1186 4153 constet
1206 4099 1339 4154 auctore
1360 4086 1445 4152 Iulio

166 4188 340 4277 Capitolino
363 4190 421 4255 vit.
446 4190 567 4254 Anton.
590 4188 708 4275 philos.
731 4211 759 4254 c.
781 4190 810 4251 2.
856 4188 1010 4254 06601106
1032 4188 1170 4275 symbol.
1192 4188 1255 4252 litt.
1278 4188 1313 4254 ΙΙ
1335 4214 1366 4276 p.
1385 4190 1446 4253 164

166 4292 301 4377 probatis
324 4291 544 4357 Lindemanni
566 4290 747 4356 rationibus
770 4300 879 4355 tamen
902 4291 937 4354 in
958 4291 1080 4356 incerto
1102 4290 1349 4377 relinquendum
1372 4313 1444 4355 esse

242 4480 267 4548 *)
285 4484 338 4533 Vix
356 4482 431 4532 credi
448 4486 540 4548 potest
557 4481 608 4531 has
625 4479 747 4546 ineptias
770 4481 1010 4545 grammaticorum
1029 4496 1063 4531 611
1081 4496 1167 4548 pravo
1185 4480 1369 4546 etymologiae
1386 4486 1442 4533 6111-

166 4566 207 4616 610
222 4572 292 4619 01166
310 4565 435 4618 11606610
452 4566 553 4618 1661666
571 4566 639 4616 61116
656 4564 754 4628 606116,
773 4580 839 4630 quos
857 4565 891 4615 66
909 4564 1043 4615 Africana
1061 4565 1195 4629 Eutychis
1213 4566 1320 4630 origine
1339 4567 1443 4631 cogita-

167 4654 232 4701 visse
257 4652 352 4703 scribit
377 4651 509 4702 Barthius
537 4650 735 4703 6666161412
754 4666 780 4716 p.
799 4651 848 4701 614
875 4649 924 4700 ‘ex
947 4648 1061 4714 reliquis
1084 4650 1119 4700 ab
1142 4649 1267 4714 Eutyche
1294 4649 1443 4715 aliquando

169 4736 341 4788 Grammatico
363 4736 494 4788 laudatur
517 4733 661 4802 (Statius),
684 4736 793 4786 bomine
812 4734 920 4786 Graeco
938 4735 1082 4801 11161660,
1101 4735 1144 4787 661
1163 4735 1242 4797 Atro,
1262 4740 1292 4783 01
1309 4736 1443 4787 Ρί1116606

168 4826 194 4871 61
208 4820 253 4872 alii
268 4822 450 4889 suspicantur,
469 4822 519 4873 sed
537 4821 646 4873 Latinis
665 4821 824 4873 auctoribus
842 4820 987 4873 6616611616
1004 4819 1133 4887 diligenti
1151 4825 1179 4873 61
1195 4818 1356 4873 industrio’.
