3525 5600
666 407 905 474 COMMENTVM
1373 410 1436 476 213

1251 532 1273 574 p.
1287 521 1376 562 oss-ca
1389 520 1412 561 1.

161 601 265 666 nodus:
293 602 329 661 si·
346 599 451 662 modus
479 605 536 670 εει,
566 597 687 660 verbum
711 599 843 660 estsine
866 598 971 669 dubim
1000 618 1069 660 ecce
1099 597 1191 661 habes
1213 600 1291 677 quod
1314 599 1437 662 verbum

162 713 204 766 est
245 703 295 764 sed
323 702 441 780 quando
469 701 536 762 dico
565 701 620 762 ‘da
644 700 716 762 milri
740 699 871 772 bibere',
900 700 959 762 tale
981 709 1026 763 est
1053 721 1087 763 ac
1114 703 1140 763 si
1167 701 1262 763 dicam
1287 701 1342 764 ‘da
1363 703 1437 764 mihi

160 807 280 890 paucm’.
323 823 430 885 panem
457 811 555 864 autem
583 805 766 866 accusativus
793 813 846 865 est.
892 822 964 882 ergo
986 803 1068 865 rides
1099 806 1240 885 quoniam
1262 805 1353 868 verbo
1376 825 1437 867 nou

160 915 244 990 potest
270 908 351 986 iungi
379 907 436 968 nisi
459 907 640 968 accusativus
663 923 757 970 casus.
804 904 980 968 naturaliter
1001 907 1042 966 ita
1069 925 1102 967 se
1124 905 1213 968 habet
1234 909 1291 969 ista
1312 927 1376 978 res,
1405 916 1438 969 ut

142 1010 306 1092 spraemisso
329 1008 420 1071 rcrlro
447 1017 608 1087 sequautur
637 1009 772 1081 nomina,
800 1008 829 1069 id
853 1015 899 1069 ost
919 1015 1060 1088 sequatur
1082 1027 1175 1070 casus
1220 1007 1335 1071 nullum
1358 1012 1437 1072 enim

160 1129 253 1174 nomen
274 1113 340 1172 sine
360 1129 431 1174 casu
454 1119 507 1172 est.
540 1128 610 1189 ergo
633 1111 753 1189 quando
775 1109 842 1172 dico
865 1110 920 1172 ‘da
943 1110 1016 1172 milri
1044 1109 1133 1191 [oller
1161 1110 1234 1172 milri
1262 1111 1332 1192 quid
1354 1111 1435 1194 dico]

160 1213 340 1283 columnam',
370 1212 537 1274 columnam
565 1231 650 1274 casus
678 1215 722 1276 εει
749 1215 946 1283 accusativus;
976 1213 1069 1274 ‘offer
1096 1213 1168 1274 mihi
1197 1214 1366 1285 arborem’,
1389 1235 1436 1276 ar·
1533 1223 1537 1232 '

160 1319 246 1379 liorem
270 1333 355 1378 casus
378 1323 423 1377 est
444 1317 643 1398 accusativus,
688 1333 759 1395 ergo
783 1306 817 1376 et'
833 1318 858 1376 si
881 1315 962 1376 elices
984 1314 1104 1384 bibere,
1126 1314 1230 1377 bibere
1251 1317 1367 1378 videtur
1389 1336 1436 1379 ac·

160 1420 290 1482 cusatirus
318 1437 383 1479 esse
412 1437 511 1488 casus,
542 1419 679 1498 quoniam
701 1418 756 1480 ⁴illa
788 1419 903 1488 omnia,
934 1435 1010 1496 quae
1037 1420 1198 1497 iunguntur
1228 1420 1294 1480 istis
1325 1417 1435 1490 verbis,

132 1540 230 1584 orasus
251 1527 327 1582 suut.
374 1539 445 1599 ergo
475 1523 580 1598 nequis
602 1527 721 1599 putaret
742 1519 824 1583 illum
847 1521 1024 1581 infinitivum
1048 1519 1170 1582 modum
1193 1519 1350 1601 aliquando
1372 1522 1437 1582 lieri

160 1641 232 1706 posse
253 1631 286 1684 ut
308 1622 429 1684 caderet
450 1625 480 1684 iu
503 1641 590 1684 casus
613 1630 642 1683 et
663 1625 778 1684 ratione
795 1624 923 1684 nominis
938 1621 1153 1692 declinaretur,
1176 1621 1244 1683 ideo
1266 1621 1323 1683 hoc
1345 1623 1435 1685 inter-

159 1727 251 1806 posuit.
297 1727 375 1785 scire
405 1733 501 1786 eutem
530 1724 620 1786 debes
651 1727 790 1804 quoniam
813 1723 862 1786 ille
885 1725 1047 1786 iullnitirus
1069 1723 1187 1801 quidem
1211 1731 1258 1785 est
1278 1724 1385 1786 modus
1407 1732 1438 1786 et

160 1829 218 1890 lacit
238 1827 434 1889 elocutionem
455 1845 607 1905 graecam,
631 1827 750 1888 latinam
768 1844 939 1906 numquam.
969 1827 1106 1904 quotiens
1120 1827 1161 1887 ita
1177 1825 1306 1888 volueris
1327 1828 1435 1898 iacere,

159 1949 248 2010 graece
270 1929 403 2010 loqueris
425 1936 542 2010 aperte.
571 1929 625 1990 ‘da
648 1930 721 1991 mihi
744 1928 875 1999 hibere’,
900 1925 959 2002 δός
979 1948 1036 2010 μοι
1057 1935 1157 1991 πιεῖν.
1200 1936 1230 1990 ει
1252 1931 1309 1991 erit
1329 1947 1436 2008 graeca

131 2051 149 2092 ιε
160 2033 286 2102 elocutio,
316 2032 407 2094 latina
435 2051 494 2094 non
517 2039 569 2093 est.
615 2032 688 2094 lraec
712 2039 809 2093 auteur
832 2031 961 2092 elocutio
983 2041 1051 2112 apta
1073 2037 1119 2092 est
1140 2033 1251 2112 poetis,
1276 2039 1342 2114 apta
1365 2030 1435 2112 lyri-

159 2137 206 2205 cis,
227 2133 312 2212 longe
336 2143 450 2196 remota
472 2144 518 2196 εει
539 2153 555 2195 a
578 2151 716 2195 sermone
739 2135 899 2196 communi.
944 2149 1017 2212 ergo
1038 2141 1162 2214 propter
1183 2135 1271 2195 istam
1293 2133 1435 2196 elocutio·

159 2255 215 2299 uem
236 2239 414 2317 interposuit
434 2238 516 2297 ‘sine
539 2238 635 2307 casu',
667 2237 771 2314 nequis
799 2235 853 2296 tibi
875 2235 989 2297 diceret
1013 2234 1112 2316 [ergo]
1137 2235 1192 2297 ‘da
1213 2235 1284 2300 milri
1308 2235 1435 2307 bibere’,

158 2339 248 2400 bibere
275 2357 346 2418 ergo
375 2340 557 2400 accusativus
585 2357 671 2399 casus
699 2344 757 2407 εει,
788 2340 927 2417 quoniam
954 2336 1004 2398 illa
1032 2340 1131 2399 omnia
1159 2357 1215 2418 per
1236 2340 1435 2400 accusativum

157 2441 344 2521 proteruntur.
391 2440 443 2501 sed
466 2457 527 2501 non
549 2448 607 2510 est;
635 2439 685 2500 illa
708 2457 813 2519 graeca
836 2443 929 2518 ligura
952 2447 1011 2511 est,
1040 2458 1146 2520 graeca
1175 2439 1342 2503 elocutione
1364 2461 1433 2521 pro·

129 2547 246 2606 asertor.

230 2647 322 2708 Omne
349 2645 473 2708 verbum
502 2653 551 2707 aut
579 2663 667 2725 agere
694 2633 814 2726 aliquid‘
838 2651 889 2706 ant
918 2646 978 2727 pati
1006 2646 1159 2724 significat.
1204 2645 1273 2723 quid
1300 2648 1339 2708 sit
1368 2647 1433 2718 lroc,
1447 2657 1535 2721 tuso

157 2755 246 2829 postea
272 2749 348 2813 dico.
386 2749 592 2831 interpositum
622 2757 683 2821 εει,
714 2755 747 2810 ut
774 2747 922 2810 diceretur
954 2749 1081 2810 activum
1114 2748 1262 2830 passivum
1295 2755 1434 2811 neutrum

158 2870 300 2913 commune
328 2860 358 2913 ει
386 2851 546 2932 ιιεροιιειιε.
592 2852 701 2933 equare?
733 2851 790 2912 hoc
824 2849 891 2911 dico
924 2858 1036 2930 postea.
1080 2852 1199 2912 interim
1233 2853 1312 2913 scire
1344 2851 1436 2914 (lebes

157 2954 224 3033 quod
251 2972 338 3016 omne
366 2953 488 3015 verbum
517 2953 597 3033 quod
625 2962 671 3016 est
697 2955 728 3013 in
757 2972 857 3015 rerum
885 2961 991 3016 natura
1023 2961 1073 3015 aut
1100 2971 1188 3033 agere
1215 2963 1265 3016 aut
1291 2955 1353 3035 pati
1381 2974 1435 3016 nos

127 3056 279 3117 sostendit
325 3064 356 3117 ct
383 3075 416 3117 re
443 3074 515 3119 vera
539 3058 602 3136 ipsa
632 3063 735 3117 natura
764 3074 864 3117 rerum
894 3057 937 3117 sic
963 3075 996 3117 se
1023 3054 1122 3117 habet.
1169 3056 1310 3137 quicquid
1338 3065 1384 3118 εει
1405 3058 1434 3117 iu

157 3166 208 3219 toto
229 3158 356 3227 mundo,
386 3164 437 3219 aut
458 3160 568 3238 patitur
590 3166 639 3219 aut
662 3160 721 3237 agit
743 3160 807 3219 siue
830 3157 935 3219 dubio:
965 3176 1075 3237 quaere
1096 3176 1200 3219 omnes
1222 3177 1285 3229 res,
1308 3166 1338 3220 et
1360 3154 1367 3242 Ι
1390 3160 1434 3219 in-

156 3262 243 3321 venies
269 3260 346 3340 quod
375 3267 522 3338 coguntur
544 3262 644 3321 nescio
668 3276 724 3339 qua
752 3262 867 3321 ratione
895 3268 946 3321 aut
971 3247 1033 3341 pati
1055 3268 1106 3321 eut
1128 3269 1209 3322 certe
1230 3262 1314 3341 ipsae
1336 3279 1433 3340 agere.

156 3382 232 3423 curre
253 3382 307 3443 per
328 3361 378 3423 illa
401 3380 524 3440 genera,
549 3372 578 3425 et
600 3364 733 3424 iuvenies
755 3364 794 3423 ita
817 3381 883 3425 esse
905 3362 1038 3424 verbum.
1069 3382 1140 3424 ecce
1155 3363 1237 3443 lego:
1261 3362 1327 3441 lego
1343 3381 1433 3442 agen-

156 3466 186 3524 tis
206 3472 249 3525 εει
269 3464 458 3543 significatio,
482 3463 565 3543 legor
587 3468 735 3546 passivum
759 3470 817 3535 cst,
842 3472 871 3525 et
893 3473 993 3526 tamen
1010 3473 1039 3527 et
1061 3468 1174 3544 agentis
1190 3472 1235 3526 est
1249 3466 1431 3544 significatio.

127 3574 213 3626 uuato
234 3566 313 3628 unde
336 3568 398 3627 esti
421 3584 435 3626 a
459 3565 586 3629 neutrali
609 3577 668 3636 est,
694 3576 723 3629 et
744 3574 842 3628 tamen
865 3568 980 3645 agentis
1002 3576 1055 3628 est.
1100 3587 1189 3629 curro
1212 3567 1345 3630 neutrale
1368 3586 1433 3629 ror·

155 3668 213 3729 bum
235 3675 294 3739 εει,
327 3678 356 3730 ει
377 3676 474 3730 tamen
503 3672 618 3747 agentis
647 3679 699 3732 εει.
737 3667 843 3749 vapulo
871 3669 1005 3731 neutrale
1033 3679 1093 3740 est,
1122 3678 1152 3730 ct
1172 3676 1272 3731 tamen
1294 3671 1433 3749 patientis

155 3779 203 3839 est;
225 3771 259 3831 ab
283 3770 340 3831 alio
364 3773 442 3832 enim
466 3770 581 3851 vapulo.
626 3774 665 3833 ita
694 3772 803 3842 luctor,
833 3771 953 3853 loquor,
982 3774 1037 3833 ista
1059 3772 1165 3833 similia
1189 3772 1366 3851 deponentia
1387 3772 1431 3833 oli-

154 3880 250 3933 cuntur
273 3875 386 3943 omnia,
412 3882 441 3934 et
464 3886 562 3934 tamen
585 3876 828 3953 significationen}
852 3873 963 3936 liabent
985 3877 1107 3952 agentis.
1139 3892 1210 3953 ergo
1225 3856 1433 3955 quodcumque

155 3975 346 4046 minerbam,
377 3994 500 4036 necesse
524 3984 568 4037 εει
589 3983 621 4035 ιιι
642 3978 672 4035 ιιι
695 3976 747 4037 has
769 3974 855 4037 cadat
877 3978 1120 4055 significationes,
1145 3984 1177 4038 ut
1198 3995 1286 4037 omne
1309 3976 1432 4037 rerbtrnr

128 4082 196 4134 aaut
216 4078 329 4155 agentis
351 4079 388 4138 sit
411 4083 460 4137 aut
481 4078 635 4157 patientis,
659 4077 727 4138 licet
749 4077 828 4139 aliud
851 4078 959 4139 lrabeat
974 4096 1076 4157 genus.

117 4210 121 4221 ·
227 4179 325 4241 Verbo
354 4179 492 4241 accidunt
520 4188 647 4259 septem,
682 4179 808 4259 qualitas
841 4182 1009 4259 coniugatio
1042 4200 1136 4259 genus
1168 4200 1309 4242 numerus
1342 4183 1550 4260 liguriamque

156 4286 258 4361 tempus
279 4300 416 4362 persona.
461 4281 584 4361 qualitas
607 4281 765 4343 verborum
789 4281 928 4342 dividitur
949 4285 979 4343 iu
1004 4284 1075 4345 (luas
1097 4291 1197 4363 partes
1218 4283 1430 4363 principaliter,
1445 4262 1550 4322 ⁵⁰3¹2⁵

155 4381 179 4441 ld
199 4391 241 4444 εει
262 4386 290 4445 iu
314 4384 419 4445 modos
442 4386 523 4445 etin
547 4372 679 4446 formas(
705 4385 784 4446 modi
807 4392 906 4445 autum
928 4393 999 4446 sttnt
1021 4392 1102 4455 octo,
1131 4404 1236 4447 omnes
1258 4395 1325 4447 octo
1348 4393 1430 4456 sunt3

215 4639 303 4707 2sed]
327 4642 346 4691 si
367 4642 391 4689 Α
461 4642 478 4693 6
498 4642 557 4705 quid
574 4642 630 4701 (lico
651 4642 674 4691 Α
693 4642 753 4705 quid
773 4640 846 4691 etliro
863 4640 913 4690 Ba
931 4640 992 4703 quid
1011 4641 1083 4689 edico
1101 4656 1169 4690 corr.
1191 4642 1252 4705 quid
1271 4642 1342 4691 odico
1362 4643 1383 4692 Θ

159 4708 183 4758 ll
199 4724 367 4761 amcuomnru
382 4712 404 4762 Θ
420 4725 577 4763 aweuomun
599 4711 654 4761 ΑΒ
727 4714 757 4762 15
777 4708 872 4776 lyricis]
894 4711 1035 4776 estJyricis
1057 4712 1078 4759 Θ
1144 4712 1177 4762 tt
1198 4712 1295 4776 aliquid
1312 4711 1347 4762 a*
1368 4714 1430 4777 quid

159 4778 227 4829 ΑΒΘ
293 4782 328 4831 ‘26
346 4780 409 4849 ogit]
431 4781 491 4831 lacit
509 4782 582 4832 ΒΘα
601 4782 655 4847 agit
673 4781 773 4831 lecitA
828 4783 861 4831 ‘27
880 4790 923 4830 ειιι
939 4779 1003 4846 pati]
1022 4790 1046 4831 ει
1065 4781 1116 4844 pati
1137 4781 1220 4830 ABG
1271 4782 1430 4848 ipselacere

159 4847 186 4896 ita
201 4865 252 4899 esse
270 4852 374 4901 uerbum
391 4867 463 4901 cunc
482 4866 528 4917 per
545 4850 589 4901 illa
607 4867 701 4917 genere
721 4860 744 4900 ct
761 4852 876 4901 inuenies
893 4866 954 4907 ecce
969 4851 1027 4917 lego
1043 4850 1128 4900 ΑΒΘ
1194 4852 1230 4904 29
1246 4854 1376 4919 poseiuum
1392 4861 1431 4905 est

159 4928 179 4966 ει
193 4928 267 4971 tamen
284 4924 384 4989 agentis
403 4922 456 4973 BC
525 4920 558 4972 30
576 4936 649 4972 crrrro
669 4922 780 4972 neutrale
798 4922 903 4973 uerbum
923 4930 962 4972 εει
980 4927 1005 4971 ει
1022 4920 1123 4990 egentis
1142 4921 1229 4974 ABG
