3525 5600
704 453 774 516 ARS
1314 445 1376 516 491

108 643 166 727 ipse
197 639 402 724 Augustinus
435 647 565 704 retract.
593 639 611 704 1
638 639 674 722 6,
700 661 760 720 per
786 645 864 704 idem
891 650 1019 719 tempus,
1048 659 1109 718 quo
1136 644 1306 704 Mediolani
1327 641 1383 714 lui

108 748 270 822 toptr‘rmum
289 749 503 821 percepturus,
527 747 617 806 etium
639 746 871 822 disciplinarum
892 745 986 805 tatros
1006 753 1133 806 conatae
1152 762 1217 806 arun
1237 745 1379 820 sortiere,

108 852 287 922 tutorouuns
312 863 363 907 eor
390 850 445 922 qui
469 863 583 908 mecum
611 852 700 906 crum
726 852 817 935 atque
843 848 882 907 ab
904 847 993 907 duim
1013 849 1096 907 modi
1114 849 1221 908 etudu‘s
1241 863 1302 907 non
1322 847 1381 906 ot-

106 950 265 1024 tonabant,
286 965 347 1026 per
367 951 541 1024 corporolia
562 950 686 1024 cupieris
707 948 750 1006 od
770 951 979 1024 incorporalia
1000 949 1176 1024 quitatum
1199 951 1288 1024 quasi
1301 966 1381 1025 por-

105 1053 173 1113 rina
197 1053 289 1112 certis
317 1053 364 1112 vel
387 1053 549 1127 perosum
576 1053 623 1110 vel
649 1051 769 1112 ducac.
807 1052 863 1111 sed
882 1067 986 1111 corun
1006 1052 1102 1111 adum
1123 1052 1161 1111 dc
1179 1054 1382 1125 praumatus

105 1156 199 1214 latrum
221 1153 375 1215 mactum
390 1157 494 1230 potiti,
527 1169 613 1229 quem
638 1159 745 1228 postea
773 1152 812 1211 de
838 1155 977 1213 armario
1003 1161 1106 1214 nostro
1121 1154 1264 1230 perdidt,
1293 1159 1323 1213 et
1344 1155 1382 1212 de

105 1260 207 1318 nasica
232 1273 288 1316 sex
314 1257 481 1330 oduuino,
510 1260 653 1330 quantun
680 1257 787 1314 atttret
815 1254 858 1313 ad
888 1271 956 1315 eom
985 1261 1106 1330 partem
1133 1272 1213 1330 quae
1246 1256 1382 1331 rythmus

105 1365 227 1420 oocomr.
264 1375 365 1440 quare
386 1375 461 1417 cum
482 1362 516 1417 et
536 1351 621 1418 hune
644 1351 684 1418 de
706 1361 776 1417 arte
797 1351 1012 1437 grammatica
1031 1351 1152 1418 librum
1167 1361 1200 1416 et
1219 1353 1383 1439 principia

105 1454 283 1521 dialecticae
305 1464 338 1520 et
359 1454 541 1520 rhetoricae
569 1454 610 1520 ab
638 1454 824 1548 Augustino
854 1455 977 1542 scripta
1003 1477 1076 1519 esse
1101 1463 1274 1540 negarent,
1302 1453 1382 1518 haec

105 1557 209 1650 omnia¹
221 1556 307 1621 inter
329 1578 429 1643 opera
451 1555 544 1620 ‘olim
566 1555 630 1644 ipsi
645 1577 816 1644 perperam
832 1555 1017 1641 adscripta'
1038 1556 1073 1620 in
1094 1555 1275 1643 appendice
1301 1555 1382 1621 tomi

103 1658 189 1746 primi
213 1681 247 1745 p.
269 1657 332 1723 599
361 1679 431 1744 sqq.
461 1658 691 1724 exhibuerunt.
734 1655 907 1746 postquam
938 1679 1018 1723 vero
1050 1681 1156 1723 novus
1189 1667 1221 1723 et
1252 1658 1295 1724 ab
1325 1657 1381 1722 illo

103 1760 188 1847 plane
209 1759 359 1825 diversus
382 1757 424 1824 de
446 1769 516 1825 arte
538 1761 752 1845 grammatica
766 1758 850 1826 liber
864 1762 1018 1826 inventus
1034 1771 1097 1842 est,
1120 1758 1177 1824 illo
1199 1759 1382 1846 antiquiore

104 1863 160 1926 iam
190 1861 289 1947 vulgo
322 1862 408 1926 inter
441 1863 610 1948 supposita
640 1863 777 1944 reiecto,
816 1862 905 1927 hunc
935 1884 995 1949 pro
1030 1862 1171 1946 genuino
1202 1862 1382 1947 Augustini

104 1962 248 2050 opusculo
280 1961 402 2029 habere
434 1985 498 2028 nou
527 1963 693 2030 dubitavit
724 1963 831 2028 Maius
838 2011 847 2045 ‚
881 1964 1031 2051 quamvis
1058 1962 1102 2029 ab
1127 1964 1169 2028 iis
1197 1986 1283 2050 quae
1310 1965 1380 2051 ipse

104 2067 296 2150 Augustinus
320 2064 361 2130 de
383 2064 499 2131 studiis
522 2067 589 2130 suis
612 2065 832 2158 grammaticis
847 2067 882 2130 in
902 2065 985 2132 libro
1001 2067 1268 2132 retractationum
1288 2089 1381 2154 prae-

103 2167 182 2232 dicat
201 2189 266 2232 non
295 2166 403 2231 minus
431 2165 558 2232 alienus
585 2169 636 2232 sit.
682 2169 808 2233 saniore
836 2167 957 2235 iudicio
979 2191 1058 2234 usus
1079 2168 1135 2233 W.
1159 2167 1324 2233 Orecelius
1346 2170 1381 2233 in

102 2269 234 2354 August.
261 2267 302 2334 de
329 2267 459 2334 dialect.
490 2266 713 2353 (Elberfeldae
735 2291 765 2334 a.
791 2269 885 2350 1857)
908 2291 941 2356 p.
963 2271 984 2335 3
1011 2272 1176 2358 epitomen
1203 2269 1288 2334 hanc
1308 2292 1380 2335 esse

102 2369 235 2453 censuit,
263 2393 361 2456 quam
389 2368 605 2436 Cassiodorus
634 2392 655 2434 a
681 2391 717 2435 se
744 2372 927 2437 confectum
954 2393 1025 2437 esse
1054 2372 1178 2438 diceret
1199 2371 1241 2437 da
1263 2383 1324 2438 art.
1348 2383 1381 2438 et

102 2471 217 2559 discipl.
245 2493 273 2536 c.
299 2474 331 2551 1,
353 2478 409 2538 aad
428 2483 457 2538 et
477 2483 611 2538 sanctam
634 2477 832 2554 Augustiuum
852 2485 985 2554 propter
1004 2480 1224 2555 simplicitatem
1241 2478 1380 2551 lectoren

101 2579 220 2639 breuiter
240 2579 448 2640 instruendam
470 2581 576 2654 aliquo
598 2580 636 2638 de
656 2580 758 2639 eodem
779 2580 865 2640 titulo
879 2575 937 2659 (de
959 2586 1029 2641 arte
1049 2576 1275 2662 grammatica)
1296 2583 1380 2642 rcri-

98 2682 385 2756 percurrerimus,
416 2697 495 2756 quoe
521 2681 602 2740 vota
622 2681 789 2742 lectitando
811 2683 1000 2757 reliquimus,
1024 2685 1301 2758 aequicrurius
1322 2685 1378 2743 de-
1462 2756 1466 2764 Ι

100 2798 155 2842 csse
174 2783 329 2858 rideatur,
359 2785 413 2859 qui
438 2784 481 2843 ad
508 2789 611 2843 tantae
637 2785 779 2844 solmiac
804 2785 937 2845 culmino
960 2792 1201 2862 praeparantur.
1238 2780 1380 2869 denique

101 2878 253 2945 Weberus
281 2902 314 2966 p.
336 2881 359 2944 4
384 2880 629 2968 inscriptionem
655 2879 748 2965 libri,
778 2892 881 2971 artem
908 2904 967 2968 pro
993 2883 1134 2948 fratrum
1156 2884 1378 2950 mediocritate

99 2980 289 3080 breviatam,
312 2982 360 3046 ita
380 2982 611 3067 interpretatus
635 2992 700 3067 est,
727 2990 765 3047 ut
791 3005 935 3070 eaquae
957 2985 1163 3070 Augustinus
1186 2986 1309 3072 scripta
1329 3007 1378 3049 ra

100 3082 241 3169 liquisset
261 3093 339 3170 post
359 3094 498 3149 mortem
519 3084 589 3148 eius
611 3084 646 3146 in
667 3106 764 3151 usum
786 3085 926 3149 fratrum
940 3084 1227 3152 Benedictinorum
1246 3086 1281 3150 in
1302 3110 1377 3152 con-

99 3184 245 3269 pendium
271 3184 404 3250 redacta
430 3206 503 3249 osse
531 3185 663 3251 dicarat.
708 3186 750 3250 ex
776 3187 918 3268 genuino
945 3196 1055 3252 autem
1082 3188 1262 3272 Augustini
1293 3186 1378 3253 libro

98 3285 173 3351 hunc
194 3296 299 3351 artem
321 3296 484 3375 sumptam
512 3309 583 3351 esse
611 3286 805 3375 conprobari
833 3288 940 3354 voluit
959 3289 1077 3376 punico
1099 3288 1259 3356 vocabulo
1281 3294 1378 3354 dulus

98 3387 125 3450 in
151 3398 292 3453 tractatu
318 3388 360 3452 de
387 3387 591 3455 barbarismo
620 3390 740 3477 posito,
769 3410 833 3476 quo
860 3400 936 3454 ante
963 3412 1038 3455 eum
1059 3414 1138 3455 usus
1167 3400 1238 3455 erat
1258 3379 1377 3472 Maius,

98 3500 127 3551 ut
146 3488 209 3555 hoc
230 3498 396 3576 tamquam
416 3491 595 3555 certissimo
617 3501 808 3575 argumento
831 3491 1055 3576 Augustinum
1076 3514 1149 3557 essa
1169 3491 1245 3558 libri
1268 3503 1377 3559 aucto-

97 3612 157 3653 rem
179 3590 428 3657 demonstraret.
457 3615 534 3675 nos,
557 3614 640 3677 quae
661 3603 772 3679 partes
787 3592 820 3656 in
835 3592 886 3658 his
909 3590 1003 3659 libris
1025 3595 1212 3679 Augustino
1232 3594 1377 3661 tribuen-

97 3691 152 3755 dae
173 3692 255 3773 sint,
282 3716 348 3757 non
376 3694 507 3781 copiose
535 3694 785 3781 disputabimus.
829 3694 888 3759 sed
914 3695 979 3759 fide
1000 3694 1157 3761 librorum
1179 3719 1277 3761 manu
1299 3697 1376 3760 scri-

97 3804 235 3877 ptorum,
268 3817 404 3881 quorum
435 3795 664 3883 inscriptiones
697 3818 798 3884 supra
829 3797 957 3882 positae
993 3807 1083 3878 sunt,
1118 3796 1201 3862 illud
1236 3808 1375 3879 constat,

95 3904 262 3983 utrumque
282 3894 419 3981 librum,
447 3898 598 3985 quamvis
626 3899 660 3963 in
688 3898 803 3965 codem
829 3908 1020 3983 argumento
1042 3910 1205 3980 versetur,
1226 3909 1336 3964 tamen
1357 3921 1378 3962 a

95 3998 322 4083 posterioribus
345 4002 566 4085 grammaticis
587 4002 644 4064 uni
665 4001 851 4087 Augustino
878 4000 1037 4066 tributum
1067 4021 1150 4064 esse.
1194 4022 1270 4065 nam
1291 4000 1377 4065 sicut

95 4100 262 4167 aDonato
293 4100 426 4188 eiusque
454 4101 687 4190 interpretibus
715 4124 755 4167 ea
780 4123 857 4187 pars
885 4110 1042 4188 quaeest
1068 4099 1110 4165 da
1132 4111 1205 4166 octo
1226 4102 1376 4188 partibus

94 4202 246 4267 orationis
268 4201 318 4268 bis
342 4212 483 4267 tractata
505 4213 570 4286 ast,
593 4204 642 4268 ita
663 4224 707 4268 ox
727 4203 778 4268 his
793 4202 973 4288 Augustini
993 4199 1087 4268 libris
1109 4204 1166 4288 qui
1187 4202 1377 4269 ferebantur

95 4300 228 4369 altarum
249 4304 375 4390 primae
397 4304 548 4371 editionis
569 4304 678 4371 locum
700 4304 847 4371 obtinere
861 4302 1036 4371 voluerunt
1048 4305 1253 4389 grammatici
1274 4326 1377 4391 eaque

95 4404 131 4468 de
161 4427 264 4471 causa
294 4428 354 4493 pro
386 4395 610 4473 mediocritate
642 4404 781 4472 fratrum
815 4405 1001 4473 breviatum
1033 4406 1200 4490 dicebant,
1237 4404 1377 4470 altarum

95 4509 182 4593 quasi
205 4506 430 4591 eruditiorem,
452 4518 628 4596 propterea
648 4506 736 4595 quod
762 4506 973 4595 amplioribus
1000 4506 1183 4594 praeceptis
1209 4514 1242 4569 et
1269 4528 1376 4571 exem·

95 4608 152 4693 plis
183 4608 272 4674 illius
304 4610 496 4675 tenuitatem
529 4609 710 4697 suppleret,
742 4608 928 4695 regularum
965 4610 1095 4675 nomine
1129 4608 1376 4696 inscripserunt.

95 4709 153 4773 ism
175 4733 256 4777 vero
277 4710 357 4799 quid
378 4734 421 4776 ex
442 4710 526 4778 libro
541 4710 735 4797 Augustini,
759 4732 855 4797 quem
874 4708 931 4775 ille
953 4710 994 4775 de
1016 4711 1229 4797 grammatica
1250 4720 1321 4775 arte
1343 4732 1378 4774 se

95 4812 265 4901 scripsisse
287 4812 383 4897 dicit,
407 4812 449 4879 ad
471 4812 572 4880 libros
595 4814 629 4878 in
650 4812 736 4878 hane
756 4811 895 4877 formam
915 4810 1064 4877 redactos
1086 4824 1302 4899 propagatum
1324 4814 1378 4896 sit,

95 4911 155 4979 dici
177 4938 243 4982 non
265 4924 389 5003 potest,
412 4914 573 5021 sicpuidsm
594 4925 709 4981 neuter
735 4916 959 5002 incorruptam
977 4912 1065 4979 illius
1088 4936 1221 4979 manum
1241 4935 1320 5001 prae
1343 4936 1378 4978 se

1108 5017 1175 5083 32*
