3525 5600
647 331 884 398 coadunavit
1354 333 1415 398 149

1230 455 1250 496 p.
1266 443 1353 484 ata—m
1368 441 1389 484 L.

209 521 260 584 uss
286 523 373 584 etiam
402 520 535 584 verbiale
561 539 685 582 nomen:
715 519 846 582 verbiale
873 521 981 583 dieitur
1004 521 1008 602 Ι
1033 541 1142 584 nomen
1164 522 1243 603 quod
1266 522 1303 584 de
1326 523 1487 594 rerbotao,
1500 535 1533 584 to

136 625 253 687 nascitur
279 631 309 684 et
334 625 366 685 in
393 632 440 685 tor
462 642 585 704 semper
606 625 674 684 exit
720 621 845 685 dicimus
867 625 925 684 iam
948 625 1033 686 istam
1057 624 1199 704 regulam.
1244 641 1303 703 quo
1326 625 1414 686 modo

134 731 161 790 it
183 727 236 787 lroc
260 725 388 787 nomen?
423 727 477 786 ita:
512 725 550 786 de
576 724 703 804 gerundi
730 725 812 786 modi
840 729 942 787 ultimo
963 734 1095 804 tempore
1117 727 1250 790 ultimam
1273 725 1413 806 syllabam

135 827 241 910 [loturi]
270 829 301 888 in
328 848 363 890 or
391 829 480 889 vertis
506 834 538 888 et
565 827 636 888 lacis
665 845 783 888 nomen.
827 826 948 906 legendi
974 827 1101 907 legendo
1122 828 1280 908 legendum
1303 827 1412 892 lectum

117 932 215 993 electu:
237 936 319 991 verte
339 931 427 991 istam
450 927 582 990 ultimam
604 927 745 1008 syllabam
767 931 798 989 in
821 947 870 999 or,
895 937 925 990 et
946 929 1019 992 lacis
1041 931 1149 992 lector:
1179 932 1307 1011 scriptu,
1332 940 1413 994 verte

136 1034 252 1094 nltimam
280 1033 310 1092 in
333 1051 383 1102 or,
405 1033 549 1112 scriptor:
580 1031 698 1101 auditu,
721 1030 851 1092 auditor:
880 1030 973 1102 lectu,
997 1030 1100 1094 lector.
1147 1034 1241 1094 etsie
1262 1035 1336 1096 liunt
1357 1035 1412 1096 ista

135 1137 248 1196 nomina.
282 1133 394 1196 idcirco
417 1135 505 1195 etiam
527 1134 676 1196 sarciendi
698 1133 856 1195 sarciendo
876 1132 1065 1194 sareiendum
1088 1141 1200 1196 sartum
1222 1148 1317 1198 sartu:
1341 1154 1410 1198 con-

136 1245 204 1298 verte
228 1238 313 1297 utam
340 1235 476 1304 ultimam
497 1237 527 1298 in
550 1255 598 1307 or,
623 1235 745 1316 etquid
768 1235 855 1296 taciti
883 1243 982 1298 sartor
1005 1235 1083 1296 lacit.
1129 1253 1218 1316 saepe
1241 1239 1319 1298 enim
1343 1236 1412 1300 hinc

135 1339 182 1401 sibi
200 1339 309 1400 iaciunt
336 1341 539 1419 quaestionem
563 1347 592 1400 et
615 1336 751 1399 dubitant
772 1336 1027 1417 frequentissime,
1056 1337 1127 1418 quid
1150 1337 1279 1400 debeant
1300 1338 1408 1402 dicere.

109 1451 219 1504 nanuum
243 1459 341 1502 sarsor
367 1441 495 1502 dicimus
521 1449 573 1502 aut
599 1441 764 1501 sarcinator
791 1445 841 1500 aut
866 1441 980 1500 sartori
1012 1457 1071 1500 non
1093 1447 1191 1520 potest
1212 1441 1277 1503 fleri
1299 1442 1356 1502 nisi
1378 1449 1412 1502 nt

135 1545 208 1605 iaciat
226 1550 331 1605 sartor.
376 1542 513 1604 ultimum
539 1543 619 1604 enim
647 1550 764 1621 tempus
792 1541 920 1619 gerundi
943 1541 1023 1603 modi
1045 1548 1127 1603 sartu
1150 1542 1232 1604 lacit:
1271 1553 1410 1606 converte

135 1650 159 1707 in
178 1665 221 1715 or,
244 1654 272 1707 et
286 1645 358 1706 lacit
371 1652 478 1706 sartor.
508 1646 653 1726 numquid
668 1653 754 1726 potes
768 1646 902 1706 invenire
918 1645 1045 1722 aliquam
1061 1647 1318 1706 contrarietatem?
1341 1646 1410 1706 inde

81 1717 90 1744 ⁰
135 1748 174 1810 illa
193 1748 319 1828 quaestio
342 1745 478 1818 solvitur,
501 1764 578 1826 quaa
599 1749 631 1809 in
653 1746 836 1809 dubitatione
859 1755 912 1810 est.
947 1764 1021 1808 cano
1045 1752 1075 1806 et
1096 1754 1197 1808 canto:
1221 1748 1334 1808 iaciunt
1354 1748 1409 1809 sibi

135 1850 235 1914 stultam
257 1851 476 1930 quaestionem,
504 1869 574 1912 cum
596 1850 685 1912 rerba
707 1849 824 1910 diversa
845 1851 914 1910 sint.
959 1867 1027 1910 nam
1050 1847 1086 1909 ab
1109 1867 1145 1910 eo
1168 1847 1246 1928 quod
1270 1857 1315 1910 est
1336 1868 1410 1940 carpo

107 1969 125 2006 1⁵
135 1962 159 2013 et
181 1952 261 2013 canto
288 1952 397 2013 diversi
424 1959 494 2013 sunt
520 1951 646 2031 gerundi
672 1952 762 2012 modi.
806 1951 853 2013 lac
879 1949 1006 2030 gerundi
1034 1951 1114 2011 modi
1142 1950 1179 2011 ab
1207 1951 1342 2031 eoquod
1366 1961 1411 2014 est

134 2074 202 2115 cano.
246 2051 372 2115 canendi
399 2053 533 2115 canendo
561 2053 728 2116 canendum
757 2060 877 2114 cantum
906 2062 1009 2114 cantu:
1049 2061 1152 2114 cantor
1185 2054 1265 2115 lacit.
1304 2052 1341 2114 ab
1374 2072 1409 2114 eo

134 2157 197 2236 quod
219 2165 262 2217 est
283 2162 370 2217 cauto
392 2164 493 2216 cantas
514 2156 561 2218 lac
583 2154 709 2236 gerundi
735 2153 740 2236 Ι
762 2155 853 2216 modi.
899 2153 1038 2216 cantandi
1060 2153 1206 2216 cantando
1230 2154 1408 2216 cantandum

125 2263 266 2319 ¹¹cantatum
288 2263 424 2318 cantatu:
446 2232 590 2318 ¹cruentatur.
635 2267 666 2318 et
687 2275 747 2318 non
770 2264 816 2318 est
836 2258 1028 2318 eontrarium.

205 2359 256 2421 Est
276 2361 365 2422 etiam
389 2377 496 2420 nomen
519 2361 669 2440 participii
691 2358 797 2420 simile.
839 2360 990 2439 participii
1016 2356 1112 2420 simile
1134 2376 1242 2419 nomen
1265 2368 1309 2418 est
1331 2359 1408 2440 quod
1422 2371 1479 2430 430,
1493 2361 1545 2421 aa

106 2464 167 2522 asle
192 2471 273 2523 sonat
305 2463 391 2541 qnasi
418 2463 623 2542 participium,
653 2478 762 2522 nomen
797 2469 843 2522 est
877 2468 991 2530 tamen,
1021 2455 1053 2521 'ut
1083 2467 1199 2540 potens.
1246 2479 1315 2521 ecce
1347 2479 1407 2523 non

133 2566 168 2624 sic
186 2573 227 2624 est
246 2571 367 2644 potens,
391 2581 480 2642 quem
502 2562 540 2624 ad
562 2561 683 2624 modum
704 2561 825 2641 legens?
848 2570 878 2623 et
901 2571 998 2624 tamen
1021 2573 1151 2643 apparet,
1175 2562 1293 2643 quando
1315 2564 1406 2642 partl-

133 2667 227 2746 oipinm
248 2667 302 2736 sit,
325 2665 445 2746 quando
466 2683 585 2726 nomen.
616 2683 725 2726 nomen
748 2671 806 2734 est,
830 2666 857 2726 si
877 2666 1003 2745 recipiat
1024 2666 1279 2744 conparationem,
1301 2672 1407 2745 potens

132 2769 265 2846 potentior
286 2768 516 2848 potentissimus.
552 2769 578 2829 si
599 2767 790 2847 participium
810 2767 915 2839 luerit,
940 2783 998 2829 non
1022 2768 1128 2847 recipit
1149 2767 1404 2847 conparationem;

133 2888 205 2930 tremo
226 2870 298 2931 dicit
317 2868 465 2949 legentior
486 2868 714 2949 legentissimus.
759 2868 816 2931 hoo
837 2869 932 2933 noluit
954 2869 1070 2931 adicere
1094 2870 1236 2939 llonatus,
1261 2869 1339 2949 quod
1362 2877 1406 2931 est

105 2971 190 3031 saue
214 2973 297 3033 satis:
335 2982 405 3033 sunt
431 2971 528 3052 aliqua
555 2973 676 3033 nomina
703 2974 823 3051 penitus
851 2969 1016 3053 [nomina],
1045 2990 1118 3033 sono
1140 2972 1309 3052 participia:
1338 2978 1407 3033 sunt

132 3073 215 3153 aliqua
239 3075 392 3154 participia
420 3076 553 3154 penitus;
581 3082 651 3134 sunt
679 3072 776 3155 aliqua
803 3073 909 3135 media.
957 3092 1025 3135 ecce
1053 3080 1159 3153 potens
1180 3082 1294 3135 mutum
1317 3072 1405 3135 modo

133 3194 224 3237 nomen
249 3184 294 3237 est
320 3194 376 3237 nec
403 3184 500 3256 potest
527 3195 595 3237 esse
622 3177 826 3256 participium,
854 3175 906 3236 sed
930 3193 1037 3236 nomen
1062 3182 1106 3236 cst
1127 3180 1250 3237 tantum
1295 3178 1405 3256 quarel

133 3279 187 3353 quia
210 3279 314 3357 recipit
340 3280 596 3358 conparationem,
629 3285 736 3358 potens
767 3278 918 3357 potentior
945 3279 1175 3357 potentissimus.
1220 3296 1275 3339 nec
1307 3286 1406 3359 potest

134 3396 185 3439 eme
204 3382 397 3461 participium.
444 3382 555 3458 quare?
583 3383 651 3460 quia
679 3397 738 3442 non
767 3381 847 3440 venit
869 3397 885 3439 a
908 3378 1007 3441 verbo.
1053 3382 1078 3441 si
1101 3382 1179 3441 enirn
1202 3400 1219 3441 a
1240 3379 1333 3443 verbo
1355 3400 1404 3443 re·

106 3482 210 3550 amet,
231 3490 307 3543 esset
327 3484 528 3563 participium.
558 3500 630 3561 ergo
652 3484 677 3543 si
698 3500 714 3542 a
737 3479 828 3542 verbo
849 3500 911 3543 non
933 3480 1023 3543 habet
1043 3482 1186 3561 originem
1210 3490 1240 3542 et
1261 3500 1403 3562 conpara-

134 3584 225 3644 tionem
246 3583 349 3655 nates,
373 3586 559 3665 apertissime
582 3602 691 3645 nomen
715 3592 768 3645 est.
797 3600 867 3643 ecce
881 3582 964 3645 vides
986 3601 1074 3663 quem
1097 3583 1272 3645 admodum
1295 3603 1403 3646 nomen

133 3691 176 3743 est.
216 3688 403 3747 econtrario
425 3686 611 3766 participium
634 3693 678 3746 est
699 3685 809 3763 legens.
847 3687 957 3765 quare?
981 3689 1117 3764 quonlam
1140 3685 1177 3747 ab
1200 3704 1235 3746 eo
1258 3686 1335 3767 quod
1360 3695 1404 3747 est

133 3783 186 3862 lego
209 3787 275 3849 inde
303 3796 349 3849 est
374 3786 477 3865 legens
505 3796 535 3847 et
562 3788 804 3867 conparationem
826 3805 887 3848 non
909 3789 1028 3868 recipit:
1058 3806 1145 3849 nemo
1168 3787 1239 3849 dicit
1259 3787 1403 3868 legentior

133 3884 340 3964 legentissimus.
367 3888 371 3971 l
401 3907 473 3969 ergo
495 3892 520 3950 si
542 3908 558 3950 a
580 3888 673 3950 verbo
695 3891 775 3950 venit
797 3897 827 3949 et
846 3907 906 3951 non
929 3876 1036 3971 recipit
1058 3892 1311 3968 conparationem,
1335 3909 1401 3971 par·

109 3990 244 4069 adcipinm
266 4000 320 4053 est.
358 4000 405 4052 est
425 3991 544 4070 aliquod
566 3990 712 4061 medium,
736 3999 768 4053 ut
791 3999 835 4052 est
856 4010 967 4053 amans.
1004 3992 1122 4073 quando
1144 3992 1269 4055 diuinam
1291 4009 1402 4059 amans,

133 4100 214 4168 potest
239 4102 267 4155 et
294 4114 310 4155 a
336 4094 429 4155 verbo
456 4112 537 4163 esse,
561 4112 629 4155 amo
657 4112 737 4155 amas
765 4102 857 4164 amat;
896 4112 965 4156 ecce
988 4114 1004 4155 a
1026 4094 1117 4157 verbo
1139 4096 1231 4155 venit:
1255 4102 1353 4173 potest
1375 4101 1403 4155 et

133 4195 246 4275 recipere
274 4197 532 4275 conparationem,
560 4212 664 4257 amans
691 4197 837 4257 amantior
864 4198 1090 4258 amantissimus.
1136 4196 1205 4276 qnid
1234 4214 1304 4275 ergo
1332 4197 1401 4258 laci·

133 4296 200 4355 mos?
230 4296 518 4376 quemadmodum
542 4298 752 4370 discernimus,
781 4298 899 4377 quando
928 4304 972 4359 est
993 4316 1117 4369 nomen,
1145 4298 1262 4377 quando
1283 4300 1402 4378 partici-

133 4430 415 4443 ½.—...-„-—-—

935 4453 940 4463 ι

188 4482 250 4534 dita
266 4489 298 4534 de
314 4486 423 4552 gerundi
444 4486 513 4536 modi
532 4486 644 4535 ultimam
664 4485 788 4548 syllabam
809 4526 917 4539 ......
938 4486 1031 4549 (luituri
1051 4488 1169 4537 inlitora
1185 4486 1215 4549 a)
1234 4486 1258 4534 in
1280 4500 1308 4535 ur
1323 4487 1402 4538 sertis

133 4561 152 4598 rt
166 4554 220 4604 sacis
237 4554 314 4605 lntnri
328 4555 422 4621 (futuri
439 4557 530 4606 deleuit
545 4555 577 4617 a)
593 4569 684 4604 nomen
705 4554 729 4603 Α
748 4558 782 4605 ita
797 4556 901 4619 gerendi
923 4555 990 4606 modi
1009 4556 1122 4607 ultimum
1141 4556 1264 4621 syllabam
1280 4556 1358 4606 luturi
1376 4558 1401 4606 in

133 4636 155 4668 or
168 4627 239 4675 nemis
255 4635 279 4675 et
297 4626 363 4676 laria
381 4640 472 4677 nomen
491 4625 604 4675 futurum
620 4626 646 4675 B
664 4628 698 4673 ito
720 4626 753 4675 de
770 4626 879 4692 gernrrdi
898 4627 966 4676 modi
986 4628 1064 4688 (corr.
1087 4626 1173 4691 modo)
1194 4626 1307 4676 ultimam
1323 4627 1401 4692 sylla-

133 4691 178 4741 bam
190 4692 263 4744 loturi
282 4698 306 4744 in
327 4711 356 4746 or
373 4696 453 4746 uenis
470 4706 495 4746 et
512 4696 577 4746 lacis
596 4709 686 4745 nornen
706 4698 726 4744 c
813 4696 846 4746 10
864 4710 915 4746 non
934 4706 1018 4762 potest
1042 4696 1095 4746 tert
1114 4697 1163 4745 nisi
1183 4695 1302 4747 utlaciat
1320 4706 1402 4761 sartqr
1517 4700 1520 4707 “

133 4764 214 4825 ott-A,
231 4765 323 4815 odda
382 4766 413 4817 ll
433 4766 615 4816 sartulaciunt
633 4764 715 4816 ABG
785 4766 914 4831 lipotest
932 4766 957 4815 A
1028 4768 1061 4817 22
1080 4766 1111 4815 sit
1130 4766 1221 4817 omri
1292 4768 1326 4821 24
1342 4766 1401 4819 dicit
1495 4795 1499 4803 ·

134 4831 205 4896 legens
220 4835 344 4902 legentior
358 4836 414 4885 AB
482 4836 515 4888 35
534 4847 560 4885 ut
574 4833 623 4902 est]
643 4835 710 4899 quod
729 4835 809 4885 estA
