3525 5600
362 433 425 498 654
919 429 1097 491 iituuouu

388 558 409 598 p.
423 544 468 586 its.
483 545 507 585 '16
522 541 548 585 V.

362 645 438 707 quae
466 644 525 694 non
554 625 613 683 nisi
642 638 736 700 usque
767 618 803 680 ad
831 621 1028 698 praeteritum
1056 621 1255 698 inperfectum
1284 618 1361 699 apud
1385 619 1452 680 illos
1475 621 1654 688 fleotomum

364 729 415 789 illa
438 729 542 795 etiam,
569 743 645 804 quae
668 726 700 783 in
722 734 808 798 σκω,
833 730 866 782 ιιι
887 718 1046 801 γηράσκω
1069 719 1216 782 τελίσκαν
1232 719 1381 801 papicum
1403 718 1592 800 τιτρώσκει,
1625 731 1653 781 et

364 850 438 912 quae
461 831 491 888 in
515 845 565 888 υω
587 835 695 886 exeunt
722 826 834 885 maiora
862 822 1030 902 disyllabis,
1054 815 1169 904 ὀμνύω
1192 818 1350 903 opposito,
1377 832 1407 884 et
1428 845 1503 904 quae
1525 829 1557 886 in
1580 843 1653 900 rem,

364 942 396 995 ut
419 928 531 1010 ῥιγείω
553 922 673 989 ὀκνείω
695 923 848 1006 βρωσείω
870 924 1052 1006 repperiet,
1075 935 1106 987 et
1128 945 1203 1006 quae
1226 945 1262 986 ex
1283 927 1493 1008 monosyllabis
1514 948 1570 1008 per
1592 932 1655 988 iota

363 1039 569 1115 geminantur,
591 1037 625 1092 ut
652 1028 720 1107 opti
742 1024 860 1107 coepti,
889 1028 958 1109 χρῶ
986 1027 1108 1108 κιχραῑ,
1137 1027 1187 1108 piei
1214 1025 1311 1110 βιβῶ.
1356 1029 1427 1090 haec
1449 1032 1674 1094 enimotnniat

363 1157 458 1217 usque
489 1137 525 1196 ad
555 1134 649 1196 solum
677 1124 906 1209 παρατατικόν
930 1130 1052 1212 illorum
1080 1150 1135 1191 nec
1163 1132 1241 1192 ultra
1269 1140 1394 1210 possunt
1416 1133 1545 1192 extendi.
1573 1192 1575 1208 ,
1601 1133 1656 1192 sod

365 1239 442 1320 apud
458 1239 580 1300 Latinos
602 1236 701 1295 omnia
724 1244 782 1294 usu
802 1240 917 1295 tantum
939 1232 1119 1294 destituente
1136 1235 1285 1294 deficiunt.
1316 1253 1384 1296 nam
1401 1225 1655 1313 ὀνοματοποιίαι

365 1356 483 1411 eorum,
513 1347 546 1400 ut
568 1338 676 1399 stridet
698 1343 728 1397 et
750 1335 876 1404 sintilia,
900 1335 936 1395 ad
959 1334 1168 1396 declinationis
1189 1335 1331 1397 ulteriora
1354 1337 1534 1415 procedunt:
1559 1355 1654 1416 paura

365 1462 434 1504 vcro
457 1449 508 1503 aut
529 1440 608 1502 nulla
631 1441 753 1500 suntin
782 1438 891 1518 quibus
919 1436 1037 1497 litterae
1059 1438 1135 1498 male
1158 1435 1218 1498 sibi
1241 1437 1402 1498 coltacrere
1426 1438 1581 1510 dicuntur;
1606 1459 1653 1499 rr-

365 1547 444 1625 liqua
472 1545 585 1612 omnia,
613 1542 660 1603 rel
687 1543 757 1621 quia
785 1560 845 1600 non
874 1540 949 1600 lecta
977 1547 1059 1608 suut,
1084 1538 1127 1599 vel
1152 1557 1208 1599 usu
1230 1547 1389 1619 respuente
1414 1547 1561 1602 vetantur.
1606 1545 1684 1606 ιιι-ιι

364 1666 452 1728 quarn
475 1653 505 1707 et
526 1664 591 1707 sum
614 1645 799 1705 deiecerunt.
843 1661 911 1703 narn
935 1649 1094 1722 sequentes
1121 1659 1267 1722 personae
1296 1645 1418 1704 mininie
1441 1647 1655 1704 convenientes

364 1754 479 1829 primae
502 1745 682 1827 syllabarum
704 1748 788 1805 exitu
817 1747 1029 1805 terminantur:
1065 1743 1190 1804 alterum
1207 1746 1294 1804 ‘eninr
1316 1745 1388 1804 lacit
1410 1747 1529 1824 inquam
1554 1750 1655 1826 inquis

365 1853 476 1930 inquit,
506 1850 631 1910 alterurn
658 1867 724 1908 sutn
754 1867 786 1908 es
817 1856 878 1916 est,
910 1849 941 1906 in
964 1845 1073 1926 quibus
1095 1839 1260 1924 ἀναλογία
1281 1846 1383 1907 verbis
1404 1850 1498 1908 antica
1520 1867 1582 1909 non
1606 1869 1654 1908 er·

365 1960 433 2014 stat.
470 1959 500 2012 et
528 1950 600 2011 illud
627 1949 748 2029 quidem
775 1949 900 2028 reliquis
928 1946 1066 2008 omnibus
1088 1946 1275 2027 temporibus
1296 1947 1411 2018 delicit3
1442 1967 1506 2008 suin
1528 1969 1602 2010 vcro
1625 1953 1653 2011 in

366 2055 443 2116 aliud
472 2054 593 2121 transit,
622 2059 655 2112 ut
683 2069 737 2130 per
766 2059 900 2132 tempora
930 2050 1110 2121 declinetur,
1141 2069 1223 2111 eraut
1250 2051 1294 2110 lui
1321 2053 1437 2112 lucram
1469 2071 1530 2112 ero.
1578 2055 1683 2114 lerion
1741 2107 1742 2112 ,

365 2165 499 2236 ternpore
520 2155 654 2234 perlecto
677 2153 777 2214 delicit
799 2160 829 2215 et
849 2171 952 2214 vocem
981 2152 1040 2214 sibi
1069 2152 1187 2226 aliunde
1210 2160 1376 2214 mutuatur:
1411 2158 1545 2238 percussi
1575 2159 1652 2216 enirn

365 2259 507 2327 dicimus,
531 2274 591 2316 non
613 2255 710 2316 leriri.
748 2257 812 2316 volo
834 2275 893 2316 non
917 2258 957 2316 ita
981 2255 1163 2324 declinatur,
1192 2263 1224 2314 ut
1247 2255 1338 2316 molo:
1368 2253 1445 2316 molo
1468 2259 1548 2318 enim
1570 2259 1654 2318 molis

365 2360 464 2430 molit,
488 2359 553 2419 volo
575 2361 619 2419 vis
642 2358 717 2428 vult,
742 2365 772 2417 et
794 2376 869 2437 quae
892 2377 928 2419 ox
951 2376 986 2418 oo
1009 2363 1216 2436 conponuntur
1242 2357 1309 2417 nolo
1330 2357 1417 2428 malo,
1442 2358 1507 2418 nolo
1530 2379 1589 2420 non
1613 2365 1653 2421 ris

365 2483 423 2524 non
448 2462 521 2532 vult,
544 2461 621 2521 malo
643 2461 735 2521 mavis
757 2460 878 2521 mavult.
921 2461 986 2521 lero
1008 2459 1116 2520 nullius
1139 2461 1358 2538 coniugationis
1380 2462 1411 2520 in
1434 2463 1564 2521 secunda
1586 2481 1650 2542 pcr-

365 2583 437 2626 sona
460 2564 593 2640 regulam
614 2571 728 2631 servat,
752 2565 817 2622 lero
839 2562 910 2622 lers.
941 2562 990 2621 odi
1012 2563 1080 2622 novi
1103 2563 1225 2622 memini
1248 2563 1278 2621 in
1302 2565 1384 2622 ontni
1406 2581 1501 2649 paene
1523 2565 1648 2625 declina·
1662 2593 1683 2626 s·

366 2669 446 2727 tione
478 2665 630 2726 deficiunt.
675 2663 732 2726 alia
765 2672 835 2724 sunt
866 2682 958 2743 quae,
988 2682 1054 2724 cunt
1084 2681 1240 2742 personam
1268 2665 1395 2742 primam
1422 2684 1482 2726 non
1515 2666 1646 2733 habeant,

300 2749 309 2764 ’
365 2768 477 2830 habent
498 2775 628 2837 ceteras,
653 2775 683 2828 ut
706 2785 775 2828 ovas
797 2776 877 2829 ovat:
902 2785 956 2827 ovo
979 2767 1058 2826 enini
1080 2763 1189 2827 lectum
1212 2783 1270 2826 non
1294 2773 1348 2827 est.
1380 2768 1451 2828 itcrn
1474 2769 1549 2829 luris
1570 2770 1645 2835 lorii,

366 2890 434 2931 cum
455 2872 534 2931 lurio
557 2888 629 2931 usus
652 2874 777 2947 ignoret.
823 2870 898 2929 laris
921 2871 1013 2938 latur,
1037 2886 1120 2928 roras
1144 2876 1240 2937 rorat,
1269 2868 1351 2929 daris
1373 2869 1476 2939 datur;
1510 2890 1562 2931 nec
1583 2891 1647 2932 roro

367 2979 543 3033 tanten0nec
565 2972 619 3031 dor
642 2989 697 3032 nec
718 2972 765 3031 lor
788 2971 918 3031 admittit
941 2971 1113 3031 auctoritas.
1142 2970 1232 3029 hebet
1254 2980 1372 3049 arguet,
1396 2990 1463 3033 cum
1485 2992 1537 3032 nec
1559 2974 1646 3033 beben

367 3094 421 3135 nec
443 3091 552 3151 aegreo
574 3076 613 3133 sit
635 3073 771 3133 relatum.
815 3070 897 3133 soleo
925 3074 1021 3134 nescit
1048 3072 1190 3132 luttnunt.
1237 3090 1322 3132 verro
1345 3075 1513 3153 perlectum
1534 3078 1643 3151 negarit
1656 3102 1679 3131 :.·

367 3178 504 3237 activum.
548 3176 651 3252 genuit
680 3194 715 3234 ex
745 3194 803 3254 quo
837 3174 967 3235 themate
996 3176 1108 3243 veniat,
1142 3174 1240 3235 nullus
1268 3178 1429 3253 expressit,
1466 3175 1534 3236 licet
1561 3178 1643 3236 l'arro

366 3278 477 3357 aliique
500 3285 634 3337 veterum
657 3276 787 3337 dixerint
809 3284 930 3353 genunt.
976 3294 1030 3336 nec
1054 3277 1180 3336 mirum:
1205 3294 1272 3336 uani
1295 3283 1325 3336 et
1347 3276 1426 3356 apud
1443 3276 1568 3337 Graecos
1587 3290 1641 3339 tarn

368 3380 527 3460 praeterita
550 3380 683 3440 invenies
706 3386 838 3457 tempora
859 3396 948 3457 quarn
971 3378 1068 3437 lutura
1092 3396 1166 3457 quoe
1190 3377 1398 3457 praesentibus
1421 3390 1550 3449 careant,
1573 3374 1641 3463 ἤνε-

367 3500 433 3560 γκα
456 3476 603 3559 ἔδραμον
625 3480 727 3540 olom:

436 3691 603 3765 ιγηραὶσιιω]
616 3713 742 3762 repectu
755 3700 779 3747 B
830 3698 968 3765 γαμίσκω]
981 3713 1110 3763 perpesso>
1122 3698 1146 3747 B
1198 3692 1333 3765 4ριγείω]
1347 3715 1448 3766 neptim
1461 3696 1486 3744 B
1536 3695 1640 3761 δτιιιιιιὶ]ἶ

368 3783 453 3834 ttppot
469 3766 495 3815 B
552 3764 649 3833 κιχρῶ]
668 3784 752 3832 peppo
765 3768 791 3817 B
849 3770 880 3817 10
896 3778 955 3816 suut
972 3784 1018 3818 om.
1033 3766 1057 3815 B
1114 3769 1147 3816 ιθ
1164 3766 1244 3817 Varro
1261 3768 1354 3829 aliique
1367 3778 1482 3817 ueterum
1496 3766 1596 3815 dixerint
1606 3767 1639 3818 ed.

374 3836 451 3886 Vina.
469 3850 544 3885 uarro
562 3834 647 3897 alique
663 3848 777 3884 ueterum
794 3835 887 3885 dixerit
900 3834 924 3883 B
993 3838 1025 3887 28
1037 3836 1150 3886 subiecto
1168 3845 1206 3887 est
1223 3837 1250 3885 ιἰι
1267 3838 1355 3887 codiee
1373 3836 1510 3887 declinatio
1527 3834 1638 3884 verboru

369 3904 549 3966 defectivum
567 3918 624 3953 som
637 3917 741 3968 protum
754 3918 859 3969 possum
872 3902 926 3953 lero
940 3904 996 3952 volo
1010 3904 1067 3952 nolo
1081 3904 1123 3953 odi
1137 3907 1196 3954 novi
1209 3905 1319 3964 memini,
1332 3921 1367 3953 etr
1379 3922 1430 3971 qua
1442 3906 1505 3954 haee
1523 3904 1639 3965 exerpsi:

370 3972 433 4019 Sum
450 3971 555 4020 verbum
572 3970 734 4027 defectivum.
751 3972 870 4035 quoniam
890 3971 983 4021 delerit
996 3972 1219 4037 coniugationibus
1232 3973 1389 4037 temporibus
1402 3972 1542 4039 participiis
1553 3984 1638 4034 genem

370 4039 555 4103 coniugationis
573 4039 640 4101 enim
660 4039 753 4088 nullius
771 4052 819 4091 est.
842 4048 957 4105 tempore
975 4040 1077 4089 aliunde
1090 4042 1193 4107 occipit.
1217 4040 1278 4105 quid
1290 4042 1357 4089 enim
1371 4056 1425 4091 eret
1438 4040 1518 4089 iniad
1529 4052 1582 4087 snm
1592 4038 1640 4086 atti·

370 4107 448 4156 nent?
465 4107 625 4171 perticipium
643 4108 921 4173 praeseutisternporis
935 4106 1079 4159 nonhabet.
1104 4110 1207 4173 generis
1221 4108 1308 4158 itidem
1321 4108 1416 4159 nullius
1429 4118 1474 4159 est.
1499 4105 1610 4172 gemndit
1620 4114 1639 4152 et

369 4174 544 4240 inpersonttlic
557 4189 606 4223 noo
620 4174 703 4227 babet,
729 4176 864 4225 indicativo
882 4175 957 4225 ruodo
977 4177 1098 4241 temporis
1115 4177 1255 4239 proesentis
1274 4178 1370 4227 numeri
1388 4176 1525 4241 singularis
1537 4180 1638 4223 sumere.

371 4243 463 4312 otpt'sso
480 4244 650 4293 declinatione
665 4244 748 4304 futuri
765 4244 895 4295 ιιιιίίααιίυι·
911 4270 942 4279 -
962 4244 993 4293 ad
1005 4244 1199 4294 similitudinem
1217 4245 1309 4308 prioris
1323 4256 1347 4293 et
1359 4260 1426 4309 quae
1438 4260 1471 4293 ex
1483 4257 1513 4292 eo
1524 4242 1638 4307 conposite

371 4320 431 4361 sont
443 4310 649 4371 declinabuntur,
664 4322 692 4359 ιιι
704 4321 742 4360 est
755 4325 857 4376 prosum
869 4338 901 4349 -
915 4313 1000 4361 loturo
1015 4312 1121 4377 prodero
1140 4312 1254 4376 proderis
1266 4312 1380 4378 proderit
1392 4312 1550 4380 proderimns
1562 4310 1638 4375 prode-

371 4378 427 4430 ritis
440 4379 569 4443 proderint
584 4406 618 4415 —
633 4393 739 4443 possum
757 4394 859 4442 quoque
876 4382 980 4430 verbum
999 4380 1101 4429 tetidem
1119 4379 1271 4429 defectivum
1286 4380 1367 4429 simile
1380 4380 1515 4446 superiori,
1527 4380 1572 4429 nisi
1582 4376 1637 4441 qnod

372 4446 505 4512 participio
526 4446 620 4507 delicit,
642 4462 693 4496 non
714 4448 855 4511 praesentis
872 4449 1002 4513 temporis,
1020 4447 1065 4497 ted
1082 4447 1162 4497 loturi
1173 4472 1208 4481 -
1224 4460 1330 4512 potuero
1348 4449 1429 4513 (corr.
1444 4446 1543 4513 potero)
1559 4446 1636 4512 poterit

374 4514 465 4580 poterit
476 4515 615 4579 poterimus
627 4516 741 4580 poteritis
754 4514 872 4580 poterint.
897 4517 1046 4581 imperativo
1064 4516 1138 4565 modo
1156 4516 1188 4565 od
1207 4516 1345 4566 seeundum
1364 4530 1389 4566 et
1399 4516 1436 4579 (et
1448 4532 1494 4566 οιιι.
1508 4514 1544 4578 Β)
1556 4516 1635 4563 tertisn

374 4596 510 4647 personam
528 4591 641 4648 tempore
658 4585 785 4648 praesenti
798 4592 871 4647 potes
884 4586 965 4649 possit
976 4585 1106 4649 possimus
1118 4586 1222 4650 possitis
1235 4585 1344 4648 possint,
1361 4586 1447 4635 tuturo
1460 4592 1556 4651 potesto
1568 4592 1590 4631 tn
1599 4596 1635 4646 po·

374 4661 440 4699 testo
451 4650 495 4699 ille
505 4650 545 4698 vel
558 4653 640 4715 possit
651 4661 776 4715 poteetote
785 4653 886 4717 possint
895 4654 933 4701 vel
944 4662 1076 4717 possunto.
1088 4676 1122 4688 -
1134 4652 1186 4701 lero
1197 4652 1284 4702 itidem
1297 4654 1402 4703 verbum
1414 4652 1571 4709 defectivum,
1581 4649 1634 4712 qnod

377 4718 479 4791 attidem
493 4718 585 4767 deiecit
601 4734 682 4781 aeque
697 4721 831 4783 generibus
848 4732 872 4771 et
883 4720 1023 4786 participiis
1040 4731 1064 4769 et
1075 4720 1279 4785 inpcmonclibnt
1293 4746 1320 4755 -
1335 4722 1485 4786 imperativo
1498 4719 1567 4769 modo
1582 4716 1635 4765 ierrt

377 4787 471 4835 leretur
488 4785 598 4837 feramur
619 4786 736 4836 feramini
753 4788 866 4837 letentur
882 4790 961 4839 i'ertor
979 4800 1005 4837 ιιι
1023 4788 1101 4838 sertor
1118 4788 1160 4837 ille
1175 4788 1252 4852 (letto
1269 4796 1297 4839 tu
1313 4788 1377 4839 ferte
1396 4790 1440 4839 ille
1452 4788 1489 4854 B)
1506 4789 1542 4837 rel
1559 4787 1634 4835 lentur

376 4852 507 4904 feriminor
523 4854 636 4904 ferentur
652 4856 693 4904 vel
709 4856 821 4928 leruntop
832 4884 865 4893 -—
877 4873 934 4905 eunt
955 4858 1022 4906 latus
1034 4872 1077 4906 ero
1090 4856 1160 4907 locro
1174 4858 1224 4907 eris
1237 4857 1315 4907 tueris
1328 4859 1376 4907 erit
1389 4858 1463 4907 luerit
1474 4858 1559 4906 erimm
1571 4852 1634 4902 beti-

377 4936 433 4972 mus
446 4922 514 4971 eritis
525 4920 624 4973 fueritis
637 4924 700 4973 erint
712 4924 814 4977 inerint.
825 4952 854 4961 —
868 4926 926 4975 volo
941 4926 1043 4975 verbum
1057 4925 1208 4975 defectivum
1220 4927 1441 4991 coniugationibus
1452 4924 1575 4990 generibus
1584 4934 1633 4986 par·
