3525 5600
738 391 809 463 ans
1378 387 1421 466 33

1243 502 1320 553 ἶ1388.
1333 513 1358 552 Β
1372 509 1395 552 Ρ.

136 585 349 649 circumllexum
373 589 476 659 babet,
510 590 535 650 si
568 597 672 650 natura
693 588 795 666 longa;
833 591 858 649 si
879 591 1039 668 positione,
1074 597 1206 660 acutum,
1228 523 1273 650 put
1294 600 1419 652 carecta.

137 687 364 769 amphimacrus,
394 701 426 753 ut
450 691 581 761 insulae,
609 691 712 770 quovis
739 690 827 751 molo
856 693 886 751 in
916 690 1147 770 antepenultima
1174 699 1294 754 acutum
1321 691 1420 754 habet.

135 793 257 872 quinque
284 802 353 854 sunt
380 793 411 854 hi
438 793 530 874 pedes
557 809 644 870 ergo,
674 794 725 872 qui
752 794 856 872 quovis
882 792 971 854 modo
999 795 1029 854 in
1052 793 1282 874 antepenultima
1304 801 1421 856 acutum

136 893 254 962 babent,
288 893 456 976 tribrachys
488 895 635 956 molossus
666 905 842 975 anapaestus
869 895 1002 975 dactylus
1029 903 1059 956 et
1085 895 1312 975 amphimacrus.
1363 895 1421 958 duo

115 1001 212 1064 esunt,
240 995 475 1074 palimbacchius
496 1006 526 1058 et
548 996 688 1058 bacchius
713 1005 842 1068 tautum,
872 999 923 1075 qui
945 998 1155 1077 quovismodo
1179 995 1184 1080 Ι
1208 1000 1238 1060 in
1261 997 1422 1078 penultima

135 1105 248 1158 acutum
281 1095 402 1160 habent.
448 1117 525 1161 unus
558 1107 604 1160 est
634 1097 878 1179 amphibrachus,
914 1101 964 1179 qui
992 1101 1022 1160 in
1050 1099 1226 1180 penultima,
1261 1101 1285 1162 si
1317 1109 1423 1162 natura

135 1199 215 1277 longa
238 1199 342 1270 luerit,
365 1202 588 1262 circumflexum
611 1203 731 1281 recipit,
754 1203 780 1262 si
801 1203 962 1282 positione,
987 1210 1114 1264 acutum.
1143 1203 1187 1262 ·in
1212 1201 1423 1282 amphibracho

136 1300 202 1362 baec
225 1311 270 1362 est
292 1304 384 1363 ratio:
414 1301 502 1363 buius
523 1302 687 1382 penultima
710 1306 735 1364 si
756 1305 904 1383 positione
926 1302 1014 1382 longa
1036 1305 1140 1372 luerit,
1164 1313 1281 1366 acutum
1303 1303 1425 1366 habebit

136 1413 299 1476 accentum,
323 1407 348 1466 si
371 1412 489 1476 natura,
512 1405 745 1467 circumflexum.
789 1405 1006 1485 providendum
1029 1413 1074 1466 est
1095 1413 1193 1466 autem
1215 1414 1247 1466 nt
1261 1405 1423 1486 penultima

105 1522 126 1560 o
136 1505 337 1586 amphibrachi
364 1508 511 1586 positione
536 1507 587 1568 liat
613 1505 717 1585 longa:
744 1527 813 1570 nam
841 1510 866 1570 si
890 1527 925 1569 ex
949 1516 1028 1568 muta
1051 1515 1081 1568 ct
1103 1506 1212 1587 liquida
1237 1507 1325 1570 luerit
1347 1509 1423 1570 lacta

136 1609 238 1688 positio
259 1608 451 1688 penultimae,
474 1617 579 1670 acutus
601 1611 632 1670 in
654 1610 918 1689 antepenultimam
940 1609 1054 1672 transit

212 1709 256 1770 ln
272 1713 497 1790 conpositis:
512 1713 775 1792 quotienscumque
788 1731 823 1772 ex
837 1711 974 1792 pluribus
989 1710 1122 1790 partibus
1134 1713 1252 1772 uomina
1264 1713 1425 1790 composita
1437 1719 1496 1782 3⁷1,
1509 1717 1541 1765 un

136 1813 311 1889 reperimus,
336 1831 395 1874 non
418 1815 476 1875 nisi
496 1815 527 1873 in
550 1812 645 1874 tribus
666 1812 786 1894 syllabis
807 1823 963 1875 accentum
986 1815 1164 1894 qtaaerimus.
1201 1815 1231 1873 in
1254 1814 1425 1892 compositis

136 1913 320 1976 sermonibus
347 1933 441 1995 acque
469 1933 545 1976 uuus
571 1923 712 1976 accentus
733 1917 896 1986 invenitur,
926 1918 1001 1977 sicut
1029 1917 1109 1976 etin
1131 1913 1329 1994 simplicibus,
1358 1915 1425 1994 quia

106 2018 164 2076 uin
185 2015 282 2078 tribus
302 2015 423 2097 syllabis
444 2019 593 2078 invenitur
614 2027 754 2079 accentus
777 2015 822 2098 [in
844 2017 968 2080 bacchio
990 2035 1060 2079 vero
1082 2019 1113 2078 in
1135 2016 1297 2097 penultima
1313 2019 1426 2078 inveni·

136 2127 180 2180 tur
201 2152 205 2199 i
228 2127 335 2180 acutus
361 2127 516 2190 accentus,
544 2121 606 2180 sire
632 2118 682 2181 illa
708 2121 857 2199 positione
885 2122 922 2182 sit
944 2119 1031 2198 longa
1053 2121 1114 2180 sire
1136 2117 1266 2200 natura}
1311 2121 1426 2180 interca

136 2223 163 2280 in
189 2220 422 2302 antepenultima
450 2230 503 2284 est.
541 2255 584 2265 —
619 2223 765 2283 Accentus
791 2223 822 2282 in
845 2220 986 2284 Romanis
1007 2221 1104 2282 verbis
1133 2229 1162 2282 et
1187 2223 1217 2282 in
1239 2219 1427 2299 regularibus
1439 2227 1473 2276 24
1553 2297 1556 2308 .

136 2341 275 2402 quaerere
293 2323 448 2384 debemus.
494 2326 651 2404 peregrina
674 2326 808 2395 nomina,
831 2343 908 2404 qnae
930 2331 999 2386 sunt
1020 2323 1155 2395 barbara,
1179 2323 1224 2384 rel
1246 2323 1426 2384 interlectio-

137 2443 193 2494 nes,
216 2444 293 2504 quac
316 2444 353 2486 ex
375 2426 482 2486 allecto
504 2427 595 2487 animi
617 2434 788 2496 nascuntur,
811 2433 952 2488 accentus
975 2423 1085 2487 habere
1107 2443 1167 2487 non
1189 2432 1328 2506 possunt,
1352 2425 1427 2486 heus

106 2525 200 2586 alcu.
224 2525 390 2588 —Nulli
419 2530 517 2588 certi
543 2535 643 2590 sunt:
681 2535 821 2590 accentus
847 2527 945 2608 legem
968 2528 1040 2589 dicit
1060 2528 1301 2608 pronuntiatione
1324 2533 1473 2588 curru-an

137 2638 228 2708 ptam,
257 2631 328 2706 quia
357 2627 512 2708 dissyllaba
542 2630 631 2691 rerba
659 2629 705 2690 vel
731 2632 867 2700 nomina,
896 2647 971 2710 quae
1000 2637 1116 2692 constat
1142 2631 1173 2692 in
1201 2629 1295 2710 prima
1317 2627 1428 2709 syllaba

138 2729 243 2792 habere
277 2740 434 2792 accentum
470 2728 510 2812 [si
532 2730 681 2814 tenores],
716 2734 748 2792 in
779 2731 1023 2813 pronuntiatione
1050 2740 1192 2794 accentus
1224 2731 1259 2792 arl
1294 2729 1427 2792 ultimam

137 2835 330 2904 transierunt,
360 2852 436 2914 quae
457 2835 577 2915 quidem
600 2854 660 2897 nun
683 2833 796 2897 videtu
818 2854 885 2897 esse
907 2834 1022 2905 ultima,
1053 2838 1122 2917 quia
1145 2835 1199 2897 bac
1222 2836 1428 2895 coniunctione

137 2935 263 3015 inpletur
285 2936 433 3017 periodos.
459 2971 498 2981 -
522 2937 639 3017 Saepe
660 2938 878 2999 conturbat:
909 2940 1133 3000 meminerimus
1156 2944 1188 2997 ut
1210 2954 1315 3015 graeca
1339 2934 1472 3002 verbaat

106 3042 253 3112 unrocus
280 3037 455 3100 accentibus
477 3041 718 3118 pronuntiemus,
747 3056 822 3119 quae
846 3039 935 3101 rerba
963 3043 993 3101 in
1016 3039 1127 3101 ultimis
1148 3036 1267 3119 syllabis
1289 3046 1429 3101 accentus

139 3140 260 3210 habent,
289 3158 367 3220 quae
389 3139 485 3201 Latini
506 3140 619 3202 babere
640 3158 700 3201 non
722 3148 860 3220 possunt,
886 3153 918 3203 ut
940 3141 1014 3203 llido
1037 3141 1115 3203 Nais.
1142 3140 1147 3223 Ι
1174 3138 1216 3223 [in
1238 3140 1284 3201 bis
1308 3140 1428 3202 ultimae

139 3240 245 3303 habent
265 3242 490 3303 eircumllexum
513 3240 690 3323 accentum]
712 3276 755 3289 -
777 3243 856 3303 Nisi
878 3242 1125 3305 discretionis
1152 3261 1278 3304 causa:
1306 3252 1376 3303 tunc
1398 3244 1474 3302 maa

139 3342 234 3404 latinis
256 3342 356 3404 verbis
376 3345 407 3404 in
428 3342 531 3405 ultima
554 3344 666 3423 syllaba
688 3353 830 3407 accentus
850 3346 1016 3413 invenitur,
1047 3345 1184 3425 quotiens
1206 3344 1296 3405 luerit
1317 3345 1429 3406 discre-

139 3447 177 3506 tio
199 3445 360 3507 verborum
382 3446 555 3525 separantia,
580 3456 612 3507 ut
627 3443 640 3529 ll
656 3466 727 3527 ergo
752 3445 798 3528 [ut
819 3465 912 3527 pone,
936 3446 1004 3508 ideo
1026 3464 1064 3507 ne
1087 3446 1208 3507 verbum
1231 3454 1352 3525 putetur
1374 3447 1429 3506 im·

109 3549 261 3626 operatiri
282 3546 395 3628 morli],
418 3566 456 3609 ne
478 3549 649 3610 coniunctio
671 3549 875 3627 intellegatur,
906 3566 979 3629 quae
1003 3566 1120 3609 causam
1143 3548 1301 3626 significat,
1330 3555 1362 3609 ut
1385 3546 1428 3608 ul·

142 3651 207 3710 tima
228 3635 428 3731 producatur,
452 3652 483 3711 in
505 3650 607 3711 ultima
631 3652 852 3712 circumflexum
874 3650 991 3731 recipit.
1021 3652 1144 3719 Acutus,
1168 3652 1279 3727 gravis,
1303 3652 1429 3711 circum·

140 3750 246 3823 lienus,
263 3752 378 3821 brevis,
395 3744 496 3831 ὑφέν,
512 3748 683 3830 διαστολή.
702 3788 739 3797 -
756 3753 799 3814 Ne
822 3753 937 3813 dicatur
952 3745 1042 3831 ὑφέν
1064 3754 1268 3832 ‘conspicit
1289 3756 1429 3813 ursus’.

140 3888 179 3897 —
204 3854 337 3916 Auostu
363 3850 461 3934 ostri:
495 3850 613 3915 δασεῖα
646 3853 824 3934 adspiratio,
856 3849 940 3935 ψιλή
973 3854 1099 3915 siccitas.
1144 3852 1218 3915 haec
1245 3854 1327 3932 signa
1354 3850 1430 3933 apud

142 3956 278 4018 Graecos.
315 4012 327 4023 ,

207 4196 270 4249 eod.
289 4194 370 4249 nm.
389 4196 413 4245 V
429 4194 532 4246 last-7.
602 4196 618 4247 2
637 4192 839 4263 amphimacrus]
857 4192 1025 4260 nmllbraohys
1096 4195 1122 4244 in
1137 4194 1362 4261 antepenultimam

144 4264 204 4316 blaii
276 4268 301 4317 in
320 4265 544 4333 antepenultimam
615 4267 809 4316 lamllmncrns
878 4266 935 4315 bin
955 4263 1119 4332 penultimam
1189 4264 1299 4317 bhahet
1361 4262 1431 4314 anill-

143 4336 246 4387 brnebus
305 4339 332 4387 iu
350 4336 515 4403 penultimam
584 4336 644 4385 liu
662 4336 818 4386 nmilbracbu
886 4334 1257 4402 upenutaimamamuumchy
1327 4334 1360 4385 10
1377 4336 1431 4384 Ιυη-

145 4420 197 4470 gam
268 4407 301 4459 11
320 4406 461 4474 penultima
532 4406 564 4457 12
583 4420 616 4455 ex
633 4403 761 4471 pluribus]
779 4406 805 4455 in
822 4404 917 4468 plumis
935 4422 1006 4459 coar,
1025 4408 1060 4455 ul.
1080 4422 1143 4459 anna.
1169 4406 1194 4455 in
1213 4405 1329 4472 plurimis
1400 4403 1433 4457 13

144 4478 301 4542 repperimus
371 4478 403 4529 14
423 4478 482 4539 qnia
498 4478 524 4525 in
542 4476 636 4526 suibus
706 4476 740 4526 20
757 4484 902 4541 correptum
970 4476 1003 4528 at
1029 4474 1147 4540 imprimo
1215 4478 1249 4527 ¹24
1268 4477 1367 4545 graecis
1385 4490 1432 4527 orn.

208 4547 243 4599 23
263 4544 336 4611 ideo]
356 4548 391 4596 ibi
461 4546 496 4597 30
513 4560 591 4596 canan
660 4546 692 4598 31
713 4547 838 4611 recipiant
906 4544 941 4597 32
959 4547 1099 4613 conspiciet
1121 4561 1188 4596 corr.
1207 4547 1253 4595 -eit
1320 4544 1354 4598 33
1373 4557 1434 4611 aput

147 4631 244 4681 naeuos
262 4620 393 4684 positurae
413 4618 530 4683 ponenda
603 4615 637 4668 ut
655 4616 786 4667 sacrabis
1216 4624 1218 4631 ⁴

149 4840 377 4962 vysslqusmwe
394 4841 551 4893 interesloci:
574 4841 600 4891 in
617 4840 816 4907 antepenultima
835 4848 874 4888 est
892 4844 1010 4888 occentus
1064 4834 1097 4888 32
1117 4834 1252 4903 conspicit]
1274 4838 1354 4903 Verp.
1367 4836 1433 4889 Aen.

195 5000 520 5045 ammanitarum
1213 4992 1234 5055 3
