3525 5600
540 447 740 510 EXCERPTA
762 445 964 508 uouit-lustu
990 444 1080 506 1-3

720 685 740 710 ”
789 683 833 768 Il

556 852 806 926 ΕΧΟΕΒΡΤΑ
831 853 895 924 DE
921 852 1060 926 LIBRO

368 989 1245 1120 urcuonrrrunouosrr

162 1193 236 1267 DE
263 1193 549 1268 VERBORVM
576 1190 772 1268 GRAECI
794 1191 864 1266 ΕΤ
881 1191 1062 1266 LATINI
1087 1189 1455 1264 DIFFERENTHS

136 1363 150 1401 s
201 1373 208 1381 -
557 1330 662 1406 VEL
689 1317 1066 1404 sodIETATIBVS

375 1685 614 1750 rutubostvs
636 1685 841 1748 SYMMACHO
864 1686 936 1747 SVO
959 1685 1133 1748 SALVTEM
1155 1683 1255 1746 lllClT
1302 1635 1306 1642 Ι

251 1841 324 1900 Cum
351 1840 395 1900 vel
424 1848 529 1900 natura
557 1839 603 1900 rel
626 1858 697 1900 usus
719 1840 858 1920 loquendi
888 1840 1004 1916 linguas
1027 1841 1160 1916 gentium
1182 1839 1337 1918 multiplici
1360 1838 1457 1899 diver·
1471 1854 1558 1912 599‚o

164 1923 257 2000 sitate'
281 1942 440 2010 variasset,
468 1943 578 2002 ceteris
601 1949 652 2002 aut
673 1941 805 2003 anhelitu
827 1951 877 2002 aut
899 1939 989 2000 sibilo
1011 1939 1230 2020 explicantibus
1259 1941 1339 2020 loqui
1363 1959 1456 2008 suum,

163 2045 238 2103 solis
260 2061 385 2120 graecae
406 2043 575 2123 latinaeque
598 2053 628 2103 et
649 2046 712 2104 soni
735 2044 866 2122 leporem
889 2051 918 2102 et
941 2045 1013 2103 artis
1029 2042 1214 2122 disciplinam
1237 2051 1325 2123 utque
1348 2045 1378 2102 in
1394 2045 1457 2122 ipsa

123 2163 149 2200 ro
166 2145 308 2223 loquendi
338 2145 565 2205 mansuetudine
594 2133 722 2205 similem
749 2145 862 2206 cultum
890 2153 920 2204 ct
949 2145 1219 2206 coniunctissimam
1252 2147 1457 2222 cognationem

163 2247 257 2306 dedit.
302 2266 369 2307 nam
398 2253 428 2306 et
455 2246 550 2307 isdem
579 2248 722 2307 orationis
750 2246 887 2325 partibus
914 2246 1025 2326 absque
1054 2245 1192 2316 articulo,
1223 2265 1312 2324 quem
1335 2246 1457 2306 Graecia

163 2348 227 2407 sola
256 2351 361 2408 sortita
389 2356 449 2416 est,
478 2356 508 2407 et
535 2349 631 2410 isdem
659 2367 751 2428 penes
785 2348 919 2425 singulas
946 2357 1048 2428 partes
1074 2347 1332 2408 observationibus
1360 2365 1458 2408 sermo

164 2457 292 2528 uterque
315 2432 519 2526 distinguitur,
543 2468 632 2530 pares
654 2451 718 2510 lere
740 2452 772 2510 in
795 2457 921 2528 utroque
940 2450 1127 2529 conponendi
1150 2451 1272 2527 figurae,
1296 2457 1328 2508 ut
1349 2468 1456 2529 prope-

163 2549 286 2611 modum
310 2553 361 2630 qui
383 2553 527 2611 intramnis
550 2561 644 2613 artem
666 2551 806 2612 didicerit
829 2551 931 2613 ambas
953 2553 1079 2612 noverit.
1123 2551 1174 2612 sed
1196 2553 1266 2630 quia
1288 2553 1329 2612 ita
1353 2559 1456 2612 natura

124 2653 240 2719 islert,
270 2671 307 2712 ue
336 2653 408 2731 quid
436 2655 480 2712 sic
508 2671 572 2713 esse
594 2654 680 2715 alteri
702 2653 798 2712 simile
831 2656 940 2733 possit,
969 2662 1002 2714 ut
1023 2653 1103 2713 idem
1131 2653 1174 2713 illi
1198 2656 1236 2713 sit
1259 2650 1390 2729 (necesse
1414 2661 1458 2712 est

75 2794 81 2805 ·
163 2756 245 2815 enim
268 2773 354 2817 omne
377 2756 455 2836 quod
478 2756 574 2817 simile
594 2762 639 2817 est
661 2754 759 2836 aliqua
776 2755 943 2816 differentia
961 2754 998 2815 ah
1021 2774 1056 2816 eo
1079 2758 1126 2816 cui
1150 2756 1302 2816 confertur
1316 2754 1455 2833 recedat),

164 2858 249 2927 ideo,
278 2876 345 2917 cum
373 2865 474 2936 partes
502 2859 646 2918 orationis
674 2860 704 2917 in
733 2865 857 2936 utraque
885 2858 985 2935 lingua
1014 2866 1077 2919 arta
1109 2859 1188 2918 inter
1210 2877 1241 2917 se
1263 2857 1457 2918 similitudine

163 2961 367 3032 vincirentur,
395 2960 535 3039 quasdam
564 2970 663 3021 tamen
685 2962 898 3039 proprietates,
928 2959 1036 3039 quibus
1069 2978 1201 3020 seorsum
1231 2961 1456 3037 insignirentur,

163 3060 343 3129 habuerunt,
367 3080 442 3141 quae
465 3080 574 3139 graeco
596 3064 715 3122 nomine
739 3062 879 3122 idiomata
901 3069 1053 3121 vocantur.

120 3181 149 3217 so
251 3162 325 3222 ltem
348 3165 444 3242 prima
459 3164 614 3242 utriusque
629 3163 711 3223 verbi
735 3166 862 3224 societas
883 3165 915 3223 in
938 3163 994 3222 hoc
1017 3170 1069 3233 est,
1093 3163 1171 3243 quod
1193 3171 1331 3224 neutrum
1355 3182 1456 3223 eorum
1470 3182 1528 3241 599,
1544 3180 1573 3227 12

164 3266 196 3323 iu
221 3282 305 3324 casus
328 3264 473 3334 llectitur;
497 3264 604 3324 deinde
626 3265 704 3343 quod
727 3273 885 3344 utrumque
909 3267 1065 3325 comitatur
1087 3284 1214 3344 persona
1230 3267 1347 3326 numeri
1363 3266 1456 3343 ligura

164 3367 336 3443 coniugatio
352 3374 469 3445 tempus
484 3366 598 3436 modus,
619 3384 708 3445 quem
725 3369 835 3426 Graeci
855 3365 981 3427 enclisIn
996 3375 1110 3437 vocant,
1134 3368 1231 3429 Latini
1249 3366 1251 3446 j
1270 3385 1337 3427 cum
1354 3370 1457 3429 lormis

163 3468 197 3526 iu
226 3466 366 3546 qualitate
389 3476 565 3547 posuerunt,
593 3485 700 3545 genus,
729 3468 807 3546 quod
829 3468 907 3546 apud
936 3468 1064 3529 Graecos
1095 3468 1238 3530 diathesis
1259 3478 1456 3550 nuncupatur.

163 3569 271 3627 horum
299 3570 425 3646 siugulis
448 3571 591 3649 inspectis
613 3568 765 3629 sollertius
785 3588 861 3648 quae
885 3572 915 3631 iu
939 3570 986 3631 his
1001 3571 1117 3631 diversa
1140 3580 1209 3631 sunt
1230 3591 1288 3633 non
1312 3572 1455 3633 latelnmt.

121 3686 148 3725 ss
163 3670 246 3727 circa
269 3689 364 3741 casus,
388 3680 421 3732 ut
443 3670 581 3739 diximus,
605 3672 741 3749 utrisque
763 3674 898 3750 perlecta
916 3675 1085 3733 communio
1101 3681 1155 3734 est.
1183 3677 1279 3754 prima
1301 3677 1455 3755 utriusque

162 3769 251 3831 verbi
274 3774 400 3833 societas
416 3780 461 3832 est
482 3774 512 3831 in
535 3773 604 3832 hoc:
628 3791 696 3832 uam
718 3781 749 3832 et
764 3782 903 3835 neutrum
926 3773 1044 3835 casibus
1067 3776 1232 3836 declinatur
1252 3785 1283 3836 et
1297 3784 1456 3857 utrumque
1526 3828 1530 3839 ,

161 3873 307 3933 similiter
329 3876 475 3935 universis
503 3893 597 3953 paene
620 3874 739 3935 casibus
761 3879 861 3947 servit,
885 3884 917 3936 ut
939 3858 1083 3937 misereor
1104 3878 1194 3946 illius,
1217 3897 1308 3957 parco
1330 3879 1383 3949 illi,
1408 3898 1470 3951 ve-¹

162 3975 371 4045 nerorillum,
395 3976 479 4034 venio
502 3976 627 4046 abillo,
652 3978 732 4036 nitor
758 3975 825 4048 illo;
854 3979 925 4039 item
954 3978 1118 4060 φροντιζω
1147 3978 1262 4058 τοῦδε,
1297 3979 1456 4061 πεύθομαι

161 4074 263 4157 τῷδε,
286 4077 375 4157 φιλῶ
397 4061 701 4149 successionum
731 4080 813 4138 enim
841 4080 887 4140 rel
916 4098 1004 4160 quem
1027 4081 1131 4141 dicunt
1152 4083 1309 4160 septimum
1333 4082 1455 4141 Graecia

120 4195 226 4236 aenon
250 4180 366 4257 recipit.
411 4178 514 4238 eadem
536 4178 596 4238 illis
619 4188 649 4239 et
670 4182 701 4239 in
730 4183 867 4259 personis
894 4181 1058 4242 similitudo
1085 4189 1144 4251 est,
1173 4185 1241 4262 quia
1269 4184 1300 4243 in
1330 4192 1455 4263 utroque

162 4276 259 4337 verbo
282 4278 321 4337 lll
344 4280 463 4341 eaedem
486 4300 631 4359 personae
654 4288 732 4351 sunt,
755 4284 851 4361 prima
874 4302 956 4351 voco,
980 4284 1108 4343 secunda
1131 4302 1225 4355 vocas,
1254 4286 1341 4345 tertia
1363 4293 1455 4352 vocat,

162 4387 195 4441 et
219 4381 296 4458 apud
320 4380 385 4441 illos
406 4381 498 4443 nelei
521 4383 634 4455 καλεῖς
655 4383 761 4444 καλεῖ.
806 4382 878 4444 haec
901 4394 969 4445 sunt
992 4386 1054 4445 lere
1080 4404 1154 4464 quac
1183 4386 1295 4445 habeut
1317 4388 1356 4446 ita
1379 4388 1457 4447 inter

252 4554 281 4608 B
301 4556 395 4611 codex
416 4556 566 4614 Bobiensis
587 4574 664 4613 nunc
694 4556 914 4614 Vindobonensr's
937 4558 975 4615 16

236 4739 249 4786 1
268 4737 395 4802 lucipiunt
410 4752 491 4802 pauca
509 4750 627 4804 excerpts
645 4740 676 4788 de
689 4741 752 4789 libro
765 4741 883 4789 macrobii
896 4738 1029 4792 theodosii.
1054 4740 1249 4791 theodosius-
1262 4744 1329 4795 dicit,
1352 4744 1388 4793 De
1402 4758 1456 4794 rer·

163 4807 487 4856 borum-societatibus.
512 4806 613 4857 CumB
670 4809 874 4857 8unrirlntesset
886 4824 954 4857 corr.
968 4808 1114 4858 diuersitate
1127 4811 1291 4859 nuntiassetB
1336 4810 1456 4862 hanelatu

162 4872 322 4921 Banheintu
336 4876 376 4926 ed.
393 4876 470 4925 Vind.
535 4878 566 4925 11
582 4874 688 4940 absque]
704 4876 818 4939 atqueB
886 4874 1121 4927 subruentem
1189 4879 1311 4943 qnerrclisin
1331 4878 1356 4927 B
1424 4882 1457 4931 25

162 4942 280 4989 cirensus
292 4940 318 4988 B
384 4943 418 4992 27
429 4939 564 5009 misereor]
579 4958 677 4991 mereor
689 4944 715 4993 B
782 4948 816 4994 30
826 4941 946 5009 utroque]
959 4953 1014 4993 utro
1027 4944 1052 4993 B
