3525 5600
346 369 408 434 oso
857 368 1123 450 patamonis]

372 491 394 533 p.
407 480 464 522 1389.
478 479 503 520 'lb
517 477 539 520 P.

348 561 457 628 rimus,
488 565 573 618 tener
605 559 738 618 tenerior
768 559 957 620 tenerrimus.
1001 576 1055 637 per
1082 577 1120 617 ex
1148 559 1180 617 in
1212 574 1322 634 genere
1350 554 1512 616 masculino
1542 575 1618 618 tanum

348 662 455 706 nornen
478 643 623 723 estquod
645 643 725 704 vadit
747 661 801 722 per
823 642 947 720 gradus,
971 661 1062 704 senex
1077 643 1190 712 senior,
1213 642 1429 720 superlativum
1450 641 1617 703 nonhabet:
1706 644 1707 693 l

347 748 445 808 neque
469 731 547 789 eninr
571 728 697 790 dicimus
719 730 904 789 senissimus.
947 746 1102 789 commune
1130 745 1226 806 genus
1247 727 1326 806 quod
1348 729 1514 807 comparari
1527 737 1616 807 ‘potest

348 832 401 894 per
422 814 477 876 has
498 813 624 893 syllabas
646 815 720 882 exit,
744 832 798 893 per
820 815 847 874 is
869 821 898 874 ct
922 832 969 873 er:
993 815 1033 883 is,
1057 820 1091 873 ut
1112 813 1161 874 hic
1177 820 1206 873 et
1221 812 1295 874 baec
1317 812 1417 890 agilis,
1442 812 1489 872 bic
1510 819 1538 872 et
1558 813 1617 873 baec

349 900 454 977 agilior
476 907 506 959 et
527 899 576 960 hio
598 898 792 977 agilissimns,
816 901 859 960 sic
886 899 986 959 brevis
1011 898 1132 959 brevior
1152 898 1359 966 brevissimus,
1384 899 1426 958 sie
1448 897 1519 958 levis
1539 898 1638 958 leviora
1707 970 1708 973 Ἴ

347 985 514 1046 levissimus
536 984 659 1045 ethaeo
681 985 838 1045 levissima.
877 984 928 1044 sed
951 983 988 1044 ab
1010 983 1065 1044 hac
1087 983 1190 1062 regula
1213 983 1388 1044 deiecerunt
1408 1001 1502 1063 panca
1521 984 1618 1063 enpho

348 1072 415 1130 niae
438 1071 550 1149 gratia,
579 1081 610 1130 ut
633 1069 792 1130 facillimus
822 1069 917 1138 dicas,
940 1087 1000 1130 non
1027 1070 1231 1138 laeilisslmus,
1254 1088 1313 1148 qno
1336 1068 1424 1129 modo
1445 1069 1618 1138 fortissimus,

348 1164 378 1215 et
400 1154 579 1226 simillimus,
604 1173 662 1216 non
686 1155 895 1216 similissimus.
937 1154 989 1214 sed
1010 1155 1084 1214 haec
1104 1173 1197 1234 panca
1212 1174 1266 1214 nos
1289 1153 1411 1214 turbare
1434 1173 1493 1214 non
1514 1154 1619 1214 debent.
1707 1166 1708 1177 ¹

348 1259 403 1320 per
431 1258 465 1301 er
486 1259 558 1300 vero
586 1247 774 1320 comparatur
802 1258 896 1318 genus
924 1258 1094 1310 commune,
1124 1241 1175 1300 sed
1203 1241 1235 1300 iu
1261 1241 1366 1320 paneis
1392 1238 1569 1308 nominibus.
1593 1251 1618 1299 ut

349 1327 397 1386 hic
425 1334 456 1386 et
483 1326 557 1388 haec
584 1344 653 1387 acer
681 1329 779 1386 acrior
808 1327 972 1386 acerrImus
998 1326 1071 1386 haec
1099 1327 1259 1394 acerrima,
1289 1326 1338 1385 hic
1365 1333 1395 1385 et
1422 1325 1496 1386 haee
1522 1343 1619 1404 pauper
1630 1342 1646 1380 ιι

349 1413 510 1490 pauperior
537 1413 747 1491 pauperrimus
775 1411 848 1472 llaec
875 1413 1075 1490 pauperrima.
1119 1429 1214 1488 genus
1241 1429 1328 1470 omne
1354 1429 1410 1490 per
1437 1409 1490 1470 has
1511 1411 1619 1489 syllabas

349 1504 555 1576 eomparatur,
578 1515 632 1576 per
655 1515 690 1556 an
713 1514 748 1556 ex
771 1498 801 1556 ix
824 1515 860 1556 ox
882 1514 921 1556 ux
937 1514 989 1556 ans
1011 1514 1065 1555 ens
1087 1514 1140 1556 ons
1162 1515 1211 1556 ers
1233 1514 1351 1555 orsam
1374 1515 1424 1557 ns:
1448 1514 1484 1554 ar
1502 1495 1619 1575 positiva

348 1591 380 1643 ut
409 1582 530 1652 elllcax,
559 1583 759 1660 comparativo
791 1581 957 1650 efficacior,
990 1581 1171 1660 superlativo
1203 1581 1441 1651 ellicacissimns,
1475 1582 1516 1640 sic
1547 1581 1618 1640 lallar

348 1666 480 1728 fallacior
507 1666 727 1738 fallacissimum
761 1685 811 1736 ex,
842 1673 874 1726 ut
901 1664 1026 1745 simplex
1056 1665 1219 1746 simplicior
1247 1666 1502 1745 simplicissimus;
1529 1668 1569 1734 ix,
1594 1675 1619 1725 nt
1708 1660 1709 1669 ’

348 1753 419 1813 lolia
453 1751 570 1814 leliclor
598 1752 803 1820 felicissimus,
835 1753 943 1831 pernix
970 1753 1123 1830 pernicior
1150 1754 1390 1831 pernicissimum
1418 1769 1469 1821 ox,
1502 1759 1530 1811 ut
1551 1751 1645 1810 velovn

349 1838 478 1898 velocior
506 1837 722 1907 velocissimus
752 1837 836 1898 leros
864 1838 994 1897 lerocior
1022 1838 1238 1907 ferocissimum
1270 1856 1324 1906 nr,
1358 1845 1391 1896 ut
1424 1845 1492 1897 trux
1524 1838 1619 1896 trucior

348 1925 549 1992 trucissimus;
579 1941 646 1992 ans,
678 1929 711 1981 nt
739 1939 841 1982 amans
868 1923 1014 1982 amantior
1042 1925 1276 1992 amantissimum
1305 1941 1373 1990 ens,
1397 1929 1431 1982 ut
1451 1922 1562 2001 sapiens
1581 1941 1618 1980 sa·

348 2009 477 2088 pientior
506 2009 761 2090 sapientissimus;
790 2025 858 2074 ons,
888 2015 921 2067 ut
947 2009 1050 2067 insons
1076 2010 1222 2068 insontior
1249 2009 1485 2077 insontissimus;
1512 2026 1569 2074 ers,
1594 2015 1618 2064 ut

348 2095 428 2153 iners
451 2095 578 2153 inertior
601 2093 814 2160 inertissimus,
839 2091 942 2152 sollers
963 2092 1112 2152 sollertior
1134 2093 1372 2162 sollertissimus;
1395 2111 1456 2160 ors,
1478 2099 1511 2152 nt
1531 2109 1619 2150 vecors
1709 2120 1710 2123 ¹

349 2179 504 2238 vecordior
527 2177 771 2248 vecordissimns;
795 2196 855 2246 am,
881 2184 913 2237 nt
934 2195 1076 2256 nequam;
1099 2196 1149 2248 ns,
1176 2186 1207 2238 ut
1228 2185 1323 2238 vetus.
1367 2177 1466 2238 dativo
1488 2177 1573 2236 adicis
1592 2191 1646 2234 aaa

349 2271 379 2324 et
400 2267 474 2324 lacis
497 2265 746 2343 comparativum,
769 2263 890 2332 lortior3
921 2265 1061 2340 genetivo
1083 2263 1178 2324 adicis
1199 2265 1304 2331 simus,
1328 2271 1362 2323 ut
1383 2263 1567 2322 fortissimus.
1605 2279 1617 2319 a

349 2369 475 2429 nequam
505 2357 536 2410 ut
564 2349 645 2410 dicas
674 2350 813 2428 nequior,
843 2348 879 2408 de
908 2349 1011 2427 quovis
1034 2366 1105 2408 casu
1127 2348 1206 2409 tollis
1228 2367 1274 2409 am
1297 2355 1327 2408 et
1349 2347 1443 2408 adicis
1466 2349 1475 2406 i
1498 2354 1527 2407 et
1546 2366 1577 2406 or
1595 2354 1617 2404 et

349 2436 421 2495 lacis
455 2435 596 2514 nequior;
626 2434 719 2494 adicis
752 2434 873 2494 issimus
908 2440 938 2492 et
971 2434 1044 2493 lacis
1078 2436 1286 2512 nequissimus.
1331 2431 1368 2493 ab
1396 2451 1432 2492 eo
1460 2450 1528 2492 vero
1552 2430 1618 2511 quod

349 2527 393 2580 est
416 2528 499 2580 vetus
527 2518 624 2579 dativo
647 2519 740 2580 adicis
767 2536 802 2578 or
829 2525 859 2578 et
881 2518 955 2578 lacis
978 2521 1210 2596 comparativmn
1232 2521 1378 2588 veterior;
1400 2517 1541 2578 subducis
1560 2518 1617 2575 hnic

349 2609 356 2665 i
382 2614 410 2666 ct
433 2624 450 2665 o
473 2613 502 2664 et
525 2603 618 2664 adicis
640 2606 718 2664 imus
740 2611 770 2662 et
792 2604 865 2664 lacis
888 2605 1075 2664 veterrimus.
1119 2606 1164 2664 sic
1185 2603 1358 2664 observabis
1379 2611 1411 2663 et
1431 2605 1462 2663 in
1484 2603 1646 2663 lemininisa
1710 2618 1711 2635 ι

349 2698 378 2750 et
394 2691 508 2750 neutris
524 2696 554 2748 et
569 2689 661 2748 lacies
678 2685 682 2769 Ι
707 2691 866 2749 veterrima
889 2689 1091 2749 veterrimum.
1122 2691 1341 2749 vetustissimus
1361 2697 1460 2750 antem
1482 2707 1497 2748 a
1519 2695 1618 2748 vetusto

349 2777 443 2843 venit,
474 2781 504 2835 ct
532 2775 601 2835 lacit
629 2780 759 2835 vetustus
786 2776 930 2835 vetustior
956 2775 1191 2844 vetustisslmus;
1221 2774 1263 2835 sic
1285 2776 1428 2835 leuduino
1450 2780 1559 2835 vetusta
1578 2793 1618 2831 vc-

350 2862 456 2921 iustior
478 2861 693 2930 vetustissima;
717 2862 760 2920 sie
783 2869 890 2921 neutro
912 2867 1059 2921 vetustum
1081 2862 1227 2921 vetustius
1250 2862 1493 2921 vetustissimum.

434 2947 509 3007 Sunt
538 2947 654 3005 nomina
684 2947 803 3023 generis
831 2946 929 3005 neutri
958 2963 1033 3025 qnae
1061 2954 1122 3005 tres
1150 2965 1237 3007 casus
1264 2954 1377 3007 tantum
1399 2948 1431 3006 in
1452 2946 1554 3026 plurali
1572 2962 1619 3005 nu·

350 3050 431 3091 mero
453 3030 578 3097 habent,
604 3033 815 3091 nominativum
838 3033 1037 3091 accusativum
1059 3038 1089 3091 et
1112 3034 1287 3095 vocativum.
1311 3041 1343 3092 ut
1365 3036 1446 3099 iura,
1470 3032 1648 3091 accusativae·
1711 3043 1712 3046 ¹

348 3115 420 3175 llaec
443 3116 524 3183 iura,
549 3118 681 3176 vocativo
704 3136 721 3175 o
744 3118 817 3177 iura.
849 3118 893 3176 sic
908 3124 938 3176 et
953 3118 1047 3176 marla
1062 3125 1092 3177 et
1113 3120 1180 3177 vina
1203 3126 1233 3178 et
1255 3118 1394 3178 mella-et
1415 3117 1482 3177 lella
1504 3125 1532 3177 ct
1550 3134 1618 3177 aera.

348 3209 490 3262 vocantur
512 3207 608 3259 autem
632 3204 763 3280 triptota.

433 3286 594 3347 Genetivus
621 3294 671 3347 ant
698 3305 753 3366 par
782 3304 849 3347 esse
878 3285 968 3347 debet
994 3289 1175 3348 nominativo
1203 3295 1253 3350 aut
1274 3305 1334 3349 noo
1357 3288 1423 3368 plus
1445 3306 1502 3347 nna
1522 3284 1618 3366 syllaba

350 3371 502 3431 succedere.
548 3370 599 3430 sed
623 3372 741 3433 inventa
764 3378 833 3433 sunt
854 3390 948 3451 pauca
971 3376 1090 3433 nomina
1110 3381 1212 3434 contra
1237 3374 1370 3451 regulam
1392 3376 1504 3443 venire,
1527 3379 1555 3431 ut
1574 3390 1618 3431 aaa·

348 3476 433 3537 ceps,
462 3457 541 3536 qnod
570 3455 694 3517 duarum
723 3456 903 3536 syllabarum
931 3466 990 3527 est,
1017 3460 1051 3517 in
1079 3462 1217 3535 genetivo
1245 3458 1361 3520 duabus
1382 3458 1502 3537 syllabis
1523 3458 1649 3517 creares

348 3545 419 3603 lacit
447 3544 525 3601 enim
554 3544 706 3621 ancipitis,
736 3560 878 3622 praeceps
908 3545 1095 3622 praecipitis,
1119 3543 1252 3623 supellex
1275 3544 1482 3624 supellectilis,
1505 3546 1557 3603 iter
1577 3542 1618 3601 iti·

348 3630 438 3687 neris.
483 3629 618 3706 quaestio
640 3635 700 3697 est,
725 3629 750 3687 si
772 3629 914 3708 princeps
941 3630 1088 3707 principis
1115 3637 1145 3689 et
1166 3647 1310 3709 praeceps
1331 3630 1518 3709 praecipitis,
1539 3644 1619 3707 qnare

348 3732 406 3773 uon
428 3714 590 3791 praecipis,
615 3731 673 3793 quo
696 3712 781 3773 modo
804 3714 965 3793 principis,
989 3714 1131 3775 dicamus.
1151 3711 1218 3775 'sed
1240 3718 1395 3795 princeps,
1419 3715 1497 3795 quod
1517 3715 1619 3793 primus

347 3800 459 3877 capiat,
483 3798 580 3857 dictus
603 3806 698 3858 estet
721 3799 802 3859 venit
825 3816 840 3857 a
863 3798 1022 3877 capiendo;
1044 3818 1189 3879 praeceps
1211 3809 1341 3861 autema
1364 3803 1472 3880 eapitis
1487 3798 1618 3877 significa-

348 3886 429 3945 tione
452 3882 577 3953 dicitnr,
600 3884 678 3963 quod
701 3883 844 3963 praebeat
865 3892 963 3963 capnt.
1629 3894 1649 3929 *ι

432 3968 572 4039 Quaestio
595 3977 654 4039 cst,
678 3969 796 4048 quando
819 3969 1011 4048 producimus
1025 3969 1157 4040 decoris,
1173 3972 1291 4050 quando
1306 3974 1495 4051 corripimus,
1520 3985 1618 4047 genere

348 4062 454 4117 neutro
481 4055 660 4132 corripimus
687 4052 724 4115 ab
753 4072 788 4115 eo
818 4054 896 4133 synod
924 4061 972 4114 est
998 4056 1101 4124 decus,
1131 4057 1294 4117 masculino
1321 4056 1512 4136 producimus
1534 4054 1570 4115 ab
1589 4071 1619 4109 eo

346 4190 647 4201 --.-—.——n.

432 4244 448 4291 2
467 4256 516 4291 non
533 4240 663 4296 bsbenss
746 4242 762 4292 b
781 4238 951 4309 agillssimns]
973 4242 1102 4309 agillimus
1122 4244 1150 4292 V
1156 4256 1173 4297 ς
1241 4244 1258 4295 tl
1277 4244 1422 4294 leuissimus
1439 4244 1480 4294 uel
1500 4242 1619 4293 lenissima

348 4326 364 4367 ς
383 4322 407 4363 ct
423 4312 568 4361 leuissimus
585 4320 609 4360 ct
626 4310 757 4361 lenissima
772 4312 799 4363 V
865 4312 880 4361 ‘l
901 4311 969 4361 dicat
992 4314 1040 4366 Vs
1110 4313 1143 4364 10
1160 4313 1201 4362 laic
1215 4323 1240 4364 et
1256 4312 1319 4363 haec
1338 4316 1422 4363 acrior
1438 4314 1569 4363 acerrimos
1583 4308 1619 4357 uel

347 4384 469 4432 acerrima
492 4384 518 4431 V
585 4384 723 4431 acerrimus
741 4396 868 4448 paupers
939 4382 969 4433 ll
988 4383 1164 4447 pauperrimus
1182 4385 1222 4433 nel
1235 4386 1400 4451 pauperrima
1421 4386 1467 4439 Vs
1530 4382 1564 4431 2⁰
1580 4381 1619 4427 da·

347 4454 398 4501 tlno
418 4452 493 4501 aditis
512 4466 540 4500 or
558 4452 598 4500 V:
616 4452 701 4501 (latino
719 4452 824 4503 adducis
844 4468 872 4502 or
888 4460 915 4501 nt
933 4451 992 4501 lorti
1011 4455 1211 4517 comparatinum
1231 4455 1350 4508 lortiors
1421 4455 1452 4505 21
1470 4454 1555 4503 adticis
1568 4466 1619 4499 coa-

346 4530 445 4572 rtanter
463 4523 490 4572 V
506 4520 611 4569 adducis
630 4530 803 4579 constantem
873 4520 1027 4571 fortissimus
1045 4538 1153 4586 nequam
1176 4526 1203 4574 V
1269 4526 1303 4573 22
1321 4526 1353 4574 de
1371 4524 1529 4589 quoviscnsu
1549 4532 1619 4572 αις

417 4592 450 4643 23
467 4593 547 4641 simus
566 4598 590 4639 et
607 4591 666 4643 lacit
686 4594 855 4657 nequissimus
880 4594 906 4635 V
919 4594 998 4641 simus
1013 4600 1038 4641 et
1056 4592 1083 4640 tlt
1098 4594 1269 4656 nequissimus
1287 4606 1304 4647 ς
1373 4597 1407 4645 24
1425 4589 1502 4657 vetus]
1524 4589 1619 4640 areter's

400 4662 522 4711 subdileis
541 4660 600 4710 lruic
616 4662 701 4713 daturo
722 4666 728 4711 i
749 4670 773 4713 et
792 4675 806 4711 o
825 4672 849 4711 et
864 4661 954 4711 adticis
969 4663 1037 4712 imus
1056 4664 1084 4711 V
1100 4664 1221 4713 subducis
1239 4663 1299 4712 laulc
1317 4666 1324 4713 i
1340 4673 1365 4714 et
1383 4681 1398 4713 o
1417 4670 1441 4713 ct
1458 4671 1506 4712 ret
1521 4662 1620 4710 adducis

348 4733 462 4787 rimosi,-
531 4730 565 4781 26
588 4729 677 4799 lacios]
702 4731 780 4783 iacias
801 4734 826 4783 V
893 4730 929 4782 30
947 4730 1041 4781 habent
1062 4748 1108 4785 om.
1129 4736 1168 4794 V,
1186 4741 1246 4800 post
1265 4737 1408 4784 vocativum
1433 4732 1526 4785 adas
1591 4730 1620 4780 32

348 4802 459 4864 triptota.
481 4802 537 4851 Alia
552 4803 649 4866 regola.
669 4802 836 4857 Genitiunvs
918 4800 953 4853 33
966 4816 1017 4853 nou
1034 4818 1080 4853 om.
1098 4806 1125 4853 V
1128 4818 1146 4858 ς
1224 4805 1257 4856 35
1276 4813 1355 4853 estet
1373 4807 1400 4854 in
1417 4803 1524 4870 genitino
1542 4814 1559 4855 ς

348 4871 411 4919 duas
428 4872 538 4935 syllabas
562 4874 586 4921 V
592 4886 608 4926 ς
677 4872 711 4925 36
730 4870 840 4936 laeitqne
859 4873 1006 4939 ancipitirs
