3525 5600
640 427 877 488 cuuttuutvtt
962 463 965 470 ·
1355 423 1394 485 97

1250 546 1270 586 p.
1285 531 1370 572 5-512.

123 624 173 683 tur;
194 614 268 693 ‘ipse
290 613 411 692 scripsit
432 590 598 691 georgica',
622 615 799 694 pronomine
822 616 924 674 utitur.
956 631 1059 694 posses
1082 613 1160 672 enim
1184 611 1283 672 dicere
1307 613 1396 672 ‘Ver-

124 717 197 795 gilius
220 717 337 794 scripsit
364 717 531 793 georgica’.
576 715 629 775 sed
657 735 695 777 ne
724 715 874 777 fastidium
902 724 1018 776 erraret
1047 717 1174 776 notrunis
1196 715 1328 784 iteratio,
1352 715 1397 773 in·

124 827 194 880 tenta
221 825 264 877 εει
289 818 345 878 ista
372 817 527 897 particula.
559 813 617 897 let
639 817 695 878 hoc
718 817 795 878 bene
817 817 981 879 secundum
1010 823 1070 886 est;
1102 816 1177 877 bene
1201 815 1330 878 sectanda
1353 823 1398 876 cst

124 925 167 981 ista
193 917 343 1000 particula.
387 939 444 998 qua
472 920 605 980 ratione?
633 938 700 980 nant
730 921 754 980 si
782 921 915 997 iungitur
943 919 1042 980 oilleio
1065 921 1207 988 nominis,
1238 927 1266 979 et
1289 937 1397 980 nomen

106 1022 276 1085 enaturaliter
297 1023 426 1101 primum
449 1031 507 1091 est,
531 1021 601 1102 quid
623 1021 712 1084 dehet
734 1040 801 1082 esse
823 1029 890 1100 post
911 1019 982 1081 illud
1006 1021 1083 1100 qrtod
1107 1023 1235 1101 primum
1259 1029 1317 1088 εει,
1342 1023 1399 1080 nisi

123 1125 181 1185 illud
201 1124 275 1204 quod
299 1125 432 1201 iungitur
454 1124 553 1183 allicio
568 1126 682 1203 primae
699 1122 809 1202 partis?
831 1125 964 1204 sequitur
981 1123 1112 1184 verbum.
1142 1124 1264 1184 veritum
1288 1125 1399 1184 ‹lictarm

124 1237 159 1287 εει
183 1227 234 1287 laac
259 1228 390 1295 ratione,
419 1226 496 1306 quod
526 1226 682 1286 verberato
710 1233 780 1287 aere
807 1235 888 1286 motu
911 1225 1027 1303 linguae
1050 1225 1081 1286 fit
1103 1245 1206 1296 sontis,
1237 1225 1314 1287 narde
1337 1227 1399 1304 ipsa

123 1327 248 1408 particula
271 1332 405 1406 emergit.
450 1327 501 1388 sed
525 1336 555 1389 et
577 1347 680 1388 omnes
702 1336 802 1408 partes
824 1328 966 1388 orationis
989 1327 1125 1388 similiter
1147 1329 1220 1388 liuttt
1241 1335 1322 1388 ntotu
1344 1327 1399 1387 lin·

124 1450 185 1508 gatae
210 1438 239 1490 ει
265 1430 470 1490 verberatione
499 1432 584 1490 aeris.
629 1449 700 1507 ergo
727 1448 820 1509 quare
849 1429 922 1490 haec
950 1429 1091 1508 particula
1120 1430 1177 1490 hoc
1208 1449 1315 1490 nonaen
1343 1429 1400 1490 silai

98 1534 262 1612 nproprium
284 1525 474 1611 adsumpsit‘l'
489 1531 567 1612 quod
590 1533 653 1611 ipsa
677 1532 864 1610 lrequentiua
887 1534 997 1592 utimur
1012 1533 1042 1591 in
1066 1529 1221 1612 loquendo.
1247 1551 1313 1592 naua
1331 1515 1404 1592 ecce¹

125 1635 230 1714 loquere
251 1631 371 1714 aliquid,
396 1642 426 1694 et
447 1636 581 1695 invenies
601 1635 632 1694 in
655 1635 719 1714 ipsa
743 1633 910 1695 elocutione
934 1634 989 1694 tria
1006 1642 1056 1694 aut
1070 1641 1207 1712 quattuor
1230 1633 1328 1701 rerba.
1354 1635 1400 1692 vix

126 1756 202 1796 unum
223 1754 329 1796 numen
353 1745 403 1797 aut
425 1754 600 1816 pronomen.
631 1744 664 1795 ut
678 1743 749 1814 puta
771 1736 795 1794 si
819 1735 899 1796 dieas
922 1734 1005 1796 ‘volo
1028 1737 1072 1796 ire
1097 1745 1126 1794 et
1149 1735 1248 1796 ridere
1272 1737 1398 1796 amicum

125 1857 209 1898 neum
224 1837 259 1898 ad
274 1839 400 1906 lorum',
426 1856 495 1899 ecce
511 1837 577 1898 volo
592 1839 637 1898 ire
653 1844 684 1897 et
698 1837 799 1898 videre
815 1839 871 1899 tria
894 1837 982 1898 verba
1005 1845 1089 1906 sunt,
1114 1838 1210 1898 lorum
1235 1857 1324 1899 unum
1348 1857 1400 1900 no-

126 1959 183 2000 nan
203 1949 259 2010 εει,
283 1940 318 1998 ad
341 1957 400 2000 una
422 1941 604 2019 praepositio
628 1947 687 2005 εει,
712 1947 742 1998 ει
764 1957 822 1999 una
845 1939 1023 2000 coniunctio.
1064 1939 1144 2000 eides
1166 1941 1304 2020 quoniam
1330 1940 1401 2001 alias

98 2050 211 2120 npartcs
235 2060 304 2102 raro
333 2043 486 2121 ponimus,
516 2042 602 2101 istam
634 2042 833 2120 frequentius,
868 2042 899 2100 in
929 2048 1041 2102 tantum
1070 2049 1102 2102 ut
1132 2044 1219 2103 etiam
1249 2061 1402 2103 sermones

127 2146 206 2204 nostri
232 2143 286 2203 lmc
314 2142 457 2204 vocabulo
486 2143 636 2213 dicautur,
667 2141 776 2202 ‘rerba
803 2143 874 2202 lecit
902 2142 979 2221 apud
1009 2150 1144 2216 sapatum
1154 2145 1173 2213 ⁹,
1204 2143 1310 2205 ‘verba
1333 2145 1403 2205 lecit

127 2245 191 2324 apud
215 2244 386 2325 populum'.
431 2244 574 2325 numquid
604 2245 723 2324 quando
751 2243 818 2305 dico
846 2243 954 2305 ‘rerba
983 2245 1053 2304 lacit
1075 2245 1152 2324 apud
1176 2249 1329 2306 sertatum'
1353 2253 1402 2306 ant

128 2347 218 2408 ‘rerba
242 2347 310 2408 lecit
339 2346 416 2425 apud
440 2347 616 2428 populum',
648 2346 789 2426 numquid
821 2353 934 2406 tantum
964 2343 1060 2406 verbis
1083 2345 1199 2407 locutus
1222 2356 1266 2408 est
1289 2356 1318 2409 et
1341 2365 1400 2409 non

130 2452 195 2509 omni
216 2458 295 2528 parte
318 2450 479 2509 orationis?
507 2467 599 2529 qraare
622 2466 694 2527 ergo
716 2450 870 2529 proprium
894 2447 1068 2508 vocabulum
1090 2451 1231 2528 sumpsit?
1263 2453 1400 2530 quoniam

102 2553 180 2629 atpsa
199 2552 378 2630 frequentius
406 2552 517 2611 utimur
539 2552 570 2610 in
593 2549 751 2630 loquendo.
782 2550 786 2630 l
817 2549 989 2610 adverbium
1014 2549 1089 2610 bene
1111 2554 1246 2630 sequitur
1269 2552 1399 2621 verbum.

131 2655 248 2732 quioniam
269 2671 328 2712 non
352 2659 451 2733 potest
473 2653 625 2742 segregari
646 2673 663 2714 a
687 2651 786 2714 verbo.
820 2671 887 2713 eras
904 2651 1021 2730 quando
1037 2651 1117 2722 dico,
1142 2653 1284 2732 tartaraquid
1307 2663 1398 2734 potest

131 2753 223 2816 habere
242 2753 440 2823 intellectum,
465 2756 521 2815 nisi
544 2753 635 2815 addas
657 2753 798 2816 vertunt
821 2762 890 2835 puta
915 2757 996 2815 ‘eras
1019 2755 1152 2825 laciam’,
1176 2753 1254 2817 ‘cras
1276 2755 1401 2825 dieam’,

132 2862 202 2917 ‘cras
227 2858 368 2929 veniam'.
414 2874 486 2934 ergo
513 2858 579 2917 ideo
609 2860 743 2935 sequitur
770 2866 838 2937 post
866 2856 1005 2924 verbum,
1029 2860 1166 2937 quoniam
1190 2876 1205 2919 a
1230 2858 1320 2920 verbo
1343 2878 1402 2920 non
1485 2871 1490 2879 ’

130 2966 211 3037 potest
230 2962 369 3038 separari.
401 2960 588 3039 participium
612 2959 689 3020 beate
710 2962 839 3040 positum
861 2968 906 3019 εει
930 2967 995 3039 post
1017 2960 1086 3021 istas
1109 2968 1223 3040 partes:
1248 2970 1401 3041 postquam

102 3060 225 3120 atterum
251 3071 295 3121 εει
323 3079 448 3130 nomen,
482 3062 592 3122 dictum
626 3069 670 3121 est
697 3060 834 3131 verbum,
866 3059 942 3121 berte
972 3063 1159 3141 participium
1187 3072 1231 3123 est
1258 3072 1400 3124 secutum.

131 3180 186 3221 uam
200 3163 384 3241 participium
400 3162 510 3223 «lictum
526 3170 586 3233 εει,
610 3163 689 3243 quod
714 3172 744 3224 et
765 3170 865 3242 partes
889 3164 1017 3224 numinis
1032 3166 1129 3244 capiat
1144 3172 1174 3224 et
1196 3174 1294 3243 partes
1310 3164 1402 3225 verbi.

130 3263 186 3323 ideo
210 3282 292 3343 ergo,
322 3266 463 3344 quoniam
492 3267 551 3325 iam
577 3264 725 3343 praedixit
753 3284 878 3333 nomen,
910 3265 1054 3344 praedixit
1078 3266 1217 3337 verbum,
1248 3266 1402 3327 benaiam

132 3383 160 3424 eo
178 3366 236 3427 loro
257 3368 443 3445 participium
466 3375 510 3428 est
533 3370 675 3447 positum,
699 3376 854 3447 postquam
877 3366 946 3427 illae
962 3376 1062 3446 partes
1078 3368 1247 3447 praedictae
1270 3376 1347 3438 sunt,
1362 3376 1404 3429 »ut

131 3467 176 3528 ista
195 3476 375 3547 sequeretur.
407 3472 576 3530 coniunctio
599 3469 677 3530 dicta
700 3476 761 3539 est,
784 3470 853 3549 quia
875 3471 1029 3548 coniungit
1051 3469 1243 3532 elocutiones.
1275 3473 1300 3531 si
1323 3470 1404 3531 tlicas

106 3572 193 3647 tt‘ego
213 3578 242 3630 tu
264 3589 366 3630 eamus
388 3572 424 3631 ad
447 3572 572 3640 lorum',
597 3590 656 3631 non
679 3578 736 3631 stat
751 3571 895 3640 elocutio;
919 3572 943 3631 si
967 3570 1077 3633 dixeris
1098 3574 1173 3651 ‘ego
1196 3581 1225 3634 et
1248 3579 1278 3632 tu
1303 3592 1403 3633 camara

134 3670 162 3729 ad
184 3672 302 3741 lomm’‚
331 3671 421 3732 stabit
449 3672 578 3733 elocutio
606 3680 636 3733 et
663 3675 720 3733 erit
748 3692 869 3733 conexa.
916 3674 1096 3752 praepositio
1125 3674 1201 3734 dicta
1230 3682 1274 3734 est
1297 3674 1334 3734 ab
1358 3693 1402 3743 eo,

135 3773 199 3847 quod
224 3776 252 3834 in
280 3772 429 3853 loquendo
458 3776 659 3854 praeponitur.
707 3783 738 3835 ut
773 3783 843 3855 puta
869 3776 896 3835 si
922 3773 1002 3837 dicas
1036 3774 1131 3854 ‘apud
1160 3778 1315 3846 amicum’‚
1345 3795 1402 3837 non

136 3884 204 3949 potes
229 3875 326 3937 dicere
355 3877 498 3937 ‘amicum
521 3876 626 3955 apud'.
671 3877 839 3937 interiectio
867 3875 945 3937 dicta
974 3886 1031 3946 εει,
1055 3879 1123 3954 quia
1146 3870 1345 3958 interponitur
1367 3878 1402 3938 ad

137 3975 324 4052 exprimendos
352 3978 443 4038 animi
471 3979 601 4039 allectus.
646 3979 670 4038 si
694 3978 804 4040 ‹ttxeris
826 3982 980 4039 ‘mortuus
1008 3986 1051 4039 est
1075 3976 1078 4057 l
1105 3980 1281 4057 Vergilius’‚
1306 3980 1404 4040 dixisti

113 4078 236 4151 equitem
257 4077 339 4139 illum
362 4088 511 4141 mortuum
535 4098 614 4148 asse;
643 4080 696 4140 scd
719 4098 777 4158 quo
800 4080 908 4141 ellectu
931 4078 986 4139 hoc
1010 4082 1179 4159 pertuleris,
1204 4102 1263 4144 raon
1286 4090 1331 4143 εει
1354 4102 1403 4141 ex·

140 4196 262 4255 pressum,
286 4183 343 4241 nisi
363 4184 537 4261 interponas
557 4180 638 4242 illam
661 4181 845 4261 particulam.
892 4200 958 4242 nam
982 4184 1007 4242 si
1029 4182 1109 4243 dicas
1132 4187 1182 4244 ‘va
1204 4192 1338 4246 mortuus
1361 4190 1407 4243 est

141 4280 289 4359 tergatur,
313 4282 451 4345 laetantis
473 4291 530 4353 est;
553 4285 577 4343 si
600 4283 680 4345 dicas
702 4283 779 4345 ‘lreu
794 4292 928 4345 mortuus
944 4292 989 4344 εει
1006 4285 1152 4363 Vergilius
1161 4292 1179 4356 ²,
1204 4285 1329 4347 dolentis
1352 4292 1405 4345 est.

192 4485 332 4552 deequitur
350 4488 457 4537 uerbum
478 4490 573 4538 dietum
597 4498 635 4537 εει
652 4488 738 4539 ABG
758 4490 874 4552 seqtritur
898 4490 1001 4537 uerbum
1027 4506 1104 4551 qtrare
1131 4492 1234 4539 uerbum
1258 4490 1408 4539 dictumest

145 4552 161 4600 L
217 4556 246 4608 ll
264 4560 407 4607 elocutione
423 4559 475 4609 BG
493 4559 617 4609 luctatione
636 4560 661 4607 Α
670 4560 693 4609 L
766 4560 797 4610 17
818 4560 938 4622 numquid
964 4562 1063 4621 qrrando
1084 4590 1117 4599 -
1136 4561 1257 4626 populum
1277 4576 1322 4609 ona.
1343 4560 1407 4618 An,

144 4625 221 4677 odda
267 4627 476 4691 adaequemus
495 4630 831 4693 ntimnrALlrequentius
846 4644 884 4679 εει
904 4631 927 4679 B
946 4628 1065 4691 lreqoens
1085 4642 1122 4679 εει
1138 4631 1193 4679 θα*
1247 4632 1279 4678 'lt
1295 4632 1408 4695 separari

143 4693 186 4742 Al
198 4700 288 4747 secerni
307 4696 396 4749 uua*
466 4698 500 4748 '29
518 4699 660 4749 coniunctio
680 4726 712 4735 -
730 4700 762 4751 ul
781 4714 878 4749 conexa
896 4700 943 4751 loc
960 4702 1014 4751 loco
1033 4700 1125 4749 lrabeat
1143 4700 1213 4760 BL,
1230 4708 1287 4762 post
1300 4716 1408 4766 praepo·

144 4764 188 4813 sitio
204 4792 229 4802 -
248 4768 280 4818 ³3
298 4770 408 4817 amicum
436 4770 504 4835 apud
523 4772 679 4832 tranoporitu
698 4770 749 4818 AC
816 4771 838 4818 εἰ
854 4771 924 4818 dicas
945 4768 1017 4817 uua
1037 4780 1062 4817 nt
1081 4773 1102 4819 εἰ
1123 4771 1191 4819 dicas
1210 4771 1265 4819 AL
1336 4770 1369 4819 :tu
1387 4771 1409 4817 εἰ

145 4833 220 4884 dixeris
239 4836 306 4888 nea
327 4848 352 4889 et
369 4840 391 4887 si
412 4839 506 4888 dixeris
525 4840 581 4889 ΑΙ,
653 4840 687 4891 33
705 4837 787 4907 potes]
810 4848 894 4906 potest
913 4836 1026 4905 ΑΕΗ
1046 4854 1152 4907 possum
1176 4837 1266 4891 nea*
1337 4840 1371 4892 34
1388 4840 1409 4887 si

145 4901 222 4953 dixeris
237 4907 289 4955 Aa
305 4910 328 4957 εἰ
341 4909 414 4957 dicas
431 4910 457 4959 B
463 4908 504 4959 Cu

185 4995 347 5043 emanante
360 5000 452 5045 marm
465 5000 493 5044 v.
1188 4994 1206 5063 γ
