3525 5600
498 488 698 550 excurret
719 487 894 550 Panvsvtva
917 487 977 550 XV.
1001 487 1064 551 XVI
1364 487 1425 550 617

1232 607 1254 648 ρ.
1268 597 1326 637 evae.
1341 597 1366 636 se
1382 596 1403 636 r.

135 671 239 755 ελσίν,
270 671 492 755 ε’σφμᾶγισται
527 670 788 756 ἐσφραγισμένοι
822 671 908 735 εἰσίν
941 684 972 734 ει
1004 675 1123 737 similia.
1168 693 1255 736 omne
1288 693 1428 753 graecum

133 777 261 838 verbum
282 778 473 839 iudicativunr
496 780 709 857 cuiuscumque
738 780 857 856 generis
886 781 917 838 in
946 779 1042 857 prima
1070 780 1116 838 sui
1144 780 1289 856 positione
1313 787 1362 838 aut
1396 780 1427 838 iu

135 899 160 939 ω
188 882 264 948 exit,
293 887 325 939 ut
353 878 446 940 λαλῶ
471 880 624 960 salomei,
653 887 702 940 aut
729 882 761 940 in
783 899 853 960 μαι,
876 889 909 939 ut
931 879 1096 959 λαλούμαι
1124 875 1301 960 βούλομαι,
1325 888 1375 940 aut
1398 882 1429 938 iu

133 1002 186 1060 μι,
216 989 249 1041 οι
277 979 367 1061 φημί
390 980 521 1061 τίθημιε
550 981 620 1042 licet
648 990 677 1041 et
705 985 736 1042 in
764 1001 786 1041 α
813 1001 879 1042 εεεε
908 981 1062 1050 credatur,
1086 983 1154 1060 quia
1180 975 1347 1060 ἐγρήγορα
1370 1000 1427 1041 nou

108 1083 209 1143 arnvlli
236 1086 301 1143 ausi
329 1091 398 1143 sunt
425 1086 555 1162 primum
578 1084 674 1144 thema
699 1083 782 1144 verbi
806 1087 1010 1163 pronuntiare.
1057 1083 1133 1162 apud
1157 1083 1286 1144 Graecos
1317 1102 1343 1143 ω
1369 1102 1428 1145 non

133 1186 232 1246 solum
254 1187 285 1245 in
308 1184 418 1255 verbis,
441 1185 494 1246 sed
516 1187 548 1245 in
571 1188 650 1245 omni
666 1194 752 1266 parte
774 1189 919 1246 orationis
942 1187 1040 1246 littera
1064 1192 1109 1246 est
1131 1184 1306 1246 naturaliter
1327 1185 1427 1263 longa:

134 1286 294 1348 latinorum
322 1286 482 1348 verborum
510 1287 596 1348 linale
624 1307 642 1347 o
671 1294 740 1348 suut
760 1289 811 1367 qui
835 1289 953 1366 longum
978 1290 1143 1357 aestiment,
1173 1297 1242 1348 sunt
1263 1291 1313 1367 qui
1338 1287 1427 1348 breve
1442 1299 1487 1345 151
1506 1297 1534 1349 ι’.

135 1388 287 1450 definiant.
332 1407 400 1450 nam
429 1389 568 1450 scribone
602 1388 731 1450 caedo'ne
759 1409 777 1450 ο
808 1409 867 1451 nou
897 1392 995 1450 minus
1024 1408 1170 1450 consensu
1199 1392 1328 1450 omnium
1359 1409 1427 1470 pro·

134 1491 258 1579 «luctum
285 1491 390 1562 babet,
420 1510 508 1572 quam
536 1510 641 1552 amone
664 1492 795 1552 decenne
822 1495 973 1553 nutrioue.
1018 1509 1073 1569 ego
1095 1500 1195 1552 tamen
1217 1490 1253 1550 de
1282 1510 1329 1562 re,
1352 1511 1428 1572 quae

96 1613 121 1651 ιο
136 1602 276 1655 auctores
304 1597 403 1672 magni
432 1596 562 1655 nominis
589 1593 725 1654 dubitare
748 1596 836 1662 lecit,
866 1603 978 1655 certam
1000 1593 1120 1674 qttidem
1148 1611 1206 1653 non
1229 1596 1324 1656 ausim
1348 1595 1427 1656 serre

135 1698 330 1766 sententiam,
353 1697 588 1757 adseveraverim
611 1706 710 1757 tantan
737 1696 910 1774 Vergilium,
934 1697 1018 1756 euius
1041 1696 1207 1756 auctoritati
1229 1699 1325 1757 omnis
1347 1704 1429 1757 retro

135 1806 219 1858 aetas
248 1806 278 1858 ει
306 1816 381 1878 quae
409 1807 509 1860 secuta
537 1806 584 1859 est
611 1799 658 1860 vel
685 1806 826 1878 sequetur
853 1797 952 1858 libens
980 1800 1121 1867 cesserit,
1150 1817 1167 1856 o
1195 1797 1280 1858 finale
1310 1801 1341 1858 in
1371 1817 1429 1859 uno

134 1903 258 1960 omniuo
285 1900 377 1960 verbo
407 1899 548 1961 adverbio
575 1902 708 1970 nomine,
738 1919 797 1961 uno
823 1903 1009 1981 pronomine,
1033 1900 1228 1979 corripuisse,
1257 1903 1320 1961 scio
1342 1900 1428 1960 modo

134 2003 194 2062 duo
222 2021 291 2080 ego,
321 2005 419 2062 ‘scio
447 2021 499 2062 me
529 2001 663 2063 Danais
691 2023 707 2061 ε
736 2003 923 2064 elassibus
946 2007 1081 2072 uuum',
1116 2001 1234 2061 ‘modo
1257 2001 1428 2082 luppiter

94 2107 257 2173 nassit’,
281 2105 330 2163 ‘si
352 2104 423 2164 duo
446 2108 673 2183 praeterea',
698 2111 786 2164 ‘non
809 2122 874 2182 ego
898 2121 976 2165 cum
998 2102 1161 2164 Danais'.
1252 2123 1260 2131 ·

219 2205 262 2266 lie
285 2209 462 2285 imperativo
485 2192 580 2266 modo.
613 2225 733 2285 semper
754 2207 832 2286 apud
855 2207 984 2267 Graecos
1007 2205 1086 2266 modi
1110 2205 1262 2266 indicativi
1285 2206 1429 2283 temporis

133 2311 303 2387 praesentis
326 2306 455 2368 secunda
479 2326 605 2386 persona
626 2308 750 2388 pluralis
773 2309 876 2368 eadem
899 2317 944 2369 est
960 2326 1034 2388 tpuae
1051 2317 1080 2368 ει
1098 2309 1280 2386 imperativi:
1304 2313 1428 2368 ποιεῖτε

132 2419 163 2470 et
185 2414 218 2471 in
240 2411 397 2470 indicativo
420 2411 546 2471 secunda
570 2419 615 2469 εει
637 2420 667 2471 et
689 2411 720 2470 in
743 2413 927 2490 imperativo,
951 2409 1065 2490 τιμᾶτε
1088 2407 1255 2488 χρυσούτε
1281 2403 1428 2488 γράφετε

133 2515 289 2573 ποιεῖσθε
311 2509 452 2591 τιμᾶσθε
474 2510 670 2590 χρυσοῦσθε
692 2507 832 2590 λέγεσθε
853 2507 1031 2590 γοᾶφεσθε
1053 2519 1083 2571 ει
1105 2511 1223 2572 similia.
1254 2510 1310 2570 bae
1324 2511 1427 2588 regula

91 2633 119 2670 νο
133 2617 298 2674 ammoniae
325 2612 462 2674 mandata
490 2613 612 2674 alteram
639 2613 836 2683 subiciamus
866 2623 899 2674 ut
926 2632 983 2674 uua
1013 2632 1048 2673 ex
1077 2621 1201 2692 utraque
1225 2612 1427 2674 observandae

133 2717 261 2776 rationis
282 2718 445 2775 necessitas
468 2715 633 2793 colligatur.
666 2695 765 2775 ‘omne
788 2716 912 2775 verbum
935 2715 1013 2794 quod
1036 2716 1067 2774 iu
1089 2734 1152 2795 μεν
1180 2715 1290 2775 desinit
1311 2715 1427 2796 qualem

133 2818 347 2897 praenubimam
378 2816 519 2879 babuerit
540 2821 572 2878 iu
595 2814 599 2898 l
622 2820 717 2898 prima
739 2837 880 2898 persona,
905 2818 993 2878 talem
1016 2820 1193 2879 transmittit
1218 2818 1374 2888 secundae,
1399 2818 1427 2878 id

132 2926 179 2979 est
201 2927 318 2999 tempus
341 2922 450 2980 relinet
471 2918 516 2979 vel
539 2920 700 2998 productae
723 2921 769 2982 vel
793 2921 894 2980 brevis
916 2918 1060 2999 syllabae,
1094 2918 1264 2999 λαλοῦμεν
1286 2918 1427 2998 λαλεῖτε,

132 3024 205 3102 quia
234 3024 264 3082 in
286 3024 383 3101 prima
406 3040 448 3082 ον
477 3029 555 3091 erat,
586 3029 616 3081 et
642 3024 674 3082 in
701 3022 831 3083 secunda
856 3040 885 3083 ει
912 3020 1112 3099 diphthongus
1135 3039 1227 3101 aeque
1250 3022 1335 3099 longa
1359 3040 1425 3083 suc-

89 3144 117 3182 ea
132 3124 240 3183 cessit:
257 3123 403 3204 τιμῶμεν
417 3122 542 3202 τιμᾶτε,
558 3124 700 3203 palanga
716 3123 827 3203 syllaba
842 3124 939 3184 locum
954 3141 1043 3203 quem
1059 3125 1090 3183 in
1101 3126 1207 3199 prima
1217 3142 1267 3203 μω
1282 3122 1428 3184 babuerat

131 3228 303 3303 occupavit:
333 3222 569 3304 στεφανοῦμεν
598 3224 822 3305 στεφανοῦτε,
851 3226 953 3286 eadem
982 3224 1183 3304 diphthongus
1211 3228 1426 3305 perseveravit:

131 3322 287 3406 λέγομεν,
317 3329 386 3405 quia
414 3346 432 3387 o
459 3327 558 3387 littera
588 3326 688 3387 brevis
715 3336 769 3397 est,
797 3324 927 3406 λέγετε,
952 3346 967 3387 ε
989 3344 1081 3407 aeque
1103 3336 1208 3387 natura
1236 3326 1357 3387 brevem
1380 3344 1425 3387 re·

130 3431 217 3507 cipit.
247 3438 277 3489 at
304 3432 335 3490 in
363 3430 560 3498 couiunctivo,
590 3431 659 3508 quia
685 3429 824 3509 producit
845 3428 1064 3508 paenultimam,
1094 3421 1154 3489 ἐᾶν
1176 3423 1337 3508 λέγωμεν,
1360 3430 1427 3489 ideo

131 3540 162 3591 rt
187 3534 217 3591 iu
241 3532 368 3592 secunda
392 3546 527 3610 persona,
553 3524 614 3591 ἐὰν
636 3526 762 3610 λέγητε,
786 3531 925 3611 produxit
948 3549 964 3591 ε
984 3532 1015 3590 iu
1038 3550 1058 3609 η
1080 3529 1230 3591 mutando.
1276 3533 1301 3591 si
1335 3532 1427 3608 igitur

91 3651 117 3692 aa
133 3628 318 3711 φεύγωμεν
340 3635 466 3711 primam
489 3651 646 3712 personam
670 3634 841 3713 imperativi
869 3652 934 3694 csse
957 3633 1100 3701 dicemus,
1123 3634 1258 3711 sequitur
1281 3639 1327 3702 ut,
1357 3634 1426 3711 quia

130 3738 162 3794 in
187 3752 250 3813 μεν
273 3738 334 3794 exit
357 3754 383 3795 ω
406 3735 613 3814 praecedente,
638 3736 728 3795 etiam
751 3736 898 3797 secundae
915 3753 1058 3815 personae
1081 3734 1292 3813 paenultimam
1315 3753 1350 3795 ex
1372 3752 1424 3795 ue·

131 3838 273 3896 cessitate
295 3836 450 3915 producat.
495 3838 572 3917 quod
601 3838 626 3896 si
656 3846 715 3906 est,
740 3831 887 3917 φεύγητε
909 3840 1012 3907 laciet,
1041 3853 1130 3916 quem
1159 3837 1194 3897 ad
1223 3836 1342 3896 modum
1365 3831 1426 3896 ἐᾶν

130 3934 284 4018 λέγωμεν
313 3931 374 4000 ἐᾶν
402 3934 527 4019 λέγητε.
567 3939 620 3998 sed
643 3942 776 4000 constitit
799 3939 922 4001 eandem
946 3957 1064 4018 semper
1086 3956 1151 3999 esse
1174 3937 1333 3998 secundam
1356 3954 1425 4016 per·

129 4058 238 4100 sonam
264 4040 448 4120 imperativi,
477 4058 552 4119 quae
581 4048 611 4101 et
637 4040 792 4101 indicativi
814 4042 887 4111 luit;
922 4034 1065 4120 paralyses
1092 4046 1188 4101 autem
1211 4042 1242 4099 in
1265 4039 1426 4099 indicativo

89 4144 207 4211 saluit,
236 4160 293 4201 uon
324 4138 481 4221 φεύγητε.
527 4160 562 4201 ex
590 4142 637 4201 bis
665 4142 814 4220 colligitur
836 4160 933 4223 nequa
963 4141 1049 4203 aliam
1073 4143 1242 4222 imperativi
1265 4142 1424 4201 secundam

130 4261 290 4324 personam
313 4262 379 4304 esse
401 4246 459 4304 nisi
482 4238 635 4323 φεύγετε,
658 4263 714 4305 noc
735 4246 767 4305 in
790 4244 987 4304 declinatione
1014 4239 1156 4323 φεύγετε
1178 4242 1337 4305 secundam
1360 4260 1424 4304 esse

130 4364 220 4425 posse
248 4354 316 4425 post
342 4341 538 4425 φεύγωμεν,
562 4354 591 4405 ει
618 4345 686 4406 ideo
709 4342 889 4426 φεύγωμεν
916 4364 973 4405 non
1003 4353 1101 4425 potest
1127 4347 1295 4425 imperativi
1327 4346 1423 4425 prima

129 4466 199 4508 esse
235 4466 371 4528 persona.
421 4449 611 4508 manifestum
645 4455 691 4508 cst
724 4466 795 4525 ergo
829 4448 1035 4527 imperativum
1069 4466 1124 4509 uec
1157 4446 1338 4523 singularem
1369 4466 1423 4507 noc

128 4549 281 4629 pluralem
309 4548 419 4609 babere
447 4553 573 4630 primam
601 4568 769 4628 personam.
814 4568 880 4609 cum
909 4556 1009 4610 autem
1037 4549 1162 4610 dicimus
1194 4549 1342 4625 fugiamus
1364 4549 1423 4609 dis·

86 4676 113 4712 ιο
129 4670 235 4711 camus
256 4652 424 4712 nutriamus
450 4670 567 4713 aremus
590 4651 748 4712 doceamus
776 4660 806 4711 ει
827 4651 948 4721 similia,
984 4650 1019 4711 ad
1048 4651 1263 4711 exhortatimm
1293 4668 1422 4721 sensum,

202 4840 234 4887 12
247 4837 354 4887 cesserit
364 4838 522 4903 passeritP
589 4839 685 4888 liscio
718 4838 794 4903 νειμ.
808 4838 875 4890 Αειι.
889 4836 922 4885 ΙΙΙ
935 4837 985 4885 602
1047 4832 1135 4903 modo]
1154 4838 1231 4902 Verp.
1250 4838 1316 4887 Aen.
1329 4837 1361 4886 lll
1375 4839 1424 4887 116

201 4904 277 4968 1521]
294 4904 372 4969 Verp.
385 4906 452 4955 Aen.
465 4906 500 4954 Xl
513 4907 564 4956 285
632 4921 681 4955 ιιοο
711 4906 787 4971 νειμ,
802 4907 867 4956 Aen.
881 4904 990 4955 1111425
1061 4906 1091 4955 18
1109 4904 1424 4955 etiuindieativolauue

128 4987 153 5025 et
172 4974 311 5024 indication
323 4974 348 5023 P
413 4974 447 5024 tt
459 4976 541 5039 prima
553 4989 599 5025 ονι.
611 4976 637 5023 Ρ

182 5062 361 5106 omuuancr
373 5062 465 5105 taum
479 5062 505 5104 v.
1178 5058 1221 5121 40
