3525 5600
671 369 908 434 cumfflnrvu
1373 366 1438 433 235

1253 480 1377 533 pers-ro
1390 477 1412 519 1.

168 560 298 623 invenitur
324 576 481 639 praesens,
515 559 709 640 praeteritum
742 559 955 638 inperfectum,
989 561 1182 640 praeteritum
1214 561 1381 640 perfectum
1409 565 1439 620 ει

167 662 473 746 plusquamperfectum
501 668 530 722 ει
556 663 698 724 futurum.
743 660 885 724 debemus
913 661 1047 741 diligenti
1079 665 1195 724 ratione
1220 665 1277 724 ista
1303 669 1439 742 tempora

167 764 288 842 colligere
311 773 339 824 et
361 764 405 824 sic
427 764 516 824 etiam
540 765 581 825 uti
602 765 675 844 ipsis
697 764 895 844 temporibus,
919 767 1059 845 quoniam
1073 767 1173 843 grevia
1189 766 1255 826 uitia
1269 767 1313 827 sic
1327 766 1440 826 faciunt

165 867 296 950 plerique:
320 863 407 928 multi
428 865 563 928 homines
585 873 709 928 utuntur
731 867 865 947 perfecto
880 886 936 947 pro
951 867 1257 947 plusquamperfecto,
1280 873 1332 928 aut
1352 884 1438 947 prae·

146 971 239 1032 utente
257 987 312 1048 pro
333 969 455 1044 futuro,
480 979 529 1032 aut
552 971 703 1050 praesenti
724 987 779 1049 pro
802 969 1102 1050 plusquamperfecto.
1146 971 1266 1030 interim
1287 971 1365 1030 scire
1387 968 1438 1029 de·

164 1072 209 1134 bes
234 1073 308 1150 ipses
336 1055 531 1132 definitiones.
581 1079 652 1152 puta
678 1089 820 1151 praesens
848 1080 893 1134 est
921 1071 998 1153 quod
1027 1073 1139 1150 agitur,
1168 1072 1247 1150 quod
1274 1073 1306 1133 in
1333 1090 1368 1132 re
1394 1078 1440 1132 εει

164 1175 282 1254 penitus,
315 1172 394 1254 quod
416 1181 487 1234 tune
510 1181 569 1246 est,
600 1192 667 1235 cunr
690 1176 736 1238 flu:
764 1174 822 1236 hoc
844 1182 896 1238 est.
911 1193 1067 1256 praesens,
1095 1175 1121 1234 si
1142 1174 1223 1236 dicas
1245 1173 1326 1253 lego;
1350 1192 1439 1236 nemo

166 1275 211 1336 tibi
231 1283 324 1356 potest
347 1275 447 1337 dicere
468 1275 551 1356 lego,
575 1279 633 1338 nisi
656 1278 706 1358 qui
729 1276 826 1338 adhuc
848 1278 909 1358 agit
930 1277 987 1338 boc
1009 1277 1148 1338 officium.
1176 1277 1375 1356 inperfectum
1396 1285 1440 1337 εει

164 1377 232 1459 quod
257 1379 397 1440 omissum
425 1385 483 1448 est,
513 1379 566 1440 sed
594 1397 655 1440 non
684 1378 865 1460 conpletum,
896 1387 930 1440 ut
956 1378 1105 1458 legebam:
1135 1381 1186 1460 qui
1212 1378 1284 1440 dicit
1304 1378 1440 1457 legebam

136 1481 240 1545 odoret
260 1499 291 1542 se
312 1480 425 1542 desisse
446 1499 501 1544 nec
523 1480 692 1562 couplesse:
716 1481 773 1544 boc
795 1489 840 1544 eet
860 1481 1073 1562 inperfectum,
1098 1482 1149 1544 ubi
1163 1483 1316 1544 omisimus
1330 1480 1440 1559 aliquid

164 1603 212 1644 nco
231 1582 437 1663 conpleuimus.
481 1584 648 1664 perfectum
677 1593 735 1656 est,
763 1583 815 1646 ubi
842 1584 1047 1664 conpleuimus
1074 1582 1163 1664 paulo
1185 1591 1269 1655 ante,
1292 1583 1343 1645 ubi
1363 1586 1440 1644 iusta

164 1689 218 1766 ipsa
242 1686 384 1765 perfectio
414 1692 473 1756 est,
501 1686 530 1748 id
559 1693 603 1748 εει
628 1685 701 1766 legi,
731 1705 765 1750 ac
792 1689 818 1748 si
846 1687 926 1749 dicas
953 1685 1059 1747 ‘modo
1087 1685 1176 1758 desii,
1201 1689 1263 1748 iam
1284 1693 1385 1748 tamen
1407 1705 1440 1747 re

164 1792 297 1868 peracta’.
340 1786 661 1869 plusquamperfectum
685 1797 730 1852 est
754 1788 840 1874 [iam]
871 1809 921 1851 res
948 1789 1019 1850 olim
1040 1789 1191 1870 conpleta,
1215 1796 1247 1850 ut
1268 1797 1339 1867 puta
1359 1787 1439 1866 lege·

165 1909 227 1952 ram.
268 1889 400 1951 futurum
423 1890 567 1970 estquod
590 1891 717 1954 necdum
739 1892 849 1954 lactum
872 1900 931 1962 est,
955 1891 1008 1954 scd
1029 1892 1095 1954 lieri
1115 1899 1226 1973 potest,
1246 1890 1345 1979 legam
1367 1892 1440 1951 scri·

136 1993 231 2054 ubam.
266 2009 336 2070 ergo
360 1993 437 2070 siqui
459 1995 498 2054 ita
522 1993 675 2072 loquatur,
699 1993 843 2072 numquid
866 2013 925 2056 non
948 1993 1003 2054 tibi
1023 1993 1139 2056 uidetur
1162 1993 1168 2077 Ι
1190 1995 1319 2074 pessime
1340 1993 1440 2073 loquit

165 2093 237 2154 uerbi
257 2111 343 2156 causa
364 2095 538 2157 festinanter
554 2096 635 2158 uadis
649 2099 751 2172 nescio
775 2115 833 2176 quo
856 2117 909 2177 per
931 2095 1076 2176 plateam,
1098 2098 1232 2158 occurrit
1253 2096 1308 2157 tibi
1329 2081 1454 2158 amicus

164 2205 188 2256 ει
207 2197 273 2258 dicit
299 2196 353 2258 tibi
380 2199 457 2277 ‘quo
479 2197 596 2260 uadisl’
625 2207 657 2260 ut
678 2199 826 2270 advertas,
857 2217 946 2278 quam
967 2201 1067 2278 grauia
1088 2199 1133 2258 sic
1154 2199 1228 2260 liunt
1248 2200 1326 2259 vitia.
1372 2197 1443 2257 dicit
1481 2236 1488 2259 ι

164 2297 210 2358 tibi
234 2301 306 2378 ‘quo
333 2299 502 2372 festinasl',
532 2301 605 2364 dicis
632 2300 685 2364 ‘ed
714 2301 892 2363 auditorium
915 2302 1051 2363 lestino'.
1095 2302 1241 2381 ‘queret’
1277 2296 1393 2369 melius,
1416 2299 1442 2358 si

163 2400 373 2480 participialiter
400 2404 493 2464 utaris
516 2411 546 2464 et
566 2403 647 2466 dicas
675 2405 833 2485 ‘quoniam
862 2404 994 2466 dicturus
1014 2406 1107 2466 sum'.
1154 2421 1223 2464 ecce
1245 2420 1300 2482 per
1321 2402 1440 2480 pertici·

135 2505 234 2582 opium
254 2521 324 2564 saue
345 2503 462 2566 locutus
485 2525 530 2566 es:
555 2506 653 2568 dixisti
676 2509 754 2568 enim
777 2515 806 2568 ιε
829 2505 957 2568 necdum
979 2507 1098 2575 fecisse,
1121 2505 1173 2566 sed
1196 2506 1342 2566 facturum
1366 2522 1440 2564 esse.

162 2607 293 2668 dautem
315 2607 359 2667 sic
388 2606 482 2678 dicas,
505 2609 581 2689 ‘quo
610 2610 750 2671 festinas?
784 2609 821 2670 ad
850 2601 1040 2670 auditorium.
1088 2609 1199 2688 quare?
1233 2606 1322 2667 hodie
1350 2606 1440 2675 dico'.

163 2706 356 2770 soloecismum
371 2711 476 2772 fecisti.
508 2710 608 2772 ‘dico’
632 2714 710 2774 enirn
733 2730 792 2774 non
816 2719 861 2772 est
881 2713 939 2773 nisi
961 2713 1026 2772 eius
1047 2711 1098 2790 qui
1120 2711 1195 2790 agit,
1219 2710 1271 2790 qul
1292 2711 1352 2770 iem
1372 2709 1443 2770 facit

163 2810 212 2872 boo
230 2814 335 2893 ipsum.
381 2831 452 2893 ergo
479 2814 556 2895 siqui
579 2814 651 2875 dicit
671 2814 776 2877 ‘bodie
804 2815 899 2882 dico'.
928 2815 978 2894 qui
999 2813 1096 2875 adbuc
1115 2813 1195 2875 vadit
1215 2812 1252 2875 ad
1274 2812 1441 2883 dicendum,

164 2915 213 2975 iarn
226 2914 341 2977 ridetur
357 2914 565 2977 soloecismum
587 2916 695 2979 faeere.
726 2917 764 2979 de
785 2916 835 2979 illa
857 2936 891 2978 re
913 2916 990 2987 dico,
1013 2916 1052 2977 de
1073 2916 1287 2995 significatione
1307 2918 1442 2995 ipsorum

134 3025 334 3097 erumperem,
363 3037 452 3098 quem
474 3018 511 3080 ad
533 3019 655 3081 modum
677 3026 795 3081 utamur
822 3021 894 3099 ipsis
921 3018 1114 3100 temporibus.
1158 3018 1343 3079 definitiones
1364 3018 1444 3097 ipsas

164 3128 242 3189 tene,
273 3129 302 3181 et
324 3126 396 3181 tuuc
417 3119 581 3200 intellegis,
606 3140 693 3202 quem
717 3121 753 3183 ad
776 3121 896 3183 modum
918 3124 962 3183 uti
983 3121 1102 3184 debeas.
1136 3140 1278 3202 praesens
1299 3127 1345 3180 εει
1366 3119 1443 3199 quod

164 3224 263 3299 agitur;
286 3223 483 3303 inperfectum
505 3224 583 3304 quod
607 3226 749 3289 omissum
773 3232 832 3295 est,
856 3223 990 3286 sednon
1013 3222 1198 3305 conpletum;
1221 3224 1385 3303 perfectum
1400 3231 1445 3283 εει

165 3324 232 3403 quod
254 3324 422 3405 conpletum
446 3335 503 3398 est,
527 3327 580 3389 sed
602 3326 691 3407 paulo
714 3334 795 3397 ante;
825 3325 1147 3408 plusquamperfectum
1169 3325 1248 3405 quod
1271 3324 1440 3405 conpletum

164 3434 202 3487 est
221 3426 304 3496 olim;
334 3427 465 3491 futurum
493 3429 571 3507 quod
599 3430 743 3491 imminet.
788 3446 859 3508 ergo
887 3430 967 3506 siqui
993 3428 1072 3491 dicet
1099 3430 1240 3498 ‘festino‚
1264 3430 1332 3508 quie
1354 3428 1443 3488 bodie

136 3528 248 3601 outco’,
278 3548 337 3591 non
365 3530 442 3593 bene
468 3530 614 3612 loquitur,
645 3550 679 3593 ee
707 3533 821 3593 ratione
854 3533 994 3611 quoniam
1021 3550 1081 3593 non
1116 3531 1231 3593 videtur
1258 3530 1316 3591 hoc
1342 3548 1441 3610 agere,

163 3632 208 3693 sed
228 3641 443 3695 acturus-esse.
491 3652 562 3713 ergo
584 3633 691 3697 melius
713 3633 784 3697 dicit
805 3633 957 3697 ‘dicturus
978 3636 1074 3696 sum'.
1105 3634 1110 3713 Ι

237 3734 312 3797 lllud
327 3738 494 3813 quaesitum
506 3736 562 3807 est,
579 3744 678 3798 utrum
693 3756 851 3817 possumus
862 3737 962 3799 dicere
978 3742 1056 3799 ‘cras
1072 3735 1159 3797 dico'.
1183 3734 1298 3797 subtilis
1308 3736 1444 3815 quaestio
1452 3742 1515 3803 ιιι,
1529 3740 1560 3789 15

164 3846 210 3898 est
238 3836 320 3899 multi
342 3856 415 3917 ergo
437 3842 617 3919 quaesivere,
641 3848 739 3902 utrum
755 3858 914 3921 possumus
928 3839 1028 3900 dicere
1050 3838 1128 3900 ‘cras
1150 3838 1245 3899 dico':
1269 3857 1335 3901 cras
1349 3838 1442 3899 futuri

163 3941 295 4020 temporis
306 3948 357 4012 est,
373 3949 402 4002 ει
413 3940 479 4001 dico
490 3944 653 4022 praesentis
665 3944 808 4024 temporis
819 3951 876 4004 est:
894 3951 995 4005 utrum
1005 3944 1185 4023 possitratio
1196 3943 1252 4003 ista
1263 3941 1440 4002 consentire.

135 4050 189 4102 εει
207 4042 350 4113 dixerunt,
374 4061 434 4104 non
455 4052 561 4124 potest.
599 4046 709 4125 queret
735 4047 802 4126 quia
825 4045 998 4125 discrepant
1017 4046 1074 4105 ista
1096 4051 1239 4123 tempora.
1278 4062 1350 4122 ergo
1372 4040 1442 4122 quid

162 4142 250 4205 liabeo
265 4144 380 4208 dicere?
396 4164 464 4209 narn
477 4166 543 4209 cras
557 4148 689 4209 futurum
702 4155 754 4218 est,
770 4148 837 4209 dico
852 4149 1017 4227 praesentis
1032 4148 1175 4228 temporis
1189 4157 1242 4207 εει.
1264 4164 1335 4224 ergo
1349 4145 1443 4205 mani·

163 4246 264 4309 festum
297 4256 341 4310 εει
372 4250 510 4329 quoniam
543 4268 603 4311 non
631 4256 790 4330 possumus
817 4249 875 4311 hoc
903 4250 1013 4311 dicere.
1062 4252 1088 4311 si
1113 4248 1171 4309 boc
1197 4267 1257 4311 non
1285 4264 1443 4327 possumus

165 4347 263 4420 dicere,
287 4350 356 4431 quid
378 4352 438 4411 iam
460 4350 604 4413 habemus
627 4352 745 4415 diceret
766 4352 823 4413 hoc
845 4351 982 4423 dicimus,
1006 4355 1089 4414 ‘cras
1110 4352 1233 4413 dicam’.
1271 4350 1324 4411 se'd
1345 4351 1371 4410 si
1384 4348 1442 4410 boc

166 4486 280 4493 „ffi-

224 4538 365 4605 dplerique
382 4538 455 4589 multi
472 4538 589 4590 homines
602 4540 626 4589 A
645 4540 717 4593 multi
733 4540 847 4607 plerique
864 4539 981 4590 homines
993 4538 1066 4591 nea
1118 4540 1253 4589 uicerim
1265 4538 1338 4590 nea
1352 4538 1442 4587 iterum

166 4604 187 4652 Α
234 4608 449 4660 lcumlitBCa
468 4610 619 4673 quodfrtA
668 4605 871 4676 8inperfectum
890 4610 958 4674 quod
970 4611 1043 4661 ABG
1094 4610 1124 4662 ll
1145 4612 1212 4660 iusta
1223 4609 1380 4661 BOoiuxta
1397 4608 1444 4657 Ae

211 4677 240 4728 17
258 4676 341 4746 quum]
358 4682 426 4743 quod
438 4695 507 4730 eurr.
522 4696 597 4744 quem
611 4682 643 4732 Cr
654 4682 770 4741 sortasse
784 4682 904 4745 quonlam
951 4679 985 4731 18
998 4682 1110 4743 sortem
1123 4684 1133 4711 ι
1140 4680 1253 4742 quaret’
1269 4679 1335 4729 dicis
1349 4678 1443 4729 ‘bodie

167 4744 240 4801 dico’.
259 4749 347 4801 melius
416 4750 450 4803 23
470 4752 531 4813 quia
548 4750 632 4802 edbue
649 4752 731 4803 ABG
812 4751 846 4802 34
865 4761 890 4800 ει
907 4751 964 4801 dico
982 4752 1125 4817 praesentis
1142 4750 1263 4816 temporis
1277 4757 1317 4799 eet
1337 4764 1384 4802 om.
1405 4750 1441 4809 A,

167 4816 246 4869 udde
311 4822 444 4873 consentiri
463 4820 517 4873 BC
584 4820 618 4875 35
636 4836 715 4887 quare
729 4838 776 4875 om.
794 4821 830 4882 A,
850 4821 949 4876 odda
1019 4820 1054 4876 38
1069 4821 1129 4892 quid
1148 4823 1199 4871 iam
1217 4819 1341 4870 babemus
1359 4820 1443 4870 dicere

168 4900 206 4937 on.
223 4890 256 4955 A,
276 4890 366 4944 odda
