3525 5600
458 426 658 488 biennum
681 425 854 488 PblllSle
878 425 1063 486 Xlll-XlV
1356 421 1418 484 613

1226 543 1247 586 μ.
1261 530 1319 570 ene
1332 531 1357 570 ιτ
1370 529 1393 570 P.

126 609 405 696 περισπωμένων,
420 612 491 693 βοῶ
505 613 651 695 βοῶμεν,
671 613 755 695 τιμῶ
777 613 935 695 τιμῶμεν,
957 612 1044 674 mado
1059 629 1086 671 ω
1101 613 1131 672 in
1148 631 1189 672 ev
1205 610 1419 690 diphthongum

126 724 286 788 mutantes,
310 726 341 778 ut
364 719 394 777 in
417 719 513 796 prima
536 725 566 777 et
588 718 676 778 tertia
699 710 976 795 περισπωμένων,
999 713 1068 775 νοῶ
1090 713 1254 794 νοοῦμεν,
1282 711 1419 792 φανερῶ

126 820 363 900 φανερούμενε
387 821 418 879 in
441 819 566 899 reliquis
587 825 696 888 autem,
718 817 749 878 id
772 825 818 878 est
840 816 994 898 berytenis
1016 817 1155 878 omnibus
1177 815 1223 876 vel
1246 817 1336 877 etiam
1358 832 1420 875 πε-
1456 895 1461 906 ι

127 919 352 1002 ρισπωμένων
372 922 498 992 tuturis,
527 941 553 981 ω
577 923 608 981 in
631 939 649 980 ο
670 920 900 990 transferentes,
924 915 1009 998 λέγω
1032 913 1189 998 λέγομεν,
1217 912 1322 997 τρέχω
1344 914 1426 998 spi-⁸

99 1039 243 1102 υχομεν,
264 1018 446 1102 θεραπεύω
466 1018 719 1103 θεραπεύομεν,
742 1017 877 1102 λαλήσω
906 1017 1111 1101 λαλήσομεν,
1147 1015 1235 1080 ἐάσω
1262 1015 1418 1099 ἐάσομεν,

124 1117 316 1204 άργυρῶσω
344 1118 599 1205 άρχυρῶσομεν.
644 1122 774 1184 secunda
802 1123 926 1203 pluralis
955 1143 971 1184 a
994 1125 1081 1184 tertia
1103 1121 1248 1199 singulari
1271 1123 1417 1182 nascitur:

126 1228 244 1304 primae
267 1226 385 1307 quidem
409 1234 439 1286 et
461 1226 608 1287 secundae
631 1227 766 1304 syzygiae
789 1219 1055 1305 περισπωμένων
1077 1226 1200 1284 instanti
1217 1242 1253 1284 τε
1267 1223 1417 1292 addentes,

124 1333 222 1388 ποιεῖ
240 1333 376 1406 ποιεῖτε,
398 1326 462 1410 βοᾷ
483 1327 596 1407 βοᾶτε,
618 1329 650 1388 in
674 1330 762 1389 tertia
783 1345 854 1387 vere
875 1327 1011 1388 ultimum
1034 1323 1116 1386 ι’ῶτα
1143 1328 1174 1386 in
1197 1345 1219 1385 υ
1242 1332 1388 1386 mutantes
1414 1320 1417 1404 l

125 1440 157 1490 et
179 1430 259 1491 idem
282 1449 319 1490 τε
340 1429 497 1499 addentes,
527 1435 651 1509 χρυσοῖ
673 1428 858 1509 χρυσούτετ
888 1435 917 1490 at
944 1431 976 1489 in
999 1427 1136 1489 omnibus
1163 1425 1315 1507 barytenis
1337 1436 1365 1488 et
1388 1429 1419 1486 in

87 1548 112 1587 ιο
125 1528 396 1612 περισπωμένων
423 1532 535 1592 tuturis
563 1534 659 1611 ipsum
687 1529 769 1592 ἰῶτα
790 1531 928 1592 ultimum
951 1529 1140 1592 detrahentes
1168 1538 1198 1591 et
1221 1530 1346 1590 eandem
1368 1529 1418 1590 ad·

126 1634 235 1696 dentes
256 1633 398 1714 syllabam
420 1652 467 1713 τε,
490 1627 611 1713 πέμπει
632 1627 787 1714 πέμπετε,
810 1627 919 1712 τρέχει
933 1627 1076 1712 τρέχετε,
1091 1620 1231 1693 άθλεύει
1246 1625 1419 1710 άθλεύετε,

125 1731 263 1817 ποιήσει
285 1731 452 1816 ποιήσετε,
474 1728 667 1815 άροτριάσει
688 1727 913 1817 άροτριάσετε,
938 1727 1074 1814 λύρῶσει
1096 1729 1267 1813 λδρῶσετε.
1303 1735 1420 1795 tertiam

125 1856 246 1919 quaque
268 1856 422 1918 personam
444 1837 591 1917 pluralem
613 1837 775 1898 eorundem
788 1837 949 1898 verborum
971 1836 1008 1896 de
1030 1838 1127 1916 prima
1147 1836 1280 1898 eiusdem
1303 1837 1418 1896 numeri

125 1941 242 2001 iaciunt
262 1959 325 2020 μεν
347 1947 498 2001 mutantes
520 1942 552 2000 in
575 1953 620 2018 σι,
644 1947 674 2000 et
695 1942 765 2019 quia
792 1938 919 2019 pluralis
947 1940 1034 1999 tertia
1063 1957 1181 2018 semper
1209 1940 1301 2017 exigit
1328 1957 1419 2019 paen-

85 2059 112 2098 15
128 2040 270 2102 ultimam
292 2042 418 2122 longam,
442 2042 510 2102 ideo
532 2044 563 2102 in
586 2041 795 2121 praesentibus
816 2043 1044 2122 perispomenis,
1067 2043 1098 2101 in
1115 2037 1224 2122 quib'us
1239 2041 1295 2102 boe
1311 2042 1419 2111 evenit,

124 2143 224 2203 solam
250 2144 323 2205 latit
344 2147 543 2206 mutationem¹
557 2141 703 2223 syllabae,
733 2152 765 2204 ut
787 2144 932 2213 diximus,
966 2162 1029 2222 μεν
1051 2145 1081 2204 in
1106 2156 1150 2222 σι,
1174 2141 1341 2224 φιλοῦμεν
1363 2162 1420 2222 φι-

125 2244 243 2316 λούσι,
273 2245 420 2327 τιμῶμεν
446 2245 583 2327 τιμῶσι,
606 2244 841 2325 στεφανοῦμεν
863 2245 1080 2325 στεφανοῦσι.
1111 2251 1141 2306 at
1161 2247 1192 2306 in
1215 2245 1368 2324 barytenis
1391 2253 1421 2304 et

126 2350 160 2408 iu
183 2343 451 2427 περισπωμένων
471 2349 581 2409 tuturis
603 2347 686 2408 addit
706 2349 905 2428 paenultimae
927 2367 961 2427 υ,
983 2353 1017 2407 ut
1038 2346 1155 2425 longam
1171 2363 1207 2408 ex
1223 2345 1306 2408 brevi
1322 2348 1420 2415 iaciat,

125 2447 249 2530 ἔχομεν
275 2447 406 2529 έχουσι,
434 2445 609 2532 πέμπομεν
636 2445 820 2531 πέμπουσι,
843 2443 1033 2530 λαλήσομεν
1062 2443 1260 2530 λαλήσουσι;
1289 2467 1307 2510 ο
1340 2451 1420 2510 enim

83 2571 112 2610 so
126 2551 246 2621 littera,
269 2571 336 2612 curn
359 2552 437 2632 apud
458 2552 526 2613 illes
547 2552 723 2614 naturaliter
745 2553 917 2633 corripitur,
946 2551 1060 2612 adiecta
1083 2571 1105 2611 υ
1126 2551 1311 2631 producitur,
1334 2552 1420 2610 utin

124 2653 301 2714 numinibus
323 2648 408 2734 κόρη
430 2649 541 2734 κόρος,
563 2649 671 2734 κούρη
694 2654 828 2734 κοῦρος,
843 2645 1013 2734 Ὄλυμπος
1036 2644 1230 2733 Οὔλυμπος,
1258 2652 1420 2733 eademque

126 2763 259 2818 retracta
282 2758 452 2837 corripitur,
475 2751 634 2837 βούλεται
655 2752 803 2838 βόλεται,
826 2751 1012 2837 τετράπους
1032 2751 1202 2837 τέτρατος.
1240 2772 1326 2816 omne
1350 2771 1421 2833 ergo

126 2858 254 2920 verbnm
276 2877 417 2938 graecum
444 2859 524 2939 qued
553 2862 584 2921 in
607 2872 641 2921 σι
662 2862 837 2941 reppereris
864 2860 1021 2920 terminari
1050 2861 1155 2919 tertiae
1189 2876 1332 2938 personae
1355 2858 1420 2937 plu·

126 2961 204 3022 ralis
226 2979 291 3023 esse
313 2963 473 3042 pronuntia
496 2970 620 3042 excepte
642 2958 727 3033 ἐσσί,
750 2962 827 3043 qnod
851 2962 955 3030 selum,
978 2979 1044 3021 cum
1068 2964 1110 3021 sic
1133 2960 1252 3031 desinit,
1276 2960 1420 3023 secundae

84 3072 185 3133 esest,
210 3064 292 3124 cuius
313 3066 411 3143 prima
434 3060 513 3144 ἐσμί
531 3071 562 3125 et
588 3063 712 3144 pluralis
739 3067 835 3144 prima
864 3058 975 3145 ἐσμέν.
1021 3065 1118 3123 emnia
1146 3071 1243 3124 autem
1271 3062 1360 3123 verba
1388 3064 1420 3122 in

125 3186 165 3246 μι
190 3173 303 3227 mutant
324 3186 361 3246 μι
384 3168 415 3228 in
437 3164 539 3246 σίγμα
561 3175 592 3226 et
614 3167 725 3228 iaciunt
739 3166 898 3227 secundam
915 3184 1081 3245 personam,
1105 3160 1190 3245 φημὶ
1207 3159 1283 3244 φής,
1306 3162 1422 3244 emam

126 3267 238 3347 τίθης.
271 3270 315 3329 sic
330 3267 476 3329 debuerat
496 3264 572 3347 ε’σμλ
593 3265 662 3329 ἔσσ.
686 3268 739 3328 sed
761 3270 830 3349 quia
852 3268 934 3329 nulla
957 3267 1069 3347 syllaba
1092 3270 1123 3328 in
1147 3269 1297 3345 geminum
1321 3266 1421 3348 σίγμα

126 3370 256 3440 desinit,
285 3370 417 3431 additum
447 3367 608 3449 estiment,
632 3365 722 3448 ἐσσί,
746 3377 776 3430 et
797 3378 918 3451 propter
946 3370 1142 3431 ditlerentiam
1171 3388 1187 3430 a
1209 3369 1338 3430 secunda
1361 3371 1421 3429 sin-

124 3472 226 3549 gulari
253 3475 342 3533 tertia
369 3491 511 3552 persona,
540 3491 616 3553 quae
638 3472 778 3533 similiter
801 3468 879 3534 ἐσσί
898 3472 1041 3533 debuerat
1064 3473 1138 3542 lteri,
1168 3472 1326 3551 assumpsit
1347 3470 1421 3539 ταῦ,

84 3596 112 3635 ιο
128 3570 214 3635 ἐστί.
242 3574 333 3635 rerba
356 3577 437 3635 enim
460 3577 491 3635 in
513 3595 549 3656 μι
571 3577 729 3636 terminata
757 3577 876 3636 tertiam
905 3593 1062 3655 persenam
1091 3576 1121 3635 in
1151 3587 1185 3635 σι
1211 3574 1345 3643 mittunt,
1370 3570 1421 3632 δί-

127 3671 217 3736 δωσι
237 3670 357 3756 ἵστησι.
392 3696 478 3739 omne
501 3671 730 3757 παρατατικύν
751 3677 927 3738 naturaliter
951 3678 981 3738 in
1004 3696 1044 3737 ον
1066 3679 1244 3738 terminatur
1266 3683 1295 3736 et
1317 3694 1422 3736 seeun-

128 3778 199 3837 darn
221 3796 380 3858 persenam
403 3798 424 3839 ν
446 3782 477 3840 in
499 3778 602 3860 σίγμα
623 3779 764 3841 mutando
779 3787 810 3840 et
828 3799 847 3841 ο
862 3782 895 3841 in
912 3798 927 3839 ε
942 3779 1150 3841 transferendo
1165 3779 1282 3855 figurat,
1306 3775 1422 3857 ἔλεγον

127 3878 260 3959 ἔλεγες,
293 3879 414 3960 ἔφερον
448 3879 579 3961 ἐφερεςτ
608 3884 695 3943 tertia
724 3882 761 3942 de
789 3880 918 3943 secunda
949 3881 1067 3943 ultimae
1095 3881 1213 3942 litterae
1236 3880 1421 3941 detractione

126 3982 278 4061 procedit.
321 3982 373 4043 sed
402 3984 481 4063 qued
510 3986 718 4064 perispemena
746 3986 777 4044 in
799 4001 863 4043 ουν
886 3982 931 4043 vel
960 3984 991 4043 in
1015 4002 1063 4043 ων
1085 3982 1239 4053 desinunt,
1276 3976 1422 4043 ἐκάλουν

84 4106 113 4147 as
129 4078 302 4164 ἐχρύσουν
332 4079 472 4166 ἐτίμων,
505 4086 629 4147 duarum
658 4085 838 4165 syllabarum
865 4087 897 4145 in
920 4087 1196 4157 unameuntraetie
1228 4086 1310 4146 lecit.
1354 4102 1421 4145 nam

128 4190 281 4264 integrum
304 4194 368 4247 erat
384 4184 525 4249 ἐκάλεον
539 4183 705 4267 ε’χρύσοον
726 4184 874 4268 ἐτίμαον,
897 4206 933 4247 ex
955 4206 1014 4266 quo
1037 4206 1104 4248 eum
1127 4188 1232 4249 breves
1255 4188 1329 4249 duae
1353 4206 1421 4247 eon·

128 4288 304 4357 trabuntur,
332 4291 363 4349 in
387 4308 475 4351 unam
499 4290 615 4370 longam
637 4290 816 4351 coalescunt.
859 4290 927 4351 ideo
950 4307 965 4349 ε
988 4298 1018 4350 et
1040 4309 1057 4350 ο
1080 4297 1109 4351 et
1130 4310 1148 4351 ο
1170 4298 1200 4351 et
1221 4309 1240 4350 ο
1261 4292 1293 4352 in
1316 4308 1357 4350 ου
1380 4290 1421 4350 la·

200 4512 216 4561 2
233 4518 368 4569 mutantes,
382 4527 434 4575 pre
445 4528 494 4577 quo
505 4511 664 4562 scribendam
676 4519 733 4562 erat
745 4521 864 4570 mutatur,
882 4526 918 4561 ευ
934 4513 1090 4576 πεμλερεπλία
1102 4513 1264 4577 eoeeerpton's
1275 4516 1355 4562 ertum
1367 4526 1423 4561 esse

127 4580 245 4636 videtum
262 4579 320 4629 item
332 4579 405 4642 iufra
416 4578 611 4643 transferentes,
623 4581 758 4641 addentes,
770 4590 896 4628 mammes
910 4587 956 4630 etr.
1027 4580 1043 4629 5
1056 4579 1162 4631 λαλεσω
1176 4580 1331 4646 λαλεσομεν
1344 4580 1368 4629 P

129 4656 147 4698 9
164 4657 191 4696 at
207 4649 233 4696 in
245 4664 268 4726 p
284 4658 329 4696 sut
345 4650 371 4696 tn
385 4647 410 4696 P
477 4650 507 4697 11
524 4639 677 4711 delevisse}
694 4648 853 4699 αθλευεται
864 4648 890 4696 P
957 4648 988 4696 12
1005 4640 1152 4714 ποιήσετε]
1168 4660 1320 4715 ποιήσεται
1331 4648 1357 4697 Ρ

129 4710 309 4783 άροτριασει]
322 4728 502 4780 ατρορειασει
514 4718 540 4766 Ρ
606 4718 638 4767 19
655 4708 814 4780 λαλήσομεν
830 4708 984 4779 λαλήσουσι
998 4714 1077 4765 Ianua
1093 4716 1253 4782 αλλήσομεν
1270 4715 1422 4782 αλλήσουσι

132 4786 157 4834 Ρ
224 4786 258 4835 23
293 4784 379 4833 luralis
396 4792 421 4834 et
438 4785 485 4835 λου
502 4788 557 4835 loco
575 4791 601 4834 et
617 4784 689 4846 infra
706 4786 739 4834 29
758 4792 782 4834 et
804 4787 837 4835 30
859 4786 948 4832 delenit
967 4783 1048 4833 Ianus
1116 4786 1148 4833 29
1171 4780 1293 4850 persona]
1317 4783 1422 4850 pluralis

132 4854 155 4901 P
224 4855 258 4902 30
274 4799 336 4903 lact
351 4851 430 4902 lantes
446 4852 559 4904 εοσιτΡ
625 4849 774 4918 persenam]
793 4851 934 4918 pluralis?
1000 4842 1275 4917 :lbdppduevvlamts
1289 4866 1422 4918 εχρυσεον

130 4922 157 4971 Ρ
224 4920 920 4985 37εειοειήιιεοειοῑυουλωιυιεειοίυουΡ
