3525 5600
322 342 385 410 398
516 400 522 410 .
869 348 1073 412 CONSENTII

348 470 369 512 p.
383 460 434 500 26—
447 459 472 498 28
487 457 510 498 B.
1479 472 1497 501 c.
1510 463 1576 503 rete

324 547 475 608 strenuas,
499 539 551 598 sed
575 545 690 602 strenas
713 559 778 600 esse
801 539 954 600 dicendas.
998 543 1142 602 eveniunt
1164 559 1234 603 sane
1256 541 1344 620 plane
1368 540 1510 620 pleraque
1527 544 1598 612 vitia,

324 661 399 722 quac
421 642 592 722 specialiter
614 642 794 704 barbarismi
819 642 956 721 partibus
978 661 1038 703 non
1059 663 1217 723 possumus
1238 650 1411 706 annectere.
1455 661 1519 704 nam
1541 663 1599 705 ecce

324 746 461 825 plerique
484 763 519 804 ex
542 746 692 824 imperitia
714 747 758 805 sic
780 745 958 825 loquuntur,
982 751 1016 805 ut
1038 746 1240 825 tyrannicidas
1262 747 1364 808 dicant
1385 764 1441 825 pro
1463 748 1598 824 tyrannis:

327 853 449 928 peccant
475 847 506 906 hi
536 865 596 908 non
624 850 655 907 in
679 848 795 925 regula,
822 843 828 927 Ι
853 866 913 908 non
934 850 966 908 in
988 849 1169 927 prolatione,
1195 849 1247 910 sed
1269 851 1301 910 in
1323 866 1426 910 sensu.
1470 849 1538 908 item
1557 848 1601 908 alii

326 951 500 1030 plerumque
523 951 728 1026 sanguintinos
743 968 797 1029 pro
813 952 989 1028 sanguineis
1011 952 1096 1030 quasi
1118 951 1154 1012 ad
1170 953 1423 1031 vituperationem
1443 950 1620 1029 prolemnt:a

325 1059 450 1133 peccant
471 1051 502 1112 hi
525 1070 583 1112 non
607 1055 637 1112 in
660 1053 781 1130 regula,
805 1071 864 1114 non
888 1055 919 1113 in
942 1051 1122 1132 prolatione,
1146 1054 1198 1113 sed
1221 1056 1254 1114 in
1276 1055 1412 1114 historia.
1435 1055 1505 1114 item
1525 1051 1601 1131 pleri·

325 1174 383 1235 que
406 1161 509 1214 contra
531 1153 609 1233 quod
633 1161 723 1232 agunt
745 1156 834 1216 talem
857 1157 1106 1232 significationem
1128 1157 1300 1234 proferunt,
1322 1162 1356 1216 ut
1379 1173 1487 1234 augere
1508 1173 1539 1215 sc
1558 1175 1601 1234 po·

326 1263 403 1326 tent,
427 1275 495 1318 cum
509 1258 659 1318 minuant:
683 1263 716 1318 ut
731 1259 825 1336 siquis
841 1257 921 1318 dicat
936 1259 1165 1319 invictissimum
1181 1260 1287 1320 ducem
1310 1266 1361 1321 aut
1382 1256 1604 1319 infidelissimum

327 1363 468 1430 amicum,
493 1365 578 1439 putat
599 1378 631 1419 se
653 1359 720 1438 plus
736 1359 837 1420 dicere
852 1379 940 1438 quam
965 1363 1110 1422 invictum
1133 1370 1183 1422 aut
1205 1361 1371 1432 infidelem,
1395 1380 1463 1421 curn
1484 1361 1602 1420 invictis·
1709 1338 1710 1351 ἵ

326 1465 420 1523 simus
442 1461 494 1522 ille
517 1463 571 1532 sit,
594 1465 645 1540 qui
667 1481 727 1522 non
750 1467 795 1522 est
817 1464 937 1542 penitus
959 1466 1070 1532 victus,
1100 1472 1130 1523 et
1152 1464 1376 1526 infidelissimus
1398 1463 1463 1532 ille,
1485 1465 1535 1542 qui
1555 1481 1632 1522 nono
1709 1482 1710 1501 ÷

327 1583 421 1644 usque
444 1564 480 1624 ad
503 1583 649 1626 summum
672 1564 778 1626 tidelis.
823 1565 898 1626 baec
921 1572 1010 1645 atque
1038 1565 1229 1628 huiusmodi
1251 1567 1308 1628 alia
1331 1569 1417 1646 siqua
1439 1572 1509 1626 sunt
1528 1564 1603 1625 lorsi·
1709 1552 1711 1633 ἶ

327 1675 378 1728 tan
400 1669 487 1736 vitia,
510 1668 536 1728 si
559 1667 680 1746 quidem
702 1685 761 1726 non
785 1667 892 1728 cadent
919 1670 951 1729 in
973 1687 1007 1728 ea
1029 1668 1066 1729 de
1088 1670 1199 1748 quibus
1220 1675 1289 1749 post
1311 1669 1421 1730 dicturi
1443 1685 1555 1734 sumus,
1575 1665 1604 1725 ad
1709 1650 1711 1726 [

329 1767 508 1830 barbarismi
530 1769 669 1846 generale
692 1787 800 1830 nornen
823 1777 905 1830 recta
928 1771 1043 1830 ratione
1066 1772 1246 1832 reserentur.
1277 1771 1423 1851 quidquid
1446 1771 1524 1830 enim
1538 1768 1604 1828 salva

328 1872 374 1932 vel
398 1871 517 1948 regulae
546 1871 593 1932 rel
621 1871 796 1951 prolationis
824 1873 939 1934 ratione
962 1875 1031 1947 puis
1052 1881 1171 1951 peccat,
1198 1873 1248 1943 id,
1272 1875 1297 1933 si
1319 1872 1458 1952 specialis
1480 1872 1544 1932 vitii
1562 1888 1605 1930 oo·
1709 1864 1710 1871 '

329 1991 398 2036 men
420 1992 479 2036 non
501 1973 606 2043 habet,
630 1973 834 2036 barbarismus
857 1976 923 2034 iure
946 1974 1073 2034 dicetur.
1616 1991 1634 2030 n
1709 1992 1711 2046 c

736 2159 782 2204 DE
806 2157 1024 2206 scaunertms
1047 2158 1215 2208 venslcvs

415 2263 499 2325 Nunc
527 2267 666 2344 quoniam
695 2263 766 2343 quid
795 2270 897 2326 essent
919 2264 1104 2343 metaplasmi
1126 2273 1158 2324 et
1179 2264 1405 2326 delinitionibus
1428 2272 1458 2324 et
1480 2259 1608 2344 exemplis
1709 2298 1710 2311 ,

329 2367 417 2446 plene
441 2368 664 2435 insinuavimus,
688 2369 841 2447 pertinere
865 2367 901 2426 ad
924 2367 1133 2449 compendium
1156 2376 1185 2426 et
1208 2366 1243 2428 ad
1268 2367 1405 2428 ordinem
1428 2366 1550 2428 docendi
1568 2385 1607 2426 ar·
1709 2420 1710 2429 ,

330 2470 426 2530 bitror
458 2475 492 2527 ut
524 2469 560 2528 de
591 2469 768 2530 scandendis
792 2464 798 2551 l
822 2469 960 2530 versibus
991 2488 1086 2547 pauca
1118 2469 1263 2531 dicamus.
1307 2487 1413 2548 magna
1446 2473 1524 2530 enim
1550 2487 1607 2548 pars
1709 2486 1710 2489 ¹

330 2572 489 2640 scientiae,
519 2589 576 2650 qua
605 2571 786 2640 iudicemus,
816 2577 932 2632 constet
959 2589 1077 2640 versus,
1106 2590 1143 2632 an
1172 2591 1231 2632 non
1259 2578 1389 2642 constet,
1413 2591 1449 2634 er
1470 2571 1637 2634 intellectus»

333 2673 595 2752 metaplasmorum
623 2673 772 2752 pendetne
800 2692 838 2734 an
866 2692 924 2734 non
946 2674 1076 2753 pendet?
1103 2676 1182 2734 scire
1205 2677 1298 2753 igitur
1321 2682 1390 2735 ante
1413 2677 1511 2735 omnia
1532 2673 1608 2734 debe·
1709 2714 1711 2753 4

330 2794 395 2837 mus
427 2793 546 2837 versum
575 2793 705 2847 omnem,
734 2775 785 2855 qui
814 2775 935 2855 quidem
963 2795 979 2838 a
1015 2775 1094 2837 bono
1129 2784 1249 2837 auctore
1277 2778 1465 2856 conscriptus
1492 2777 1546 2845 sit,
1571 2773 1609 2834 rel
1709 2786 1711 2844 l

331 2884 434 2957 suapte
462 2883 569 2938 natura
596 2880 660 2939 sine
689 2881 879 2939 excusatione
908 2882 1088 2950 consistere,
1118 2880 1163 2940 vel
1191 2900 1207 2941 a
1230 2878 1411 2959 quibusdam
1433 2875 1609 2939 artiticdibus
1709 2917 1711 2960 p

333 2978 501 3041 rationibus
532 2980 666 3049 delendi,
700 2986 733 3039 ut
766 2982 930 3040 consistere
964 2980 1124 3042 iudicetur.
1169 2984 1235 3042 sine
1267 2983 1457 3043 excusatione
1490 2979 1610 3042 consistit
1709 3023 1711 3054 ,

333 3100 437 3143 versus
459 3082 547 3144 huius
569 3082 664 3151 modi,
1619 3098 1638 3137 s
1709 3163 1710 3170 ἵ

485 3185 660 3245 conditus
682 3186 719 3245 in
742 3182 873 3245 nubem
896 3186 1093 3265 medioque
1115 3187 1319 3248 refulserit
1340 3184 1431 3245 orbe
1709 3179 1710 3182 ’

333 3276 363 3329 et
485 3362 522 3415 tu
545 3372 691 3435 quoque
715 3353 900 3417 litoribus
922 3360 1068 3418 nestris
1090 3357 1227 3420 Aeneia
1250 3360 1393 3418 nutrix.

333 3457 364 3517 hi
388 3462 418 3515 et
440 3454 490 3517 alii
512 3454 586 3517 tales
608 3475 666 3517 non
691 3460 868 3519 auctoritate
885 3458 985 3539 aliqua
1006 3464 1212 3541 praerogativa
1233 3460 1307 3520 artis
1330 3465 1381 3519 aut
1402 3458 1610 3519 consuetudinis

334 3557 550 3629 delenduntum
579 3558 655 3619 nihil
678 3559 826 3630 additum,
855 3561 931 3621 nihil
954 3562 1134 3631 detractum,
1157 3562 1233 3622 nilril
1255 3566 1401 3621 mumtunr
1423 3559 1547 3629 babent,
1567 3557 1640 3618 seda

263 3678 268 3688 ’
333 3662 415 3721 iuxta
442 3662 605 3721 communis
633 3661 751 3739 linguae
780 3664 1014 3725 enuntiationem
1043 3666 1153 3741 integri
1182 3664 1245 3724 nati
1272 3670 1357 3733 sunt,
1387 3681 1483 3742 neque
1505 3661 1560 3723 ulla
1580 3678 1610 3719 ex
1709 3696 1711 3749 4

334 3769 418 3842 parte
442 3763 553 3843 aliquid
572 3762 766 3825 dubitationis
781 3768 960 3827 ammittunt.
991 3785 1058 3827 cum
1081 3768 1271 3827 excusatione
1293 3784 1384 3845 porro
1407 3765 1517 3845 duplici
1536 3763 1611 3824 modo
1709 3759 1710 3774 ²

271 3926 276 3936 ,
334 3875 413 3927 stare
443 3866 591 3926 dicuntur.
636 3866 743 3927 horum
770 3885 847 3928 nnus
875 3868 980 3928 medus
1008 3871 1133 3948 estqui
1161 3866 1610 3946 evenitexartilicaliquadam
1709 3861 1711 3932 ᾗ

335 3970 476 4028 varietate
506 3975 536 4026 et
561 3967 733 4030 multimoda
762 3969 983 4039 observatione,
1012 3970 1088 4030 alius
1113 3974 1165 4050 qui
1188 3970 1449 4050 metaplasmorum
1470 3971 1498 4028 ri
1518 3978 1545 4027 et
1564 3985 1608 4045 pe-

334 4075 440 4129 lestate
470 4072 625 4147 contingit.
670 4071 806 4133 artilicali
834 4074 951 4132 ratione
983 4078 1056 4151 quot
1082 4073 1180 4133 modis
1207 4074 1360 4131 excusatio
1382 4072 1495 4139 evenit,
1524 4068 1641 4149 plenos
1709 4072 1711 4094 ‘

336 4190 403 4233 cum
426 4169 462 4232 de
485 4170 609 4250 syllabis
638 4179 811 4242 tractarem,
840 4171 1101 4252 comprehendisse
1128 4192 1175 4235 me
1203 4176 1276 4233 scio.
1320 4174 1422 4252 itaque
1448 4173 1517 4252 poni
1540 4187 1609 4231 nunc

418 4360 433 4407 5
457 4358 636 4423 sanguiotinus
660 4374 706 4425 pro
730 4361 880 4426 sanguineis
900 4362 972 4423 quasi
992 4360 1103 4412 clemona
1124 4362 1302 4427 sanguineinos
1322 4359 1396 4420 quasi
1413 4360 1461 4411 M:
1488 4359 1544 4408 ‘loe
1558 4356 1611 4421 quid

335 4426 404 4477 uerbi
418 4429 451 4477 ait
468 4428 537 4477 nulla
550 4432 650 4481 radone
664 4431 781 4493 inlelllpo.
803 4446 836 4478 on
854 4430 1009 4495 Saguntinos
1025 4434 1152 4482 intellexit
1167 4433 1192 4481 a'n
1211 4433 1397 4495 expupnaa'one
1414 4430 1483 4479 serbis
1498 4442 1554 4477 suae
1565 4442 1609 4475 rae
1709 4473 1711 4478 .

336 4498 669 4561 ritomlaudemadeptcai'
689 4500 822 4549 Cremerae
874 4502 1014 4565 lipeceant
1028 4500 1054 4550 hi
1074 4502 1184 4553 clemens
1201 4510 1306 4567 peccaut
1320 4508 1404 4549 autern
1424 4498 1455 4548 M
1504 4499 1609 4561 'lputaot
1709 4518 1711 4548 :

337 4566 369 4614 M
436 4566 561 4633 tlputent
579 4568 612 4619 M
694 4569 724 4620 la
743 4569 883 4619 referentur
903 4572 1014 4622 Clemens
1031 4572 1176 4622 retemncor
1194 4572 1224 4621 M
1309 4571 1342 4620 14
1359 4571 1456 4619 ratione
1472 4565 1608 4632 peccatM:

337 4640 433 4687 ratione
450 4648 536 4703 peccat
554 4649 580 4689 et
596 4640 622 4689 id
636 4638 753 4705 specialis
767 4640 876 4690 Clemens
948 4642 977 4689 17
993 4642 1061 4691 etde
1075 4640 1306 4692 difinitionibusM
1374 4640 1411 4690 20
1422 4646 1515 4687 constet
1527 4649 1608 4683 noram
1709 4675 1711 4680 ,

338 4720 370 4755 an
389 4722 436 4757 non
460 4716 558 4759 constat
577 4708 607 4757 M
677 4710 709 4757 22
726 4724 830 4759 uersum
851 4710 883 4759 M
951 4711 982 4759 ab
1001 4725 1050 4759 uuo
1071 4711 1104 4760 M
1171 4714 1205 4763 25
1223 4711 1368 4761 uorsusM
1435 4707 1467 4757 26
1490 4700 1604 4767 conditus]

343 4778 421 4841 Verp.
441 4792 528 4843 peorp.
546 4780 557 4829 l
575 4780 626 4829 ale
706 4780 739 4829 ‘28
757 4778 795 4843 tu]
819 4782 898 4845 Vera.
917 4779 983 4831 Aen.
1001 4781 1079 4832 Vlll
1167 4796 1260 4831 aeneea
1277 4779 1309 4829 M
1394 4776 1606 4830 adhabeowrr.

338 4844 447 4895 babeant
465 4847 499 4897 M
565 4846 598 4899 35
617 4848 758 4915 contingerit
777 4848 808 4899 M
