<?xml version="1.0" encoding="UTF-8"?>
<!DOCTYPE html PUBLIC "-//W3C//DTD XHTML 1.0 Transitional//EN"
    "http://www.w3.org/TR/xhtml1/DTD/xhtml1-transitional.dtd">
<html xmlns="http://www.w3.org/1999/xhtml" xml:lang="en" lang="en">
 <head>
  <title>
</title>
<meta http-equiv="Content-Type" content="text/html;charset=utf-8" />
  <meta name='ocr-system' content='tesseract 3.04.00' />
  <meta name='ocr-capabilities' content='ocr_page ocr_carea ocr_par ocr_line ocrx_word'/>
</head>
<body>
  <div class='ocr_page' id='page_1' title='image "./grammaticilatin03hagagoog_0489.png"; bbox 0 0 3525 5600; ppageno 0'>
   <div class='ocr_carea' id='block_1_1' title="bbox 680 337 1478 404">
    <p class='ocr_par' dir='ltr' id='par_1_1' title="bbox 680 337 1478 404">
     <span class='ocr_line' id='line_1_1' title="bbox 680 337 1478 404; baseline 0.001 -2"><span class='ocrx_word' id='word_1_1' title='bbox 680 338 751 402; x_wconf 76' lang='lat' dir='ltr'>ARS</span> <span class='ocrx_word' id='word_1_2' title='bbox 781 339 808 400; x_wconf 91' lang='lat' dir='ltr'>ll</span> <span class='ocrx_word' id='word_1_3' title='bbox 830 343 956 402; x_wconf 84' lang='lat'>8-10</span> <span class='ocrx_word' id='word_1_4' title='bbox 1413 337 1478 404; x_wconf 77' lang='lat'>479</span> 
     </span>
    </p>
   </div>
   <div class='ocr_carea' id='block_1_2' title="bbox 151 446 1476 2344">
    <p class='ocr_par' dir='ltr' id='par_1_2' title="bbox 187 446 1476 916">
     <span class='ocr_line' id='line_1_2' title="bbox 213 446 1451 502; baseline 0.001 -14"><span class='ocrx_word' id='word_1_5' title='bbox 213 446 381 502; x_wconf 78' lang='lat' dir='ltr'>p.2180.81P.</span> <span class='ocrx_word' id='word_1_6' title='bbox 1296 459 1318 501; x_wconf 72' lang='lat' dir='ltr'>p.</span> <span class='ocrx_word' id='word_1_7' title='bbox 1332 450 1414 490; x_wconf 75' lang='lat' dir='ltr'>ranae</span> <span class='ocrx_word' id='word_1_8' title='bbox 1427 448 1451 489; x_wconf 74' lang='lat' dir='ltr'>r„</span> 
     </span>
     <span class='ocr_line' id='line_1_3' title="bbox 189 527 1476 610; baseline 0.001 -21"><span class='ocrx_word' id='word_1_9' title='bbox 189 546 251 589; x_wconf 89' lang='lat' dir='ltr'>mae</span> <span class='ocrx_word' id='word_1_10' title='bbox 279 534 349 588; x_wconf 91' lang='lat' dir='ltr'>sunt</span> <span class='ocrx_word' id='word_1_11' title='bbox 377 527 468 588; x_wconf 90' lang='lat' dir='ltr'>solius</span> <span class='ocrx_word' id='word_1_12' title='bbox 495 529 727 607; x_wconf 80' lang='lat' dir='ltr'>coniugationis,</span> <span class='ocrx_word' id='word_1_13' title='bbox 757 535 789 588; x_wconf 92' lang='lat' dir='ltr'>ut</span> <span class='ocrx_word' id='word_1_14' title='bbox 810 547 849 589; x_wconf 96' lang='lat' dir='ltr'>no</span> <span class='ocrx_word' id='word_1_15' title='bbox 876 547 930 590; x_wconf 90' lang='lat' dir='ltr'>nas</span> <span class='ocrx_word' id='word_1_16' title='bbox 951 536 1003 590; x_wconf 91' lang='lat' dir='ltr'>nat</span> <span class='ocrx_word' id='word_1_17' title='bbox 1024 530 1273 610; x_wconf 79' lang='lat' dir='ltr'><strong>monosyllabum,</strong></span> <span class='ocrx_word' id='word_1_18' title='bbox 1297 528 1421 591; x_wconf 83' lang='lat' dir='ltr'>Ovidius</span> <span class='ocrx_word' id='word_1_19' title='bbox 1443 531 1476 590; x_wconf 90' lang='lat' dir='ltr'>in</span> 
     </span>
     <span class='ocr_line' id='line_1_4' title="bbox 187 627 1476 711; baseline 0.002 -21"><span class='ocrx_word' id='word_1_20' title='bbox 187 630 263 690; x_wconf 89' lang='lat' dir='ltr'>hhro</span> <span class='ocrx_word' id='word_1_21' title='bbox 284 629 297 691; x_wconf 95' lang='lat' dir='ltr'>l</span> <span class='ocrx_word' id='word_1_22' title='bbox 319 631 596 709; x_wconf 78' lang='lat' dir='ltr'><strong>metamorphoseon</strong></span> <span class='ocrx_word' id='word_1_23' title='bbox 625 627 628 710; x_wconf 92' lang='grc' dir='ltr'>Ι</span> <span class='ocrx_word' id='word_1_24' title='bbox 660 635 740 692; x_wconf 84' lang='lat' dir='ltr'>‘nat</span> <span class='ocrx_word' id='word_1_25' title='bbox 769 631 878 711; x_wconf 87' lang='lat' dir='ltr'>lupus</span> <span class='ocrx_word' id='word_1_26' title='bbox 907 634 1011 692; x_wconf 90' lang='lat' dir='ltr'>iuter</span> <span class='ocrx_word' id='word_1_27' title='bbox 1039 633 1152 702; x_wconf 92' lang='lat' dir='ltr'>oves&#39;,</span> <span class='ocrx_word' id='word_1_28' title='bbox 1176 651 1248 693; x_wconf 90' lang='lat' dir='ltr'>sano</span> <span class='ocrx_word' id='word_1_29' title='bbox 1270 650 1366 702; x_wconf 90' lang='lat' dir='ltr'>sanas,</span> <span class='ocrx_word' id='word_1_30' title='bbox 1389 650 1476 693; x_wconf 90' lang='lat' dir='ltr'>mano</span> 
     </span>
     <span class='ocr_line' id='line_1_5' title="bbox 188 732 1475 814; baseline 0.002 -22"><span class='ocrx_word' id='word_1_31' title='bbox 188 751 259 793; x_wconf 93' lang='lat' dir='ltr'>ceno</span> <span class='ocrx_word' id='word_1_32' title='bbox 281 732 378 794; x_wconf 90' lang='lat' dir='ltr'>alieno</span> <span class='ocrx_word' id='word_1_33' title='bbox 400 751 521 794; x_wconf 90' lang='lat' dir='ltr'>sereno:</span> <span class='ocrx_word' id='word_1_34' title='bbox 550 732 669 811; x_wconf 83' lang='lat' dir='ltr'>ilonga</span> <span class='ocrx_word' id='word_1_35' title='bbox 691 733 886 794; x_wconf 80' lang='lat' dir='ltr'>antecedente</span> <span class='ocrx_word' id='word_1_36' title='bbox 913 734 1032 795; x_wconf 91' lang='lat' dir='ltr'>declino</span> <span class='ocrx_word' id='word_1_37' title='bbox 1055 734 1204 804; x_wconf 90' lang='lat' dir='ltr'>declinas,</span> <span class='ocrx_word' id='word_1_38' title='bbox 1226 737 1368 814; x_wconf 89' lang='lat' dir='ltr'>propino,</span> <span class='ocrx_word' id='word_1_39' title='bbox 1391 735 1475 794; x_wconf 85' lang='lat' dir='ltr'>lure·</span> 
     </span>
     <span class='ocr_line' id='line_1_6' title="bbox 188 833 1475 916; baseline 0.001 -21"><span class='ocrx_word' id='word_1_40' title='bbox 188 834 262 895; x_wconf 90' lang='lat' dir='ltr'>nalis</span> <span class='ocrx_word' id='word_1_41' title='bbox 284 833 362 895; x_wconf 89' lang='lat' dir='ltr'>libro</span> <span class='ocrx_word' id='word_1_42' title='bbox 389 833 402 894; x_wconf 93' lang='lat' dir='ltr'>l</span> <span class='ocrx_word' id='word_1_43' title='bbox 431 834 592 915; x_wconf 77' lang='lat' dir='ltr'>‘quando</span> <span class='ocrx_word' id='word_1_44' title='bbox 620 836 798 915; x_wconf 87' lang='lat' dir='ltr'>propinat</span> <span class='ocrx_word' id='word_1_45' title='bbox 827 833 937 896; x_wconf 92' lang='lat' dir='ltr'>Virro</span> <span class='ocrx_word' id='word_1_46' title='bbox 965 834 1065 906; x_wconf 89' lang='lat' dir='ltr'>tihi&#39;‚</span> <span class='ocrx_word' id='word_1_47' title='bbox 1094 838 1201 916; x_wconf 86' lang='lat' dir='ltr'>supino</span> <span class='ocrx_word' id='word_1_48' title='bbox 1228 837 1337 897; x_wconf 88' lang='lat' dir='ltr'>iestino</span> <span class='ocrx_word' id='word_1_49' title='bbox 1359 835 1475 906; x_wconf 82' lang='lat' dir='ltr'>divino;</span> 
     </span>
    </p>

    <p class='ocr_par' dir='ltr' id='par_1_3' title="bbox 151 936 1475 2344">
     <span class='ocr_line' id='line_1_7' title="bbox 163 936 1475 1016; baseline 0.002 -20"><span class='ocrx_word' id='word_1_50' title='bbox 163 938 196 997; x_wconf 81' lang='lat' dir='ltr'>ai</span> <span class='ocrx_word' id='word_1_51' title='bbox 219 936 304 997; x_wconf 87' lang='lat' dir='ltr'>brevi</span> <span class='ocrx_word' id='word_1_52' title='bbox 326 937 520 998; x_wconf 80' lang='lat' dir='ltr'>antecedente</span> <span class='ocrx_word' id='word_1_53' title='bbox 542 937 657 997; x_wconf 88' lang='lat' dir='ltr'>iascino</span> <span class='ocrx_word' id='word_1_54' title='bbox 679 938 804 1016; x_wconf 91' lang='lat' dir='ltr'>inquino</span> <span class='ocrx_word' id='word_1_55' title='bbox 819 939 942 1000; x_wconf 91' lang='lat' dir='ltr'>nomino</span> <span class='ocrx_word' id='word_1_56' title='bbox 956 940 1077 1016; x_wconf 82' lang='lat' dir='ltr'>gemino</span> <span class='ocrx_word' id='word_1_57' title='bbox 1091 941 1219 999; x_wconf 91' lang='lat' dir='ltr'>termino</span> <span class='ocrx_word' id='word_1_58' title='bbox 1241 940 1383 1000; x_wconf 88' lang='lat' dir='ltr'>attamino</span> <span class='ocrx_word' id='word_1_59' title='bbox 1404 957 1475 999; x_wconf 89' lang='lat' dir='ltr'>con·</span> 
     </span>
     <span class='ocr_line' id='line_1_8' title="bbox 186 1038 1474 1119; baseline 0 -19"><span class='ocrx_word' id='word_1_60' title='bbox 186 1041 296 1100; x_wconf 89' lang='lat' dir='ltr'>tamino</span> <span class='ocrx_word' id='word_1_61' title='bbox 318 1038 435 1099; x_wconf 90' lang='lat' dir='ltr'>destino</span> <span class='ocrx_word' id='word_1_62' title='bbox 456 1040 642 1119; x_wconf 77' lang='lat' dir='ltr'>procrastino</span> <span class='ocrx_word' id='word_1_63' title='bbox 664 1038 851 1117; x_wconf 84' lang='lat' dir='ltr'>conglutino:</span> <span class='ocrx_word' id='word_1_64' title='bbox 874 1041 948 1100; x_wconf 93' lang='lat' dir='ltr'>item</span> <span class='ocrx_word' id='word_1_65' title='bbox 970 1039 1057 1118; x_wconf 83' lang='lat' dir='ltr'>longa</span> <span class='ocrx_word' id='word_1_66' title='bbox 1074 1041 1096 1100; x_wconf 88' lang='lat' dir='ltr'>‘o</span> <span class='ocrx_word' id='word_1_67' title='bbox 1118 1039 1232 1101; x_wconf 88' lang='lat' dir='ltr'>ohsouo</span> <span class='ocrx_word' id='word_1_68' title='bbox 1253 1040 1395 1112; x_wconf 85' lang='lat' dir='ltr'>obsonas,</span> <span class='ocrx_word' id='word_1_69' title='bbox 1418 1041 1474 1100; x_wconf 82' lang='lat' dir='ltr'>Te·</span> 
     </span>
     <span class='ocr_line' id='line_1_9' title="bbox 186 1139 1474 1220; baseline 0.001 -17"><span class='ocrx_word' id='word_1_70' title='bbox 186 1143 300 1203; x_wconf 90' lang='lat' dir='ltr'>rentius</span> <span class='ocrx_word' id='word_1_71' title='bbox 328 1143 360 1203; x_wconf 93' lang='lat' dir='ltr'>in</span> <span class='ocrx_word' id='word_1_72' title='bbox 383 1141 525 1220; x_wconf 80' lang='lat' dir='ltr'>Adelphis</span> <span class='ocrx_word' id='word_1_73' title='bbox 556 1139 747 1210; x_wconf 62' lang='lat' dir='ltr'>‘obsonet</span> <span class='ocrx_word' id='word_1_74' title='bbox 776 1147 895 1220; x_wconf 92' lang='lat' dir='ltr'>potat,</span> <span class='ocrx_word' id='word_1_75' title='bbox 925 1141 1001 1202; x_wconf 91' lang='lat' dir='ltr'>olet</span> <span class='ocrx_word' id='word_1_76' title='bbox 1029 1146 1245 1219; x_wconf 79' lang='lat' dir='ltr'>unguenta’,</span> <span class='ocrx_word' id='word_1_77' title='bbox 1269 1142 1346 1204; x_wconf 93' lang='lat' dir='ltr'>dono</span> <span class='ocrx_word' id='word_1_78' title='bbox 1368 1143 1474 1213; x_wconf 90' lang='lat' dir='ltr'>donas;</span> 
     </span>
     <span class='ocr_line' id='line_1_10' title="bbox 186 1244 1475 1322; baseline 0.001 -17"><span class='ocrx_word' id='word_1_79' title='bbox 186 1247 257 1306; x_wconf 91' lang='lat' dir='ltr'>item</span> <span class='ocrx_word' id='word_1_80' title='bbox 280 1244 363 1305; x_wconf 88' lang='lat' dir='ltr'>hrovi</span> <span class='ocrx_word' id='word_1_81' title='bbox 385 1263 403 1303; x_wconf 95' lang='lat' dir='ltr'>o</span> <span class='ocrx_word' id='word_1_82' title='bbox 425 1262 497 1304; x_wconf 90' lang='lat' dir='ltr'>sono</span> <span class='ocrx_word' id='word_1_83' title='bbox 519 1261 621 1313; x_wconf 87' lang='lat' dir='ltr'>sonas,</span> <span class='ocrx_word' id='word_1_84' title='bbox 645 1249 715 1304; x_wconf 90' lang='lat' dir='ltr'>tono</span> <span class='ocrx_word' id='word_1_85' title='bbox 735 1249 835 1304; x_wconf 92' lang='lat' dir='ltr'>tonas:</span> <span class='ocrx_word' id='word_1_86' title='bbox 859 1245 932 1303; x_wconf 92' lang='lat' dir='ltr'>item</span> <span class='ocrx_word' id='word_1_87' title='bbox 954 1244 1077 1322; x_wconf 82' lang='lat' dir='ltr'>ulonga</span> <span class='ocrx_word' id='word_1_88' title='bbox 1092 1245 1303 1316; x_wconf 87' lang='lat' dir='ltr'>antecedente,</span> <span class='ocrx_word' id='word_1_89' title='bbox 1327 1253 1359 1306; x_wconf 93' lang='lat' dir='ltr'>ut</span> <span class='ocrx_word' id='word_1_90' title='bbox 1373 1247 1475 1306; x_wconf 93' lang='lat' dir='ltr'>ieiuno</span> 
     </span>
     <span class='ocr_line' id='line_1_11' title="bbox 185 1328 1473 1428; baseline 0.001 -21"><span class='ocrx_word' id='word_1_91' title='bbox 185 1349 315 1408; x_wconf 89' lang='lat' dir='ltr'>ieiunas:</span> <span class='ocrx_word' id='word_1_92' title='bbox 349 1347 482 1424; x_wconf 84' lang='lat' dir='ltr'>exceptis</span> <span class='ocrx_word' id='word_1_93' title='bbox 508 1347 625 1426; x_wconf 91' lang='lat' dir='ltr'>paucis,</span> <span class='ocrx_word' id='word_1_94' title='bbox 656 1363 731 1425; x_wconf 88' lang='lat' dir='ltr'>quae</span> <span class='ocrx_word' id='word_1_95' title='bbox 759 1347 866 1406; x_wconf 91' lang='lat' dir='ltr'>tertiae</span> <span class='ocrx_word' id='word_1_96' title='bbox 894 1353 963 1407; x_wconf 89' lang='lat' dir='ltr'>sunt</span> <span class='ocrx_word' id='word_1_97' title='bbox 990 1328 1224 1424; x_wconf 78' lang='lat' dir='ltr'>coniugationis,</span> <span class='ocrx_word' id='word_1_98' title='bbox 1253 1354 1286 1408; x_wconf 92' lang='lat' dir='ltr'>ut</span> <span class='ocrx_word' id='word_1_99' title='bbox 1311 1349 1473 1428; x_wconf 83' lang='lat' dir='ltr'>primitiva,</span> 
     </span>
     <span class='ocr_line' id='line_1_12' title="bbox 152 1446 1474 1531; baseline 0.005 -27"><span class='ocrx_word' id='word_1_100' title='bbox 152 1465 253 1510; x_wconf 79' lang='lat' dir='ltr'>torum</span> <span class='ocrx_word' id='word_1_101' title='bbox 275 1449 417 1529; x_wconf 89' lang='lat' dir='ltr'>pleraque</span> <span class='ocrx_word' id='word_1_102' title='bbox 439 1447 660 1526; x_wconf 90' lang='lat' dir='ltr'>praedictorum</span> <span class='ocrx_word' id='word_1_103' title='bbox 682 1446 844 1508; x_wconf 86' lang='lat' dir='ltr'>derivativa</span> <span class='ocrx_word' id='word_1_104' title='bbox 867 1453 946 1508; x_wconf 88' lang='lat' dir='ltr'>sunt.</span> <span class='ocrx_word' id='word_1_105' title='bbox 976 1455 1007 1508; x_wconf 90' lang='lat' dir='ltr'>et</span> <span class='ocrx_word' id='word_1_106' title='bbox 1028 1467 1120 1509; x_wconf 82' lang='lat' dir='ltr'>norma</span> <span class='ocrx_word' id='word_1_107' title='bbox 1141 1447 1260 1528; x_wconf 89' lang='lat' dir='ltr'>quidem</span> <span class='ocrx_word' id='word_1_108' title='bbox 1283 1457 1474 1531; x_wconf 76' lang='lat' dir='ltr'>exceptorum</span> 
     </span>
     <span class='ocr_line' id='line_1_13' title="bbox 186 1548 1473 1633; baseline 0 -21"><span class='ocrx_word' id='word_1_109' title='bbox 186 1570 202 1612; x_wconf 88' lang='lat' dir='ltr'>a</span> <span class='ocrx_word' id='word_1_110' title='bbox 224 1549 345 1612; x_wconf 88' lang='lat' dir='ltr'>brevem</span> <span class='ocrx_word' id='word_1_111' title='bbox 368 1555 434 1610; x_wconf 91' lang='lat' dir='ltr'>ante</span> <span class='ocrx_word' id='word_1_112' title='bbox 457 1567 496 1609; x_wconf 92' lang='lat' dir='ltr'>no</span> <span class='ocrx_word' id='word_1_113' title='bbox 518 1548 625 1618; x_wconf 89' lang='lat' dir='ltr'>hahet,</span> <span class='ocrx_word' id='word_1_114' title='bbox 648 1567 722 1610; x_wconf 88' lang='lat' dir='ltr'>cano</span> <span class='ocrx_word' id='word_1_115' title='bbox 744 1551 843 1618; x_wconf 88' lang='lat' dir='ltr'>canis,</span> <span class='ocrx_word' id='word_1_116' title='bbox 867 1567 956 1629; x_wconf 91' lang='lat' dir='ltr'>quam</span> <span class='ocrx_word' id='word_1_117' title='bbox 977 1552 1009 1611; x_wconf 92' lang='lat' dir='ltr'>in</span> <span class='ocrx_word' id='word_1_118' title='bbox 1031 1553 1042 1611; x_wconf 94' lang='lat' dir='ltr'>i</span> <span class='ocrx_word' id='word_1_119' title='bbox 1064 1557 1180 1610; x_wconf 90' lang='lat' dir='ltr'>mutant</span> <span class='ocrx_word' id='word_1_120' title='bbox 1199 1569 1236 1612; x_wconf 88' lang='lat' dir='ltr'>ex</span> <span class='ocrx_word' id='word_1_121' title='bbox 1251 1568 1286 1611; x_wconf 94' lang='lat' dir='ltr'>eo</span> <span class='ocrx_word' id='word_1_122' title='bbox 1300 1553 1473 1633; x_wconf 89' lang='lat' dir='ltr'>composita,</span> 
     </span>
     <span class='ocr_line' id='line_1_14' title="bbox 187 1650 1474 1732; baseline 0.001 -18"><span class='ocrx_word' id='word_1_123' title='bbox 187 1660 219 1714; x_wconf 92' lang='lat' dir='ltr'>ut</span> <span class='ocrx_word' id='word_1_124' title='bbox 239 1655 346 1714; x_wconf 90' lang='lat' dir='ltr'>occino</span> <span class='ocrx_word' id='word_1_125' title='bbox 367 1653 493 1712; x_wconf 90' lang='lat' dir='ltr'>concino</span> <span class='ocrx_word' id='word_1_126' title='bbox 516 1655 647 1722; x_wconf 88' lang='lat' dir='ltr'>succino,</span> <span class='ocrx_word' id='word_1_127' title='bbox 670 1651 791 1713; x_wconf 81' lang='lat' dir='ltr'>Persius</span> <span class='ocrx_word' id='word_1_128' title='bbox 812 1650 891 1711; x_wconf 77' lang='lat' dir='ltr'>‘cui</span> <span class='ocrx_word' id='word_1_129' title='bbox 914 1650 1051 1712; x_wconf 78' lang='lat' dir='ltr'>verba?</span> <span class='ocrx_word' id='word_1_130' title='bbox 1072 1651 1163 1732; x_wconf 83' lang='lat' dir='ltr'>quid</span> <span class='ocrx_word' id='word_1_131' title='bbox 1185 1654 1281 1713; x_wconf 91' lang='lat' dir='ltr'>istas</span> <span class='ocrx_word' id='word_1_132' title='bbox 1303 1655 1474 1715; x_wconf 89' lang='lat' dir='ltr'>succinis</span> 
     </span>
     <span class='ocr_line' id='line_1_15' title="bbox 186 1750 1474 1832; baseline -0.001 -15"><span class='ocrx_word' id='word_1_133' title='bbox 186 1754 407 1832; x_wconf 82' lang='lat' dir='ltr'>amhagesi&#39;;</span> <span class='ocrx_word' id='word_1_134' title='bbox 438 1750 450 1831; x_wconf 74' lang='lat' dir='ltr'>ll</span> <span class='ocrx_word' id='word_1_135' title='bbox 480 1753 540 1813; x_wconf 92' lang='lat' dir='ltr'>duo</span> <span class='ocrx_word' id='word_1_136' title='bbox 568 1771 638 1814; x_wconf 88' lang='lat' dir='ltr'>vero</span> <span class='ocrx_word' id='word_1_137' title='bbox 666 1756 676 1814; x_wconf 95' lang='lat' dir='ltr'>i</span> <span class='ocrx_word' id='word_1_138' title='bbox 706 1760 774 1814; x_wconf 90' lang='lat' dir='ltr'>ante</span> <span class='ocrx_word' id='word_1_139' title='bbox 802 1771 840 1813; x_wconf 95' lang='lat' dir='ltr'>no</span> <span class='ocrx_word' id='word_1_140' title='bbox 867 1751 995 1824; x_wconf 91' lang='lat' dir='ltr'>hahent,</span> <span class='ocrx_word' id='word_1_141' title='bbox 1028 1753 1091 1830; x_wconf 91' lang='lat' dir='ltr'>lino</span> <span class='ocrx_word' id='word_1_142' title='bbox 1118 1753 1203 1823; x_wconf 92' lang='lat' dir='ltr'>linis,</span> <span class='ocrx_word' id='word_1_143' title='bbox 1232 1757 1298 1816; x_wconf 89' lang='lat' dir='ltr'>sino</span> <span class='ocrx_word' id='word_1_144' title='bbox 1326 1758 1414 1825; x_wconf 89' lang='lat' dir='ltr'>sinis,</span> <span class='ocrx_word' id='word_1_145' title='bbox 1443 1765 1474 1816; x_wconf 90' lang='lat' dir='ltr'>et</span> 
     </span>
     <span class='ocr_line' id='line_1_16' title="bbox 186 1854 1471 1936; baseline 0.001 -18"><span class='ocrx_word' id='word_1_146' title='bbox 186 1875 276 1918; x_wconf 93' lang='lat' dir='ltr'>unum</span> <span class='ocrx_word' id='word_1_147' title='bbox 299 1877 331 1924; x_wconf 94' lang='lat' dir='ltr'>o,</span> <span class='ocrx_word' id='word_1_148' title='bbox 354 1874 433 1936; x_wconf 92' lang='lat' dir='ltr'>pono</span> <span class='ocrx_word' id='word_1_149' title='bbox 456 1857 558 1935; x_wconf 90' lang='lat' dir='ltr'>ponis,</span> <span class='ocrx_word' id='word_1_150' title='bbox 587 1865 616 1917; x_wconf 93' lang='lat' dir='ltr'>et</span> <span class='ocrx_word' id='word_1_151' title='bbox 643 1855 789 1936; x_wconf 91' lang='lat' dir='ltr'>quidquid</span> <span class='ocrx_word' id='word_1_152' title='bbox 816 1854 852 1915; x_wconf 87' lang='lat' dir='ltr'>ab</span> <span class='ocrx_word' id='word_1_153' title='bbox 875 1857 920 1917; x_wconf 90' lang='lat' dir='ltr'>eis</span> <span class='ocrx_word' id='word_1_154' title='bbox 948 1857 1151 1936; x_wconf 86' lang='lat' dir='ltr'>componitur,</span> <span class='ocrx_word' id='word_1_155' title='bbox 1174 1866 1206 1918; x_wconf 94' lang='lat' dir='ltr'>ut</span> <span class='ocrx_word' id='word_1_156' title='bbox 1229 1857 1331 1918; x_wconf 91' lang='lat' dir='ltr'>ohlioo</span> <span class='ocrx_word' id='word_1_157' title='bbox 1352 1857 1471 1928; x_wconf 90' lang='lat' dir='ltr'>oblinis,</span> 
     </span>
     <span class='ocr_line' id='line_1_17' title="bbox 151 1956 1472 2040; baseline 0.001 -22"><span class='ocrx_word' id='word_1_158' title='bbox 151 1971 173 2012; x_wconf 78' lang='lat' dir='ltr'>to</span> <span class='ocrx_word' id='word_1_159' title='bbox 185 1958 289 2020; x_wconf 89' lang='lat' dir='ltr'>desino</span> <span class='ocrx_word' id='word_1_160' title='bbox 317 1975 462 2037; x_wconf 88' lang='lat' dir='ltr'>compono</span> <span class='ocrx_word' id='word_1_161' title='bbox 488 1975 601 2037; x_wconf 87' lang='lat' dir='ltr'>repono</span> <span class='ocrx_word' id='word_1_162' title='bbox 629 1964 659 2018; x_wconf 93' lang='lat' dir='ltr'>et</span> <span class='ocrx_word' id='word_1_163' title='bbox 686 1956 805 2018; x_wconf 90' lang='lat' dir='ltr'>similia.</span> <span class='ocrx_word' id='word_1_164' title='bbox 850 1965 1030 2019; x_wconf 90' lang='lat' dir='ltr'>consonante</span> <span class='ocrx_word' id='word_1_165' title='bbox 1058 1976 1244 2040; x_wconf 88' lang='lat' dir='ltr'>quacumque</span> <span class='ocrx_word' id='word_1_166' title='bbox 1277 1959 1472 2021; x_wconf 85' lang='lat' dir='ltr'>antecedente</span> 
     </span>
     <span class='ocr_line' id='line_1_18' title="bbox 184 2060 1472 2142; baseline 0 -20"><span class='ocrx_word' id='word_1_167' title='bbox 184 2064 297 2141; x_wconf 89' lang='lat' dir='ltr'>primae</span> <span class='ocrx_word' id='word_1_168' title='bbox 327 2068 395 2121; x_wconf 91' lang='lat' dir='ltr'>sunt</span> <span class='ocrx_word' id='word_1_169' title='bbox 423 2060 563 2120; x_wconf 92' lang='lat' dir='ltr'>similiter</span> <span class='ocrx_word' id='word_1_170' title='bbox 591 2061 824 2138; x_wconf 77' lang='lat' dir='ltr'>coniugatiouiS,</span> <span class='ocrx_word' id='word_1_171' title='bbox 860 2061 970 2140; x_wconf 89' lang='lat' dir='ltr'>quippe</span> <span class='ocrx_word' id='word_1_172' title='bbox 999 2080 1015 2122; x_wconf 91' lang='lat' dir='ltr'>a</span> <span class='ocrx_word' id='word_1_173' title='bbox 1042 2060 1214 2122; x_wconf 88' lang='lat' dir='ltr'>nominihus</span> <span class='ocrx_word' id='word_1_174' title='bbox 1241 2061 1385 2142; x_wconf 79' lang='lat' dir='ltr'>pleraque</span> <span class='ocrx_word' id='word_1_175' title='bbox 1411 2069 1472 2122; x_wconf 91' lang='lat' dir='ltr'>tra-</span> 
     </span>
     <span class='ocr_line' id='line_1_19' title="bbox 184 2161 1471 2242; baseline 0 -18"><span class='ocrx_word' id='word_1_176' title='bbox 184 2164 286 2232; x_wconf 85' lang='lat' dir='ltr'>ducta,</span> <span class='ocrx_word' id='word_1_177' title='bbox 320 2169 352 2222; x_wconf 93' lang='lat' dir='ltr'>ut</span> <span class='ocrx_word' id='word_1_178' title='bbox 384 2162 491 2223; x_wconf 92' lang='lat' dir='ltr'>damno</span> <span class='ocrx_word' id='word_1_179' title='bbox 524 2161 660 2231; x_wconf 89' lang='lat' dir='ltr'>damnas,</span> <span class='ocrx_word' id='word_1_180' title='bbox 688 2179 788 2241; x_wconf 81' lang='lat' dir='ltr'>pugno</span> <span class='ocrx_word' id='word_1_181' title='bbox 818 2178 948 2242; x_wconf 81' lang='lat' dir='ltr'>pugnas,</span> <span class='ocrx_word' id='word_1_182' title='bbox 976 2164 1061 2240; x_wconf 83' lang='lat' dir='ltr'>signo</span> <span class='ocrx_word' id='word_1_183' title='bbox 1088 2164 1204 2240; x_wconf 85' lang='lat' dir='ltr'>signas,</span> <span class='ocrx_word' id='word_1_184' title='bbox 1234 2179 1328 2240; x_wconf 78' lang='lat' dir='ltr'>regno</span> <span class='ocrx_word' id='word_1_185' title='bbox 1354 2180 1471 2241; x_wconf 80' lang='lat' dir='ltr'>regnas,</span> 
     </span>
     <span class='ocr_line' id='line_1_20' title="bbox 184 2261 1473 2344; baseline 0.002 -20"><span class='ocrx_word' id='word_1_186' title='bbox 184 2283 275 2326; x_wconf 83' lang='lat' dir='ltr'>verno</span> <span class='ocrx_word' id='word_1_187' title='bbox 297 2283 413 2334; x_wconf 82' lang='lat' dir='ltr'>vernas,</span> <span class='ocrx_word' id='word_1_188' title='bbox 437 2263 565 2324; x_wconf 88' lang='lat' dir='ltr'>hiberno</span> <span class='ocrx_word' id='word_1_189' title='bbox 587 2261 743 2324; x_wconf 88' lang='lat' dir='ltr'>hibernas:</span> <span class='ocrx_word' id='word_1_190' title='bbox 778 2266 911 2344; x_wconf 81' lang='lat' dir='ltr'>exeeptis</span> <span class='ocrx_word' id='word_1_191' title='bbox 932 2266 1005 2324; x_wconf 91' lang='lat' dir='ltr'>item</span> <span class='ocrx_word' id='word_1_192' title='bbox 1026 2265 1187 2344; x_wconf 89' lang='lat' dir='ltr'>primitivis</span> <span class='ocrx_word' id='word_1_193' title='bbox 1208 2264 1244 2327; x_wconf 92' lang='lat' dir='ltr'>ad</span> <span class='ocrx_word' id='word_1_194' title='bbox 1266 2266 1386 2326; x_wconf 89' lang='lat' dir='ltr'>tertiam</span> <span class='ocrx_word' id='word_1_195' title='bbox 1408 2267 1473 2326; x_wconf 88' lang='lat' dir='ltr'>iure</span> 
     </span>
    </p>
   </div>
   <div class='ocr_carea' id='block_1_3' title="bbox 183 2356 1575 2445">
    <p class='ocr_par' dir='ltr' id='par_1_4' title="bbox 183 2356 1575 2445">
     <span class='ocr_line' id='line_1_21' title="bbox 183 2356 1575 2445; baseline 0 -17"><span class='ocrx_word' id='word_1_196' title='bbox 183 2366 375 2428; x_wconf 82' lang='lat' dir='ltr'>venientibus</span> <span class='ocrx_word' id='word_1_197' title='bbox 396 2367 652 2444; x_wconf 86' lang='lat' dir='ltr'>coniugationem,</span> <span class='ocrx_word' id='word_1_198' title='bbox 676 2383 784 2445; x_wconf 90' lang='lat' dir='ltr'>sperno</span> <span class='ocrx_word' id='word_1_199' title='bbox 807 2369 940 2444; x_wconf 88' lang='lat' dir='ltr'>spernis,</span> <span class='ocrx_word' id='word_1_200' title='bbox 964 2373 1067 2426; x_wconf 91' lang='lat' dir='ltr'>sterno</span> <span class='ocrx_word' id='word_1_201' title='bbox 1089 2368 1208 2436; x_wconf 90' lang='lat' dir='ltr'>sternis,</span> <span class='ocrx_word' id='word_1_202' title='bbox 1231 2373 1331 2427; x_wconf 89' lang='lat' dir='ltr'>temno</span> <span class='ocrx_word' id='word_1_203' title='bbox 1354 2369 1471 2437; x_wconf 90' lang='lat' dir='ltr'>temnis,</span> <span class='ocrx_word' id='word_1_204' title='bbox 1567 2356 1575 2368; x_wconf 60' lang='lat'>⁸</span> 
     </span>
    </p>
   </div>
   <div class='ocr_carea' id='block_1_4' title="bbox 145 2464 1472 3263">
    <p class='ocr_par' dir='ltr' id='par_1_5' title="bbox 148 2464 1472 2958">
     <span class='ocr_line' id='line_1_22' title="bbox 148 2464 1471 2547; baseline 0.005 -24"><span class='ocrx_word' id='word_1_205' title='bbox 148 2483 172 2523; x_wconf 87' lang='lat' dir='ltr'>ro</span> <span class='ocrx_word' id='word_1_206' title='bbox 184 2486 277 2529; x_wconf 93' lang='lat' dir='ltr'>cerno</span> <span class='ocrx_word' id='word_1_207' title='bbox 300 2469 402 2529; x_wconf 89' lang='lat' dir='ltr'>cernis</span> <span class='ocrx_word' id='word_1_208' title='bbox 425 2464 472 2546; x_wconf 77' lang='lat' dir='ltr'>[ex</span> <span class='ocrx_word' id='word_1_209' title='bbox 494 2486 553 2547; x_wconf 91' lang='lat' dir='ltr'>quo</span> <span class='ocrx_word' id='word_1_210' title='bbox 576 2467 704 2528; x_wconf 88' lang='lat' dir='ltr'>decerno</span> <span class='ocrx_word' id='word_1_211' title='bbox 728 2475 757 2528; x_wconf 90' lang='lat' dir='ltr'>et</span> <span class='ocrx_word' id='word_1_212' title='bbox 779 2468 943 2546; x_wconf 78' lang='lat' dir='ltr'>discerno),</span> <span class='ocrx_word' id='word_1_213' title='bbox 973 2475 1004 2527; x_wconf 90' lang='lat' dir='ltr'>et</span> <span class='ocrx_word' id='word_1_214' title='bbox 1026 2466 1165 2528; x_wconf 90' lang='lat' dir='ltr'>omnihus</span> <span class='ocrx_word' id='word_1_215' title='bbox 1186 2486 1262 2547; x_wconf 89' lang='lat' dir='ltr'>quae</span> <span class='ocrx_word' id='word_1_216' title='bbox 1284 2467 1322 2530; x_wconf 90' lang='lat' dir='ltr'>ab</span> <span class='ocrx_word' id='word_1_217' title='bbox 1345 2471 1389 2530; x_wconf 91' lang='lat' dir='ltr'>eis</span> <span class='ocrx_word' id='word_1_218' title='bbox 1411 2471 1471 2532; x_wconf 92' lang='lat' dir='ltr'>sin·</span> 
     </span>
     <span class='ocr_line' id='line_1_23' title="bbox 183 2569 1472 2650; baseline -0.001 -18"><span class='ocrx_word' id='word_1_219' title='bbox 183 2571 261 2650; x_wconf 85' lang='lat' dir='ltr'>gulis</span> <span class='ocrx_word' id='word_1_220' title='bbox 283 2576 509 2650; x_wconf 91' lang='lat' dir='ltr'>componuntur.</span> <span class='ocrx_word' id='word_1_221' title='bbox 554 2571 585 2630; x_wconf 94' lang='lat' dir='ltr'>in</span> <span class='ocrx_word' id='word_1_222' title='bbox 609 2587 664 2630; x_wconf 93' lang='lat' dir='ltr'>nor</span> <span class='ocrx_word' id='word_1_223' title='bbox 686 2569 853 2630; x_wconf 88' lang='lat' dir='ltr'>desinentia</span> <span class='ocrx_word' id='word_1_224' title='bbox 876 2571 1043 2630; x_wconf 91' lang='lat' dir='ltr'>communia</span> <span class='ocrx_word' id='word_1_225' title='bbox 1066 2570 1111 2630; x_wconf 87' lang='lat' dir='ltr'>vel</span> <span class='ocrx_word' id='word_1_226' title='bbox 1133 2569 1312 2650; x_wconf 89' lang='lat' dir='ltr'>deponentia</span> <span class='ocrx_word' id='word_1_227' title='bbox 1333 2571 1472 2633; x_wconf 89' lang='lat' dir='ltr'>similiter</span> 
     </span>
     <span class='ocr_line' id='line_1_24' title="bbox 182 2671 1472 2754; baseline 0 -20"><span class='ocrx_word' id='word_1_228' title='bbox 182 2674 296 2754; x_wconf 89' lang='lat' dir='ltr'>primae</span> <span class='ocrx_word' id='word_1_229' title='bbox 331 2679 401 2734; x_wconf 90' lang='lat' dir='ltr'>sunt</span> <span class='ocrx_word' id='word_1_230' title='bbox 433 2671 525 2732; x_wconf 90' lang='lat' dir='ltr'>solius</span> <span class='ocrx_word' id='word_1_231' title='bbox 559 2673 797 2750; x_wconf 78' lang='lat' dir='ltr'>coniugationiS,</span> <span class='ocrx_word' id='word_1_232' title='bbox 833 2679 866 2734; x_wconf 91' lang='lat' dir='ltr'>ut</span> <span class='ocrx_word' id='word_1_233' title='bbox 894 2674 1000 2752; x_wconf 93' lang='lat' dir='ltr'>opinor</span> <span class='ocrx_word' id='word_1_234' title='bbox 1028 2674 1175 2752; x_wconf 89' lang='lat' dir='ltr'>opinaris,</span> <span class='ocrx_word' id='word_1_235' title='bbox 1209 2690 1301 2732; x_wconf 89' lang='lat' dir='ltr'>eonor</span> <span class='ocrx_word' id='word_1_236' title='bbox 1328 2675 1472 2734; x_wconf 87' lang='lat' dir='ltr'>criminor</span> 
     </span>
     <span class='ocr_line' id='line_1_25' title="bbox 183 2776 1472 2857; baseline 0.001 -20"><span class='ocrx_word' id='word_1_237' title='bbox 183 2776 289 2855; x_wconf 83' lang='lat' dir='ltr'>dignor</span> <span class='ocrx_word' id='word_1_238' title='bbox 316 2776 495 2855; x_wconf 83' lang='lat' dir='ltr'>peregrinor</span> <span class='ocrx_word' id='word_1_239' title='bbox 521 2777 693 2855; x_wconf 89' lang='lat' dir='ltr'>patrocinor</span> <span class='ocrx_word' id='word_1_240' title='bbox 720 2777 818 2836; x_wconf 92' lang='lat' dir='ltr'>minor</span> <span class='ocrx_word' id='word_1_241' title='bbox 839 2777 985 2836; x_wconf 85' lang='lat' dir='ltr'>vaticinor</span> <span class='ocrx_word' id='word_1_242' title='bbox 1012 2792 1113 2836; x_wconf 83' lang='lat' dir='ltr'>venor.</span> <span class='ocrx_word' id='word_1_243' title='bbox 1157 2781 1334 2836; x_wconf 90' lang='lat' dir='ltr'>consternor</span> <span class='ocrx_word' id='word_1_244' title='bbox 1354 2795 1472 2857; x_wconf 86' lang='lat' dir='ltr'>quoque</span> 
     </span>
     <span class='ocr_line' id='line_1_26' title="bbox 183 2876 1472 2958; baseline -0.002 -19"><span class='ocrx_word' id='word_1_245' title='bbox 183 2886 212 2939; x_wconf 92' lang='lat' dir='ltr'>et</span> <span class='ocrx_word' id='word_1_246' title='bbox 240 2896 399 2957; x_wconf 90' lang='lat' dir='ltr'>aspernor,</span> <span class='ocrx_word' id='word_1_247' title='bbox 427 2885 461 2939; x_wconf 93' lang='lat' dir='ltr'>ut</span> <span class='ocrx_word' id='word_1_248' title='bbox 488 2876 682 2955; x_wconf 90' lang='lat' dir='ltr'>deponentia,</span> <span class='ocrx_word' id='word_1_249' title='bbox 713 2880 826 2957; x_wconf 88' lang='lat' dir='ltr'>primae</span> <span class='ocrx_word' id='word_1_250' title='bbox 853 2884 924 2939; x_wconf 93' lang='lat' dir='ltr'>sunt</span> <span class='ocrx_word' id='word_1_251' title='bbox 951 2877 1181 2955; x_wconf 84' lang='lat' dir='ltr'>coniugationis,</span> <span class='ocrx_word' id='word_1_252' title='bbox 1211 2876 1283 2937; x_wconf 91' lang='lat' dir='ltr'>licet</span> <span class='ocrx_word' id='word_1_253' title='bbox 1309 2895 1419 2958; x_wconf 89' lang='lat' dir='ltr'>sperno</span> <span class='ocrx_word' id='word_1_254' title='bbox 1441 2886 1472 2938; x_wconf 91' lang='lat' dir='ltr'>et</span> 
     </span>
    </p>

    <p class='ocr_par' dir='ltr' id='par_1_6' title="bbox 145 2966 1469 3263">
     <span class='ocr_line' id='line_1_27' title="bbox 145 2966 1469 3058; baseline 0 -17"><span class='ocrx_word' id='word_1_255' title='bbox 145 2990 169 3031; x_wconf 73' lang='lat'>²⁵</span> <span class='ocrx_word' id='word_1_256' title='bbox 182 2988 283 3041; x_wconf 87' lang='lat' dir='ltr'>sterno</span> <span class='ocrx_word' id='word_1_257' title='bbox 306 2981 414 3049; x_wconf 87' lang='lat' dir='ltr'>activa,</span> <span class='ocrx_word' id='word_1_258' title='bbox 438 2977 618 3057; x_wconf 85' lang='lat' dir='ltr'>exquibus,</span> <span class='ocrx_word' id='word_1_259' title='bbox 642 2966 784 3058; x_wconf 89' lang='lat' dir='ltr'>quantum</span> <span class='ocrx_word' id='word_1_260' title='bbox 806 2978 842 3039; x_wconf 92' lang='lat' dir='ltr'>ad</span> <span class='ocrx_word' id='word_1_261' title='bbox 858 2997 974 3048; x_wconf 87' lang='lat' dir='ltr'>vocem,</span> <span class='ocrx_word' id='word_1_262' title='bbox 998 2978 1137 3040; x_wconf 87' lang='lat' dir='ltr'>videntur</span> <span class='ocrx_word' id='word_1_263' title='bbox 1158 2980 1239 3049; x_wconf 90' lang='lat' dir='ltr'>lieri,</span> <span class='ocrx_word' id='word_1_264' title='bbox 1261 2982 1368 3040; x_wconf 90' lang='lat' dir='ltr'>tertiae</span> <span class='ocrx_word' id='word_1_265' title='bbox 1392 2989 1469 3049; x_wconf 89' lang='lat' dir='ltr'>sont,</span> 
     </span>
     <span class='ocr_line' id='line_1_28' title="bbox 181 3080 1469 3161; baseline -0.001 -18"><span class='ocrx_word' id='word_1_266' title='bbox 181 3100 236 3143; x_wconf 89' lang='lat' dir='ltr'>ceu</span> <span class='ocrx_word' id='word_1_267' title='bbox 259 3081 477 3161; x_wconf 82' lang='lat' dir='ltr'>praediximus;</span> <span class='ocrx_word' id='word_1_268' title='bbox 500 3087 598 3141; x_wconf 74' lang='lat' dir='ltr'>umen</span> <span class='ocrx_word' id='word_1_269' title='bbox 621 3088 780 3141; x_wconf 89' lang='lat' dir='ltr'>consterno</span> <span class='ocrx_word' id='word_1_270' title='bbox 802 3082 892 3141; x_wconf 88' lang='lat' dir='ltr'>etiarn</span> <span class='ocrx_word' id='word_1_271' title='bbox 920 3086 1093 3141; x_wconf 88' lang='lat' dir='ltr'>consternas</span> <span class='ocrx_word' id='word_1_272' title='bbox 1113 3080 1300 3143; x_wconf 85' lang='lat' dir='ltr'>dillerentiae</span> <span class='ocrx_word' id='word_1_273' title='bbox 1322 3082 1469 3161; x_wconf 81' lang='lat' dir='ltr'>significa·</span> 
     </span>
     <span class='ocr_line' id='line_1_29' title="bbox 182 3181 1264 3263; baseline -0.002 -18"><span class='ocrx_word' id='word_1_274' title='bbox 182 3186 273 3245; x_wconf 89' lang='lat' dir='ltr'>tionis</span> <span class='ocrx_word' id='word_1_275' title='bbox 295 3201 383 3244; x_wconf 91' lang='lat' dir='ltr'>causa</span> <span class='ocrx_word' id='word_1_276' title='bbox 405 3184 520 3263; x_wconf 89' lang='lat' dir='ltr'>primae</span> <span class='ocrx_word' id='word_1_277' title='bbox 542 3184 708 3251; x_wconf 88' lang='lat' dir='ltr'>invenitur,</span> <span class='ocrx_word' id='word_1_278' title='bbox 731 3190 765 3241; x_wconf 93' lang='lat' dir='ltr'>ut</span> <span class='ocrx_word' id='word_1_279' title='bbox 787 3182 900 3243; x_wconf 89' lang='lat' dir='ltr'>Statius</span> <span class='ocrx_word' id='word_1_280' title='bbox 923 3181 1001 3243; x_wconf 90' lang='lat' dir='ltr'>libro</span> <span class='ocrx_word' id='word_1_281' title='bbox 1022 3181 1073 3243; x_wconf 91' lang='lat' dir='ltr'>Vll</span> <span class='ocrx_word' id='word_1_282' title='bbox 1095 3181 1264 3243; x_wconf 82' lang='lat' dir='ltr'>Thebaidos</span> 
     </span>
    </p>
   </div>
   <div class='ocr_carea' id='block_1_5' title="bbox 329 3300 1222 3381">
    <p class='ocr_par' dir='ltr' id='par_1_7' title="bbox 329 3300 1222 3381">
     <span class='ocr_line' id='line_1_30' title="bbox 329 3300 1222 3381; baseline 0 -20"><span class='ocrx_word' id='word_1_283' title='bbox 329 3300 481 3362; x_wconf 90' lang='lat' dir='ltr'>adiurat</span> <span class='ocrx_word' id='word_1_284' title='bbox 505 3308 719 3381; x_wconf 89' lang='lat' dir='ltr'>turmasque</span> <span class='ocrx_word' id='word_1_285' title='bbox 743 3306 840 3362; x_wconf 92' lang='lat' dir='ltr'>metu</span> <span class='ocrx_word' id='word_1_286' title='bbox 863 3307 1084 3361; x_wconf 89' lang='lat' dir='ltr'>consternat</span> <span class='ocrx_word' id='word_1_287' title='bbox 1104 3302 1222 3371; x_wconf 89' lang='lat' dir='ltr'>inani,</span> 
     </span>
    </p>
   </div>
   <div class='ocr_carea' id='block_1_6' title="bbox 180 3488 484 3501">
    <p class='ocr_par' dir='ltr' id='par_1_8' title="bbox 180 3488 484 3501">
     <span class='ocr_line' id='line_1_31' title="bbox 180 3488 484 3501; baseline 0 -4"><span class='ocrx_word' id='word_1_288' title='bbox 180 3488 484 3501; x_wconf 66' lang='lat'>-.—......—.--.</span> 
     </span>
    </p>
   </div>
   <div class='ocr_carea' id='block_1_7' title="bbox 177 3620 1469 4877">
    <p class='ocr_par' dir='ltr' id='par_1_9' title="bbox 178 3620 1469 4318">
     <span class='ocr_line' id='line_1_32' title="bbox 262 3620 1468 3691; baseline -0.002 -15"><span class='ocrx_word' id='word_1_289' title='bbox 262 3626 275 3677; x_wconf 92' lang='lat'>1</span> <span class='ocrx_word' id='word_1_290' title='bbox 298 3626 322 3674; x_wconf 93' lang='lat' dir='ltr'>in</span> <span class='ocrx_word' id='word_1_291' title='bbox 339 3626 421 3691; x_wconf 89' lang='lat' dir='ltr'>primo</span> <span class='ocrx_word' id='word_1_292' title='bbox 439 3622 677 3687; x_wconf 86' lang='lat' dir='ltr'>metamorphoseon</span> <span class='ocrx_word' id='word_1_293' title='bbox 690 3623 727 3673; x_wconf 89' lang='lat' dir='ltr'>P:</span> <span class='ocrx_word' id='word_1_294' title='bbox 742 3641 765 3674; x_wconf 87' lang='lat' dir='ltr'>n.</span> <span class='ocrx_word' id='word_1_295' title='bbox 776 3620 827 3674; x_wconf 77' lang='lat'>304</span> <span class='ocrx_word' id='word_1_296' title='bbox 878 3622 895 3674; x_wconf 81' lang='lat'><strong>3</strong></span> <span class='ocrx_word' id='word_1_297' title='bbox 912 3622 920 3671; x_wconf 94' lang='lat' dir='ltr'>i</span> <span class='ocrx_word' id='word_1_298' title='bbox 939 3622 1017 3689; x_wconf 81' lang='lat' dir='ltr'>longa</span> <span class='ocrx_word' id='word_1_299' title='bbox 1030 3623 1195 3673; x_wconf 84' lang='lat' dir='ltr'>antecedente</span> <span class='ocrx_word' id='word_1_300' title='bbox 1209 3622 1309 3673; x_wconf 87' lang='lat' dir='ltr'>declino</span> <span class='ocrx_word' id='word_1_301' title='bbox 1327 3640 1356 3675; x_wconf 86' lang='lat' dir='ltr'>aa</span> <span class='ocrx_word' id='word_1_302' title='bbox 1371 3624 1379 3673; x_wconf 94' lang='lat' dir='ltr'>i</span> <span class='ocrx_word' id='word_1_303' title='bbox 1397 3625 1468 3675; x_wconf 90' lang='lat' dir='ltr'>breui</span> 
     </span>
     <span class='ocr_line' id='line_1_33' title="bbox 180 3690 1468 3761; baseline -0.001 -15"><span class='ocrx_word' id='word_1_304' title='bbox 180 3696 344 3746; x_wconf 82' lang='lat' dir='ltr'>antecedente</span> <span class='ocrx_word' id='word_1_305' title='bbox 355 3695 458 3761; x_wconf 80' lang='lat' dir='ltr'>gemino</span> <span class='ocrx_word' id='word_1_306' title='bbox 471 3694 577 3743; x_wconf 89' lang='lat' dir='ltr'>termino</span> <span class='ocrx_word' id='word_1_307' title='bbox 587 3694 709 3744; x_wconf 88' lang='lat' dir='ltr'>attamino</span> <span class='ocrx_word' id='word_1_308' title='bbox 720 3694 862 3743; x_wconf 88' lang='lat' dir='ltr'>contamino</span> <span class='ocrx_word' id='word_1_309' title='bbox 874 3690 971 3742; x_wconf 82' lang='lat' dir='ltr'>lasciuo</span> <span class='ocrx_word' id='word_1_310' title='bbox 981 3693 1086 3755; x_wconf 91' lang='lat' dir='ltr'>ioquino</span> <span class='ocrx_word' id='word_1_311' title='bbox 1095 3692 1189 3742; x_wconf 91' lang='lat' dir='ltr'>distlno</span> <span class='ocrx_word' id='word_1_312' title='bbox 1202 3695 1304 3743; x_wconf 91' lang='lat' dir='ltr'>nomino</span> <span class='ocrx_word' id='word_1_313' title='bbox 1312 3695 1468 3759; x_wconf 82' lang='lat' dir='ltr'>procrastino</span> 
     </span>
     <span class='ocr_line' id='line_1_34' title="bbox 179 3759 1469 3831; baseline -0.002 -16"><span class='ocrx_word' id='word_1_314' title='bbox 179 3766 328 3831; x_wconf 80' lang='lat' dir='ltr'>conglutino</span> <span class='ocrx_word' id='word_1_315' title='bbox 349 3766 457 3829; x_wconf 91' lang='lat' dir='ltr'>propino</span> <span class='ocrx_word' id='word_1_316' title='bbox 476 3763 601 3812; x_wconf 86' lang='lat' dir='ltr'>iuuenalia</span> <span class='ocrx_word' id='word_1_317' title='bbox 621 3763 664 3815; x_wconf 90' lang='lat' dir='ltr'>lib.</span> <span class='ocrx_word' id='word_1_318' title='bbox 685 3762 810 3827; x_wconf 89' lang='lat' dir='ltr'>lquaodo</span> <span class='ocrx_word' id='word_1_319' title='bbox 830 3763 948 3828; x_wconf 84' lang='lat' dir='ltr'>propinat</span> <span class='ocrx_word' id='word_1_320' title='bbox 964 3763 1019 3812; x_wconf 91' lang='lat' dir='ltr'>uiro</span> <span class='ocrx_word' id='word_1_321' title='bbox 1037 3759 1118 3825; x_wconf 87' lang='lat' dir='ltr'>(corr.</span> <span class='ocrx_word' id='word_1_322' title='bbox 1134 3763 1213 3825; x_wconf 83' lang='lat' dir='ltr'>uitro)</span> <span class='ocrx_word' id='word_1_323' title='bbox 1234 3764 1279 3812; x_wconf 88' lang='lat' dir='ltr'>tihi</span> <span class='ocrx_word' id='word_1_324' title='bbox 1299 3762 1441 3828; x_wconf 76' lang='lat' dir='ltr'>(repertor.</span> <span class='ocrx_word' id='word_1_325' title='bbox 1460 3766 1469 3813; x_wconf 95' lang='lat' dir='ltr'>i</span> 
     </span>
     <span class='ocr_line' id='line_1_35' title="bbox 180 3830 1469 3898; baseline -0.002 -13"><span class='ocrx_word' id='word_1_326' title='bbox 180 3836 232 3885; x_wconf 87' lang='lat' dir='ltr'>lon.</span> <span class='ocrx_word' id='word_1_327' title='bbox 250 3837 308 3885; x_wconf 74' lang='lat' dir='ltr'>aare</span> <span class='ocrx_word' id='word_1_328' title='bbox 327 3834 440 3896; x_wconf 90' lang='lat' dir='ltr'>declino)</span> <span class='ocrx_word' id='word_1_329' title='bbox 457 3834 553 3898; x_wconf 92' lang='lat' dir='ltr'>popino</span> <span class='ocrx_word' id='word_1_330' title='bbox 569 3830 660 3883; x_wconf 79' lang='lat' dir='ltr'>festino</span> <span class='ocrx_word' id='word_1_331' title='bbox 676 3832 763 3883; x_wconf 91' lang='lat' dir='ltr'>diuino</span> <span class='ocrx_word' id='word_1_332' title='bbox 781 3834 840 3882; x_wconf 90' lang='lat' dir='ltr'>item</span> <span class='ocrx_word' id='word_1_333' title='bbox 859 3832 936 3897; x_wconf 75' lang='lat' dir='ltr'>longa</span> <span class='ocrx_word' id='word_1_334' title='bbox 954 3848 969 3882; x_wconf 95' lang='lat' dir='ltr'>o</span> <span class='ocrx_word' id='word_1_335' title='bbox 985 3833 1082 3883; x_wconf 81' lang='lat' dir='ltr'>obsone</span> <span class='ocrx_word' id='word_1_336' title='bbox 1101 3847 1130 3882; x_wconf 85' lang='lat' dir='ltr'>aa</span> <span class='ocrx_word' id='word_1_337' title='bbox 1148 3830 1195 3881; x_wconf 89' lang='lat' dir='ltr'>Bi</span> <span class='ocrx_word' id='word_1_338' title='bbox 1215 3832 1286 3881; x_wconf 89' lang='lat' dir='ltr'>hreni</span> <span class='ocrx_word' id='word_1_339' title='bbox 1306 3834 1469 3883; x_wconf 88' lang='lat' dir='ltr'>antecedente</span> 
     </span>
     <span class='ocr_line' id='line_1_36' title="bbox 180 3901 1469 3973; baseline -0.002 -19"><span class='ocrx_word' id='word_1_340' title='bbox 180 3905 283 3973; x_wconf 80' lang='lat' dir='ltr'>gemino</span> <span class='ocrx_word' id='word_1_341' title='bbox 300 3904 407 3953; x_wconf 90' lang='lat' dir='ltr'>termino</span> <span class='ocrx_word' id='word_1_342' title='bbox 427 3904 548 3952; x_wconf 78' lang='lat' dir='ltr'>atramina</span> <span class='ocrx_word' id='word_1_343' title='bbox 567 3903 710 3952; x_wconf 89' lang='lat' dir='ltr'>contamino</span> <span class='ocrx_word' id='word_1_344' title='bbox 727 3902 820 3953; x_wconf 85' lang='lat' dir='ltr'>distino</span> <span class='ocrx_word' id='word_1_345' title='bbox 839 3901 938 3952; x_wconf 82' lang='lat' dir='ltr'>lasciuo</span> <span class='ocrx_word' id='word_1_346' title='bbox 953 3903 1057 3965; x_wconf 89' lang='lat' dir='ltr'>inquino</span> <span class='ocrx_word' id='word_1_347' title='bbox 1072 3903 1173 3952; x_wconf 91' lang='lat' dir='ltr'>nomino</span> <span class='ocrx_word' id='word_1_348' title='bbox 1188 3903 1344 3967; x_wconf 82' lang='lat' dir='ltr'>procrastino</span> <span class='ocrx_word' id='word_1_349' title='bbox 1363 3903 1469 3970; x_wconf 84' lang='lat' dir='ltr'>conglu-</span> 
     </span>
     <span class='ocr_line' id='line_1_37' title="bbox 178 3971 1468 4039; baseline -0.002 -15"><span class='ocrx_word' id='word_1_350' title='bbox 178 3977 232 4025; x_wconf 84' lang='lat' dir='ltr'>tino</span> <span class='ocrx_word' id='word_1_351' title='bbox 252 3974 331 4039; x_wconf 86' lang='lat' dir='ltr'>longa</span> <span class='ocrx_word' id='word_1_352' title='bbox 348 3974 356 4023; x_wconf 93' lang='lat' dir='ltr'>i</span> <span class='ocrx_word' id='word_1_353' title='bbox 375 3974 483 4039; x_wconf 88' lang='lat' dir='ltr'>propino</span> <span class='ocrx_word' id='word_1_354' title='bbox 504 3972 628 4021; x_wconf 86' lang='lat' dir='ltr'>iuuenalia</span> <span class='ocrx_word' id='word_1_355' title='bbox 644 3972 688 4022; x_wconf 88' lang='lat' dir='ltr'>lib.</span> <span class='ocrx_word' id='word_1_356' title='bbox 710 3974 719 4022; x_wconf 96' lang='lat' dir='ltr'>l</span> <span class='ocrx_word' id='word_1_357' title='bbox 737 3972 837 4036; x_wconf 90' lang='lat' dir='ltr'>qnando</span> <span class='ocrx_word' id='word_1_358' title='bbox 857 3972 976 4038; x_wconf 90' lang='lat' dir='ltr'>propinat</span> <span class='ocrx_word' id='word_1_359' title='bbox 993 3972 1062 4021; x_wconf 89' lang='lat' dir='ltr'>nirro</span> <span class='ocrx_word' id='word_1_360' title='bbox 1079 3972 1125 4021; x_wconf 88' lang='lat' dir='ltr'>tibi</span> <span class='ocrx_word' id='word_1_361' title='bbox 1142 3972 1234 4038; x_wconf 86' lang='lat' dir='ltr'>sepino</span> <span class='ocrx_word' id='word_1_362' title='bbox 1252 3974 1358 4037; x_wconf 78' lang='lat' dir='ltr'>copinas</span> <span class='ocrx_word' id='word_1_363' title='bbox 1375 3971 1468 4023; x_wconf 79' lang='lat' dir='ltr'>teatino</span> 
     </span>
     <span class='ocr_line' id='line_1_38' title="bbox 179 4040 1467 4107; baseline -0.002 -13"><span class='ocrx_word' id='word_1_364' title='bbox 179 4046 266 4095; x_wconf 90' lang='lat' dir='ltr'>diuino</span> <span class='ocrx_word' id='word_1_365' title='bbox 291 4042 391 4093; x_wconf 86' lang='lat' dir='ltr'>declino</span> <span class='ocrx_word' id='word_1_366' title='bbox 411 4044 471 4093; x_wconf 87' lang='lat' dir='ltr'>item</span> <span class='ocrx_word' id='word_1_367' title='bbox 494 4041 571 4106; x_wconf 84' lang='lat' dir='ltr'>longa</span> <span class='ocrx_word' id='word_1_368' title='bbox 592 4058 606 4091; x_wconf 92' lang='lat' dir='ltr'>o</span> <span class='ocrx_word' id='word_1_369' title='bbox 629 4056 726 4107; x_wconf 79' lang='lat' dir='ltr'>opsono</span> <span class='ocrx_word' id='word_1_370' title='bbox 744 4043 769 4091; x_wconf 89' lang='lat' dir='ltr'><em>P</em></span> <span class='ocrx_word' id='word_1_371' title='bbox 785 4044 793 4091; x_wconf 90' lang='lat' dir='ltr'>i</span> <span class='ocrx_word' id='word_1_372' title='bbox 811 4042 889 4104; x_wconf 77' lang='lat' dir='ltr'>lohga</span> <span class='ocrx_word' id='word_1_373' title='bbox 912 4041 1075 4091; x_wconf 86' lang='lat' dir='ltr'>antecedente</span> <span class='ocrx_word' id='word_1_374' title='bbox 1098 4051 1126 4091; x_wconf 86' lang='lat' dir='ltr'>ut</span> <span class='ocrx_word' id='word_1_375' title='bbox 1148 4043 1239 4106; x_wconf 85' lang='lat' dir='ltr'>aopino</span> <span class='ocrx_word' id='word_1_376' title='bbox 1258 4040 1350 4091; x_wconf 79' lang='lat' dir='ltr'>teatino</span> <span class='ocrx_word' id='word_1_377' title='bbox 1368 4041 1467 4093; x_wconf 84' lang='lat' dir='ltr'>declino</span> 
     </span>
     <span class='ocr_line' id='line_1_39' title="bbox 180 4110 1467 4181; baseline -0.002 -17"><span class='ocrx_word' id='word_1_378' title='bbox 180 4115 289 4181; x_wconf 89' lang='lat' dir='ltr'>propino</span> <span class='ocrx_word' id='word_1_379' title='bbox 313 4113 321 4162; x_wconf 96' lang='lat' dir='ltr'>i</span> <span class='ocrx_word' id='word_1_380' title='bbox 344 4114 415 4163; x_wconf 87' lang='lat' dir='ltr'>hreni</span> <span class='ocrx_word' id='word_1_381' title='bbox 441 4112 603 4161; x_wconf 84' lang='lat' dir='ltr'>antecedente</span> <span class='ocrx_word' id='word_1_382' title='bbox 626 4120 653 4160; x_wconf 93' lang='lat' dir='ltr'>nt</span> <span class='ocrx_word' id='word_1_383' title='bbox 679 4112 781 4177; x_wconf 80' lang='lat' dir='ltr'>gemino</span> <span class='ocrx_word' id='word_1_384' title='bbox 802 4114 909 4161; x_wconf 89' lang='lat' dir='ltr'>termino</span> <span class='ocrx_word' id='word_1_385' title='bbox 933 4110 1056 4161; x_wconf 83' lang='lat' dir='ltr'>attamiuo</span> <span class='ocrx_word' id='word_1_386' title='bbox 1073 4112 1215 4162; x_wconf 90' lang='lat' dir='ltr'>contamino</span> <span class='ocrx_word' id='word_1_387' title='bbox 1240 4110 1336 4162; x_wconf 77' lang='lat' dir='ltr'>fascino</span> <span class='ocrx_word' id='word_1_388' title='bbox 1361 4112 1467 4174; x_wconf 85' lang='lat' dir='ltr'>inquino</span> 
     </span>
     <span class='ocr_line' id='line_1_40' title="bbox 179 4180 1467 4247; baseline -0.003 -12"><span class='ocrx_word' id='word_1_389' title='bbox 179 4184 280 4235; x_wconf 75' lang='lat' dir='ltr'>destino</span> <span class='ocrx_word' id='word_1_390' title='bbox 299 4183 400 4233; x_wconf 88' lang='lat' dir='ltr'>nomino</span> <span class='ocrx_word' id='word_1_391' title='bbox 414 4182 572 4247; x_wconf 84' lang='lat' dir='ltr'>procrastino</span> <span class='ocrx_word' id='word_1_392' title='bbox 583 4180 730 4247; x_wconf 79' lang='lat' dir='ltr'>conglutino</span> <span class='ocrx_word' id='word_1_393' title='bbox 743 4181 866 4230; x_wconf 87' lang='lat' dir='ltr'>iuuenalis</span> <span class='ocrx_word' id='word_1_394' title='bbox 879 4181 922 4231; x_wconf 90' lang='lat' dir='ltr'>lib.</span> <span class='ocrx_word' id='word_1_395' title='bbox 934 4182 1017 4247; x_wconf 86' lang='lat' dir='ltr'>primo</span> <span class='ocrx_word' id='word_1_396' title='bbox 1032 4181 1133 4242; x_wconf 86' lang='lat' dir='ltr'>quando</span> <span class='ocrx_word' id='word_1_397' title='bbox 1148 4182 1297 4247; x_wconf 91' lang='lat' dir='ltr'>propinatur</span> <span class='ocrx_word' id='word_1_398' title='bbox 1315 4183 1375 4231; x_wconf 89' lang='lat' dir='ltr'>item</span> <span class='ocrx_word' id='word_1_399' title='bbox 1390 4182 1467 4246; x_wconf 79' lang='lat' dir='ltr'>longa</span> 
     </span>
     <span class='ocr_line' id='line_1_41' title="bbox 179 4248 1467 4318; baseline -0.002 -15"><span class='ocrx_word' id='word_1_400' title='bbox 179 4253 342 4303; x_wconf 86' lang='lat' dir='ltr'>oobsooot</span> <span class='ocrx_word' id='word_1_401' title='bbox 403 4252 528 4302; x_wconf 77' lang='lat' dir='ltr'>luvenalis</span> <span class='ocrx_word' id='word_1_402' title='bbox 544 4251 608 4300; x_wconf 91' lang='lat' dir='ltr'>libro</span> <span class='ocrx_word' id='word_1_403' title='bbox 626 4250 647 4315; x_wconf 84' lang='lat' dir='ltr'>l]</span> <span class='ocrx_word' id='word_1_404' title='bbox 665 4256 715 4303; x_wconf 84' lang='lat' dir='ltr'>sot.</span> <span class='ocrx_word' id='word_1_405' title='bbox 735 4252 761 4310; x_wconf 87' lang='grc'>5,</span> <span class='ocrx_word' id='word_1_406' title='bbox 782 4250 831 4301; x_wconf 79' lang='lat'>127</span> <span class='ocrx_word' id='word_1_407' title='bbox 901 4248 1067 4312; x_wconf 70' lang='lat' dir='ltr'>4Varrosc·</span> <span class='ocrx_word' id='word_1_408' title='bbox 1137 4248 1467 4318; x_wconf 78' lang='lat' dir='ltr'>tinndetphn]1²‚37</span> 
     </span>
    </p>

    <p class='ocr_par' dir='ltr' id='par_1_10' title="bbox 177 4318 1468 4527">
     <span class='ocr_line' id='line_1_42' title="bbox 249 4318 1466 4387; baseline -0.001 -16"><span class='ocrx_word' id='word_1_409' title='bbox 249 4322 356 4373; x_wconf 82' lang='lat' dir='ltr'>obsonet</span> <span class='ocrx_word' id='word_1_410' title='bbox 375 4330 399 4371; x_wconf 89' lang='lat' dir='ltr'>et</span> <span class='ocrx_word' id='word_1_411' title='bbox 417 4319 557 4385; x_wconf 69' lang='lat' dir='ltr'>(merem.</span> <span class='ocrx_word' id='word_1_412' title='bbox 574 4318 657 4385; x_wconf 89' lang='lat' dir='ltr'>optat)</span> <span class='ocrx_word' id='word_1_413' title='bbox 670 4326 741 4385; x_wconf 87' lang='lat' dir='ltr'>potat</span> <span class='ocrx_word' id='word_1_414' title='bbox 759 4320 808 4370; x_wconf 91' lang='lat' dir='ltr'>olet</span> <span class='ocrx_word' id='word_1_415' title='bbox 822 4320 847 4369; x_wconf 90' lang='lat' dir='ltr'><em>B</em></span> <span class='ocrx_word' id='word_1_416' title='bbox 907 4319 925 4371; x_wconf 87' lang='grc'>8</span> <span class='ocrx_word' id='word_1_417' title='bbox 942 4329 1001 4369; x_wconf 91' lang='lat' dir='ltr'>tono</span> <span class='ocrx_word' id='word_1_418' title='bbox 1014 4328 1087 4369; x_wconf 85' lang='lat' dir='ltr'>tonas</span> <span class='ocrx_word' id='word_1_419' title='bbox 1103 4321 1162 4369; x_wconf 86' lang='lat' dir='ltr'>item</span> <span class='ocrx_word' id='word_1_420' title='bbox 1179 4336 1198 4370; x_wconf 91' lang='lat' dir='ltr'>u</span> <span class='ocrx_word' id='word_1_421' title='bbox 1216 4319 1293 4386; x_wconf 77' lang='lat' dir='ltr'>ionga</span> <span class='ocrx_word' id='word_1_422' title='bbox 1310 4336 1357 4387; x_wconf 88' lang='lat' dir='ltr'>pro</span> <span class='ocrx_word' id='word_1_423' title='bbox 1375 4335 1466 4371; x_wconf 84' lang='lat' dir='ltr'>conro-</span> 
     </span>
     <span class='ocr_line' id='line_1_43' title="bbox 180 4390 1466 4457; baseline -0.002 -16"><span class='ocrx_word' id='word_1_424' title='bbox 180 4402 255 4442; x_wconf 87' lang='lat' dir='ltr'>nante</span> <span class='ocrx_word' id='word_1_425' title='bbox 273 4393 282 4441; x_wconf 93' lang='lat' dir='ltr'>i</span> <span class='ocrx_word' id='word_1_426' title='bbox 297 4392 460 4441; x_wconf 85' lang='lat' dir='ltr'>antecedente</span> <span class='ocrx_word' id='word_1_427' title='bbox 480 4400 507 4441; x_wconf 91' lang='lat' dir='ltr'>ut</span> <span class='ocrx_word' id='word_1_428' title='bbox 526 4391 611 4449; x_wconf 82' lang='lat' dir='ltr'>ieiuno</span> <span class='ocrx_word' id='word_1_429' title='bbox 631 4392 728 4441; x_wconf 86' lang='lat' dir='ltr'>ieiunas</span> <span class='ocrx_word' id='word_1_430' title='bbox 744 4391 768 4440; x_wconf 89' lang='lat' dir='ltr'><em>P</em></span> <span class='ocrx_word' id='word_1_431' title='bbox 785 4398 845 4439; x_wconf 89' lang='lat' dir='ltr'>tono</span> <span class='ocrx_word' id='word_1_432' title='bbox 864 4404 893 4439; x_wconf 82' lang='lat' dir='ltr'>as</span> <span class='ocrx_word' id='word_1_433' title='bbox 908 4391 994 4439; x_wconf 90' lang='lat' dir='ltr'>ieiuno</span> <span class='ocrx_word' id='word_1_434' title='bbox 1013 4390 1073 4437; x_wconf 87' lang='lat' dir='ltr'>item</span> <span class='ocrx_word' id='word_1_435' title='bbox 1088 4390 1182 4440; x_wconf 87' lang='lat' dir='ltr'>iermua</span> <span class='ocrx_word' id='word_1_436' title='bbox 1199 4390 1225 4440; x_wconf 86' lang='lat' dir='ltr'><em>B</em></span> <span class='ocrx_word' id='word_1_437' title='bbox 1312 4390 1344 4441; x_wconf 74' lang='lat'>12</span> <span class='ocrx_word' id='word_1_438' title='bbox 1361 4404 1466 4457; x_wconf 84' lang='lat' dir='ltr'>perseus</span> 
     </span>
     <span class='ocr_line' id='line_1_44' title="bbox 177 4457 1468 4527; baseline -0.003 -14"><span class='ocrx_word' id='word_1_439' title='bbox 177 4464 288 4515; x_wconf 84' lang='lat' dir='ltr'>Prrot.</span> <span class='ocrx_word' id='word_1_440' title='bbox 309 4459 387 4522; x_wconf 85' lang='grc'>3,19</span> <span class='ocrx_word' id='word_1_441' title='bbox 458 4457 508 4527; x_wconf 88' lang='lat' dir='ltr'>cui]</span> <span class='ocrx_word' id='word_1_442' title='bbox 529 4460 589 4525; x_wconf 88' lang='lat' dir='ltr'>qnid</span> <span class='ocrx_word' id='word_1_443' title='bbox 608 4461 726 4511; x_wconf 63' lang='lat' dir='ltr'>cornel.</span> <span class='ocrx_word' id='word_1_444' title='bbox 744 4474 774 4511; x_wconf 88' lang='lat' dir='ltr'>m.</span> <span class='ocrx_word' id='word_1_445' title='bbox 794 4460 835 4509; x_wconf 94' lang='lat' dir='ltr'>cui</span> <span class='ocrx_word' id='word_1_446' title='bbox 853 4460 878 4509; x_wconf 90' lang='lat' dir='ltr'><em>B</em></span> <span class='ocrx_word' id='word_1_447' title='bbox 950 4457 982 4509; x_wconf 83' lang='lat'>13</span> <span class='ocrx_word' id='word_1_448' title='bbox 1000 4459 1096 4509; x_wconf 82' lang='lat' dir='ltr'>ambies</span> <span class='ocrx_word' id='word_1_449' title='bbox 1114 4459 1235 4513; x_wconf 68' lang='lat' dir='ltr'>eornm.</span> <span class='ocrx_word' id='word_1_450' title='bbox 1253 4476 1285 4513; x_wconf 82' lang='lat' dir='ltr'>ra.</span> <span class='ocrx_word' id='word_1_451' title='bbox 1303 4460 1468 4525; x_wconf 81' lang='lat' dir='ltr'>ambegeeP</span> 
     </span>
    </p>

    <p class='ocr_par' dir='ltr' id='par_1_11' title="bbox 177 4528 1466 4877">
     <span class='ocr_line' id='line_1_45' title="bbox 249 4528 1466 4583; baseline -0.002 -1"><span class='ocrx_word' id='word_1_452' title='bbox 249 4531 300 4583; x_wconf 91' lang='lat' dir='ltr'>duo</span> <span class='ocrx_word' id='word_1_453' title='bbox 316 4544 377 4580; x_wconf 88' lang='lat' dir='ltr'>uero</span> <span class='ocrx_word' id='word_1_454' title='bbox 395 4532 402 4579; x_wconf 95' lang='lat' dir='ltr'>i</span> <span class='ocrx_word' id='word_1_455' title='bbox 422 4540 480 4581; x_wconf 88' lang='lat' dir='ltr'>ante</span> <span class='ocrx_word' id='word_1_456' title='bbox 496 4546 527 4579; x_wconf 92' lang='lat' dir='ltr'>no</span> <span class='ocrx_word' id='word_1_457' title='bbox 546 4530 664 4579; x_wconf 88' lang='lat' dir='ltr'>habentia</span> <span class='ocrx_word' id='word_1_458' title='bbox 680 4528 705 4579; x_wconf 89' lang='lat' dir='ltr'><em>B</em></span> <span class='ocrx_word' id='word_1_459' title='bbox 720 4530 729 4578; x_wconf 89' lang='lat' dir='ltr'>i</span> <span class='ocrx_word' id='word_1_460' title='bbox 748 4543 808 4579; x_wconf 91' lang='lat' dir='ltr'>nero</span> <span class='ocrx_word' id='word_1_461' title='bbox 826 4538 886 4578; x_wconf 89' lang='lat' dir='ltr'>aute</span> <span class='ocrx_word' id='word_1_462' title='bbox 903 4541 935 4577; x_wconf 92' lang='lat' dir='ltr'>no</span> <span class='ocrx_word' id='word_1_463' title='bbox 954 4528 1054 4578; x_wconf 90' lang='lat' dir='ltr'>abentia</span> <span class='ocrx_word' id='word_1_464' title='bbox 1067 4528 1092 4577; x_wconf 90' lang='lat' dir='ltr'><strong><em>P</em></strong></span> <span class='ocrx_word' id='word_1_465' title='bbox 1109 4529 1159 4579; x_wconf 88' lang='lat' dir='ltr'>duo</span> <span class='ocrx_word' id='word_1_466' title='bbox 1175 4530 1253 4579; x_wconf 87' lang='lat' dir='ltr'>uerba</span> <span class='ocrx_word' id='word_1_467' title='bbox 1270 4530 1279 4577; x_wconf 94' lang='lat' dir='ltr'>i</span> <span class='ocrx_word' id='word_1_468' title='bbox 1296 4538 1354 4580; x_wconf 88' lang='lat' dir='ltr'>ante</span> <span class='ocrx_word' id='word_1_469' title='bbox 1372 4544 1405 4579; x_wconf 91' lang='lat' dir='ltr'>no</span> <span class='ocrx_word' id='word_1_470' title='bbox 1420 4528 1466 4579; x_wconf 92' lang='lat' dir='ltr'>ha·</span> 
     </span>
     <span class='ocr_line' id='line_1_46' title="bbox 180 4597 1466 4664; baseline -0.002 -13"><span class='ocrx_word' id='word_1_471' title='bbox 180 4601 274 4663; x_wconf 83' lang='lat' dir='ltr'>bentf</span> <span class='ocrx_word' id='word_1_472' title='bbox 342 4600 373 4651; x_wconf 80' lang='lat'>16</span> <span class='ocrx_word' id='word_1_473' title='bbox 392 4600 499 4650; x_wconf 89' lang='lat' dir='ltr'>deducta</span> <span class='ocrx_word' id='word_1_474' title='bbox 518 4602 542 4649; x_wconf 89' lang='lat' dir='ltr'><em>P</em></span> <span class='ocrx_word' id='word_1_475' title='bbox 611 4598 643 4651; x_wconf 79' lang='lat'>19</span> <span class='ocrx_word' id='word_1_476' title='bbox 660 4613 752 4664; x_wconf 82' lang='lat' dir='ltr'>sperno</span> <span class='ocrx_word' id='word_1_477' title='bbox 774 4600 873 4664; x_wconf 83' lang='lat' dir='ltr'>spernis</span> <span class='ocrx_word' id='word_1_478' title='bbox 892 4607 977 4647; x_wconf 84' lang='lat' dir='ltr'>aterno</span> <span class='ocrx_word' id='word_1_479' title='bbox 996 4598 1088 4648; x_wconf 85' lang='lat' dir='ltr'>sternia</span> <span class='ocrx_word' id='word_1_480' title='bbox 1103 4613 1149 4651; x_wconf 78' lang='lat' dir='ltr'>om,</span> <span class='ocrx_word' id='word_1_481' title='bbox 1168 4597 1194 4647; x_wconf 86' lang='lat' dir='ltr'><em>B</em></span> <span class='ocrx_word' id='word_1_482' title='bbox 1262 4600 1296 4649; x_wconf 73' lang='lat'>25</span> <span class='ocrx_word' id='word_1_483' title='bbox 1313 4600 1402 4649; x_wconf 85' lang='lat' dir='ltr'>tertiae</span> <span class='ocrx_word' id='word_1_484' title='bbox 1420 4614 1466 4648; x_wconf 91' lang='lat' dir='ltr'>eeu</span> 
     </span>
     <span class='ocr_line' id='line_1_47' title="bbox 178 4667 1463 4735; baseline 0 -15"><span class='ocrx_word' id='word_1_485' title='bbox 178 4670 235 4720; x_wconf 86' lang='lat' dir='ltr'>BP</span> <span class='ocrx_word' id='word_1_486' title='bbox 249 4672 337 4720; x_wconf 89' lang='lat' dir='ltr'>tertiae</span> <span class='ocrx_word' id='word_1_487' title='bbox 350 4680 409 4719; x_wconf 84' lang='lat' dir='ltr'>aunt</span> <span class='ocrx_word' id='word_1_488' title='bbox 427 4669 611 4735; x_wconf 75' lang='lat' dir='ltr'>coniugationis</span> <span class='ocrx_word' id='word_1_489' title='bbox 627 4676 700 4718; x_wconf 90' lang='lat' dir='ltr'>cent</span> <span class='ocrx_word' id='word_1_490' title='bbox 769 4669 803 4719; x_wconf 81' lang='lat' dir='ltr'>at</span> <span class='ocrx_word' id='word_1_491' title='bbox 821 4676 848 4717; x_wconf 92' lang='lat' dir='ltr'>nt</span> <span class='ocrx_word' id='word_1_492' title='bbox 865 4682 910 4717; x_wconf 85' lang='lat' dir='ltr'>ona.</span> <span class='ocrx_word' id='word_1_493' title='bbox 929 4670 954 4717; x_wconf 89' lang='lat' dir='ltr'><em>P</em></span> <span class='ocrx_word' id='word_1_494' title='bbox 1003 4668 1068 4717; x_wconf 88' lang='lat' dir='ltr'>libro</span> <span class='ocrx_word' id='word_1_495' title='bbox 1086 4668 1144 4718; x_wconf 92' lang='lat' dir='ltr'>Vlll</span> <span class='ocrx_word' id='word_1_496' title='bbox 1160 4667 1292 4717; x_wconf 82' lang='lat' dir='ltr'>thebaidos</span> <span class='ocrx_word' id='word_1_497' title='bbox 1311 4668 1366 4719; x_wconf 87' lang='lat' dir='ltr'>Bt:</span> <span class='ocrx_word' id='word_1_498' title='bbox 1387 4668 1463 4721; x_wconf 76' lang='lat' dir='ltr'>rtet.</span> 
     </span>
     <span class='ocr_line' id='line_1_48' title="bbox 177 4736 1463 4803; baseline -0.003 -12"><span class='ocrx_word' id='word_1_499' title='bbox 177 4742 224 4791; x_wconf 86' lang='lat' dir='ltr'>Vll</span> <span class='ocrx_word' id='word_1_500' title='bbox 243 4738 294 4791; x_wconf 75' lang='lat'>130</span> <span class='ocrx_word' id='word_1_501' title='bbox 346 4739 380 4791; x_wconf 81' lang='lat'>28</span> <span class='ocrx_word' id='word_1_502' title='bbox 398 4741 467 4789; x_wconf 87' lang='lat' dir='ltr'>inani</span> <span class='ocrx_word' id='word_1_503' title='bbox 488 4756 535 4791; x_wconf 87' lang='lat' dir='ltr'>om.</span> <span class='ocrx_word' id='word_1_504' title='bbox 556 4740 594 4789; x_wconf 84' lang='lat' dir='ltr'>P:</span> <span class='ocrx_word' id='word_1_505' title='bbox 617 4739 684 4789; x_wconf 88' lang='lat' dir='ltr'>inani</span> <span class='ocrx_word' id='word_1_506' title='bbox 708 4736 785 4787; x_wconf 84' lang='lat' dir='ltr'>relect</span> <span class='ocrx_word' id='word_1_507' title='bbox 801 4737 926 4803; x_wconf 89' lang='lat' dir='ltr'>hippolite</span> <span class='ocrx_word' id='word_1_508' title='bbox 943 4736 1032 4787; x_wconf 77' lang='lat' dir='ltr'>infelix</span> <span class='ocrx_word' id='word_1_509' title='bbox 1054 4736 1112 4787; x_wconf 89' lang='lat' dir='ltr'>uela</span> <span class='ocrx_word' id='word_1_510' title='bbox 1133 4737 1463 4800; x_wconf 56' lang='lat' dir='ltr'>eorumconsectaria</span> 
     </span>
     <span class='ocr_line' id='line_1_49' title="bbox 177 4805 1217 4877; baseline -0.006 -16"><span class='ocrx_word' id='word_1_511' title='bbox 177 4808 256 4861; x_wconf 77' lang='lat' dir='ltr'>refert</span> <span class='ocrx_word' id='word_1_512' title='bbox 274 4835 309 4847; x_wconf 92' lang='lat'>-</span> <span class='ocrx_word' id='word_1_513' title='bbox 326 4808 418 4877; x_wconf 87' lang='lat' dir='ltr'>coloni,</span> <span class='ocrx_word' id='word_1_514' title='bbox 436 4826 499 4876; x_wconf 83' lang='lat' dir='ltr'>quoe</span> <span class='ocrx_word' id='word_1_515' title='bbox 513 4825 548 4860; x_wconf 80' lang='lat' dir='ltr'>cac</span> <span class='ocrx_word' id='word_1_516' title='bbox 565 4825 638 4860; x_wconf 82' lang='lat' dir='ltr'>cerea</span> <span class='ocrx_word' id='word_1_517' title='bbox 656 4806 737 4859; x_wconf 85' lang='lat' dir='ltr'>Oor&#39;dr&#39;t&#39;</span> <span class='ocrx_word' id='word_1_518' title='bbox 750 4824 778 4873; x_wconf 82' lang='lat' dir='ltr'>p.</span> <span class='ocrx_word' id='word_1_519' title='bbox 798 4808 859 4873; x_wconf 78' lang='lat'>480,</span> <span class='ocrx_word' id='word_1_520' title='bbox 877 4806 954 4859; x_wconf 72' lang='lat' dir='ltr'>{idac</span> <span class='ocrx_word' id='word_1_521' title='bbox 970 4808 1097 4858; x_wconf 71' lang='lat' dir='ltr'>translata</span> <span class='ocrx_word' id='word_1_522' title='bbox 1113 4817 1178 4868; x_wconf 77' lang='lat' dir='ltr'>sunt,</span> <span class='ocrx_word' id='word_1_523' title='bbox 1192 4805 1217 4855; x_wconf 88' lang='lat' dir='ltr'><em>B</em></span> 
     </span>
    </p>
   </div>
   <div class='ocr_carea' id='block_1_8' title="bbox 0 0 1768 5600">
    <p class='ocr_par' dir='ltr' id='par_1_12' title="bbox 0 0 1768 5600">
     <span class='ocr_line' id='line_1_50' title="bbox 0 0 1768 5600; baseline 0 4"><span class='ocrx_word' id='word_1_524' title='bbox 0 0 1768 5600; x_wconf 95' lang='lat' dir='ltr'> </span> 
     </span>
    </p>
   </div>
  </div>
 </body>
</html>
