3525 5600
663 377 900 442 COMMENTVM
1370 377 1431 441 173

1246 499 1267 540 p.
1282 468 1369 528 ile-vo
1384 486 1406 527 v„

153 585 218 646 quae
245 567 298 627 uisi
326 583 380 645 per
409 564 538 626 dativum
566 585 666 628 casum
696 586 757 628 uon
782 585 939 647 possumus
967 567 1082 636 dicere,
1111 574 1143 628 ut
1169 567 1306 628 iuimicus
1333 547 1440 628 malias

153 687 204 729 ooo
224 685 338 748 possum
363 667 463 729 dicere
486 671 642 731 'inimicus
663 677 731 731 tuus
755 673 825 740 cst’,
849 670 901 730 sed
924 669 1080 731 ‘inimicus
1103 669 1157 729 tibi
1180 670 1251 730 est’.
1289 677 1360 730 sunt
1381 668 1432 730 ali-

151 789 203 850 qua
223 789 293 850 quae
315 773 515 832 accusativum
537 781 691 842 secuntur,
715 779 747 832 ut
762 791 870 833 exosus
887 771 977 834 bella:
1002 773 1045 832 sic
1061 773 1139 832 enim
1156 771 1289 842 dicimus,
1313 774 1432 834 ‘exosus

150 872 221 933 illam
241 877 332 934 rcm’.
363 872 499 934 similiter
520 881 550 935 et
570 876 724 954 praescius
746 875 858 946 iutura;
882 874 933 935 sed
956 875 1080 953 figurate
1104 875 1269 936 accusativo
1291 875 1430 952 iungitur,

131 976 291 1036 sbouestius
313 986 412 1037 autem
433 977 570 1055 genetivo
593 979 738 1056 Iungitur,
762 977 915 1056 praescius
931 977 1096 1038 futurarum
1112 995 1221 1038 rerum.
1252 984 1320 1037 sunt
1335 975 1430 1056 aliqua

150 1097 216 1158 quae
240 1076 398 1139 ablativum
427 1098 527 1140 casum
554 1087 710 1149 secuntur,
738 1087 770 1139 ut
798 1077 946 1139 secundus
976 1099 992 1140 a
1014 1078 1154 1149 Romulo,
1179 1078 1253 1139 ulter
1275 1077 1312 1140 ab
1336 1076 1429 1158 Sylla:

149 1178 287 1240 istasunt
314 1199 390 1261 quae
419 1179 577 1243 ablativum
606 1189 755 1242 secuntur.
801 1199 873 1260 ergo
896 1200 956 1242 non
986 1199 1145 1261 possumus
1172 1179 1272 1242 dicere
1296 1179 1363 1241 ‘ille
1385 1199 1432 1241 se-

150 1282 254 1343 ouodus
275 1281 330 1344 tibi
353 1287 424 1354 est’,
448 1283 499 1344 sed
522 1282 589 1344 ‘ille
611 1282 760 1346 secundus
782 1303 797 1344 a
820 1265 849 1344 te
872 1287 944 1344 est'.
988 1285 1041 1345 ista
1065 1301 1136 1362 ergo
1159 1291 1228 1344 sunt
1254 1301 1328 1363 quae
1352 1281 1431 1344 abla-

151 1387 230 1445 tivum
256 1393 414 1456 secuntur,
444 1386 594 1448 secundus
621 1405 637 1448 a
665 1385 807 1457 Romulo,
836 1384 911 1446 alter
940 1384 977 1446 ab
1006 1384 1092 1467 Sylla.
1134 1393 1204 1446 sunt
1232 1384 1327 1465 aliqua
1357 1401 1432 1463 quae

123 1499 141 1537 1⁰
151 1490 298 1568 septimum
328 1497 483 1559 secuntur,
512 1495 546 1549 ut
572 1489 679 1568 diguus
701 1507 838 1558 munere,
862 1494 978 1550 mactus
999 1489 1122 1548 virtute:
1151 1487 1274 1567 ‘dignus
1296 1486 1346 1548 illa
1368 1488 1431 1556 η’,

151 1609 316 1670 quamquam
339 1589 500 1670 legerimus
522 1592 687 1653 accusativo
709 1592 843 1653 iunctum
865 1591 896 1651 iu
919 1587 1076 1661 Terentio,

1051 1692 1184 1772 dignus
1208 1711 1246 1754 es

289 1795 804 1875 cumtuarcligioueodium.
821 1797 882 1873 qui
905 1795 1038 1857 nodum
1061 1795 1097 1856 in
1121 1795 1248 1875 scirpo
1271 1795 1430 1875 quaeris.

152 1905 252 1959 mactus
273 1901 394 1959 virtute:
418 1902 552 1961 ‘macte
574 1917 667 1960 nova
689 1901 830 1959 virtute
852 1900 977 1978 puer’;
1004 1899 1007 1980 l
1032 1897 1142 1958 Statius
1165 1899 1289 1958 mutavit
1311 1905 1340 1958 ct
1362 1896 1435 1957 dixit

124 2007 274 2061 ¹⁵‘macte
303 2001 432 2061 animi’
461 1999 583 2081 [virtute
610 2001 717 2082 puer],
747 2009 842 2063 macte
870 2000 949 2062 illius
978 2001 1035 2071 rei,
1064 2001 1233 2080 genetivum
1255 2001 1355 2080 posuit
1377 2017 1432 2079 pro

153 2101 273 2163 ablativo.
319 2101 373 2163 sed
400 2110 500 2164 umen
528 2103 585 2166 hoc
614 2105 691 2166 scire
719 2102 825 2173 debes,
855 2105 994 2184 qnoniam
1023 2101 1198 2165 naturaliter
1225 2101 1282 2162 boc
1306 2101 1433 2182 [mactus

152 2224 262 2266 munere
284 2205 392 2283 dignus
414 2206 534 2286 virtute]
560 2205 684 2268 ablativo
705 2208 845 2284 iungitur.

225 2307 373 2369 Ablativus
399 2308 558 2387 singularis
586 2309 717 2371 diversas
743 2307 834 2370 habet
855 2306 983 2387 regulas.
1029 2315 1089 2370 tres
1111 2306 1242 2388 plurales
1264 2325 1350 2368 casus
1374 2317 1550 2383 uon408,28

153 2407 227 2469 lacile
248 2411 393 2479 invenies,
418 2411 709 2492 quemadmodum
733 2431 784 2472 eos
806 2412 906 2472 iacias.
945 2409 997 2471 sed
1021 2417 1054 2472 ut
1075 2413 1151 2471 scias
1175 2429 1277 2471 eorum
1301 2409 1431 2470 declina·

124 2513 250 2572 utonem
278 2510 421 2592 [genetivi
444 2513 488 2574 vel
512 2513 599 2575 dativi
621 2514 666 2575 vel
689 2513 807 2575 ablativi
828 2515 877 2594 qui
901 2511 969 2594 sit],
999 2511 1121 2573 consule
1150 2512 1309 2573 ablativum
1332 2514 1431 2589 singu·

153 2613 242 2674 larem.
271 2633 340 2675 nam
356 2615 393 2675 de
408 2613 536 2676 ablativo
559 2615 676 2694 regulas
697 2619 768 2678 istas
790 2615 921 2693 colligis,
946 2615 1087 2696 quemad
1104 2614 1223 2676 modum
1247 2612 1433 2676 declinantur

152 2717 194 2775 isti
214 2734 311 2788 casus,
340 2719 495 2795 genetivus
524 2726 553 2779 et
575 2717 690 2780 dativus
714 2724 743 2778 et
765 2717 910 2779 ablativus
932 2717 1065 2798 pluralis.
1112 2717 1256 2778 ablativus
1277 2713 1434 2794 singularis
1445 2729 1503 2789 495,
1518 2729 1548 2777 31

153 2822 313 2881 temuinatur
336 2819 443 2882 litteris
465 2823 611 2901 quinque,
635 2820 747 2900 regulis
768 2840 835 2891 sex,
859 2823 1000 2903 qnoniam
1023 2841 1040 2882 e
1062 2820 1158 2882 littora
1175 2822 1326 2881 invenitur
1340 2822 1432 2880 intar-

155 2918 215 2982 dum
228 2922 370 3001 producta
385 2924 415 2982 in
432 2922 558 2985 ablativo
572 2924 723 3003 singulari,
740 2924 890 2986 interdum
908 2932 1044 3004 correpta
1058 2926 1147 2985 etiam
1163 2925 1266 2984 currit.
1288 2921 1432 2983 ablativus

125 3030 145 3069 ἵ)
156 3023 298 3102 singularis
313 3044 330 3085 a
345 3023 443 3087 littera
465 3028 642 3088 terminatus
657 3028 825 3105 genetivum
840 3026 986 3106 pluralem
1003 3028 1033 3087 iu
1050 3046 1114 3088 rum
1131 3027 1234 3095 mittit,
1259 3024 1387 3085 dativum
1405 3032 1433 3085 et

154 3124 299 3186 ablativum
320 3126 350 3185 iu
375 3130 413 3198 is,
437 3128 518 3189 llusa
540 3128 689 3190 llusarum
711 3130 816 3199 Musis,
846 3130 978 3209 exceptis
1001 3128 1047 3189 his
1070 3126 1239 3189 nominibus
1266 3128 1296 3187 in
1325 3126 1533 3207 quibt1s434,8

155 3244 249 3303 genera
272 3227 466 3291 discernenda
487 3238 570 3301 sunt,
595 3239 627 3293 ut
649 3232 704 3294 dea
726 3232 849 3293 dearum
872 3230 998 3302 deabus,
1023 3230 1100 3292 mula
1123 3230 1270 3292 mularum
1287 3227 1432 3298 mulabus,

155 3326 203 3389 lilia
223 3330 344 3391 liliorum
367 3332 497 3403 filiabus,
527 3354 601 3415 equa
625 3354 767 3415 equarum
791 3333 933 3415 equabus.
979 3352 1046 3394 nam
1070 3331 1107 3392 ab
1130 3351 1165 3392 eo
1189 3332 1267 3412 thod
1291 3339 1336 3392 est
1358 3350 1433 3411 equa

155 3432 175 3488 si
199 3431 354 3495 dixerimus
383 3437 481 3515 equis,
510 3436 567 3497 iilia
596 3435 723 3498 liliarum
750 3436 833 3508 tiliis,
862 3438 887 3497 si
909 3438 951 3497 sie
975 3434 978 3519 l
1003 3435 1313 3505 dixerimus,‘sexum
1335 3436 1434 3514 potius

128 3534 335 3597 ³⁰masculiuum
367 3536 582 3616 intellegimus,
618 3557 706 3620 quam
740 3539 927 3600 femininum.
973 3537 1024 3599 sed
1058 3540 1135 3598 seire
1168 3536 1260 3598 dobes
1294 3538 1433 3614 quoniam

157 3633 255 3697 Probus
277 3638 364 3698 istam
386 3638 521 3718 regulam
544 3642 689 3721 expressit
711 3648 741 3701 et
761 3640 848 3711 dixit,
882 3642 908 3702 si
931 3640 1059 3701 volueris
1080 3642 1164 3718 sequi
1191 3650 1223 3700 ut
1245 3642 1357 3709 omnia,
1382 3638 1433 3699 ubi

156 3754 249 3813 genera
272 3740 467 3802 discernenda
490 3750 574 3812 siml,
604 3741 690 3803 aliter
711 3744 902 3822 proferantur
925 3745 954 3803 in
978 3742 1104 3804 ablativo
1126 3741 1172 3801 vel
1201 3743 1230 3801 iu
1254 3742 1363 3812 dativo,
1387 3742 1433 3801 iu·

156 3840 283 3917 cipiemus
311 3840 412 3904 dicere
440 3843 640 3907 llomauabus.
684 3847 709 3905 si
742 3847 822 3906 enim
854 3845 1018 3906 dixerimus
1046 3844 1200 3914 Romanis
1236 3842 1431 3905 masculinum

158 3960 244 4004 sexum
272 3943 480 4023 intellegimus.
526 3948 632 4026 quodsi
659 3948 717 4008 boc.
745 3956 803 4018 est,
832 3949 1009 4027 incipiemus
1037 3948 1138 4009 dicere
1160 3946 1247 4007 ctiam
1270 3946 1299 4006 in
1323 3963 1432 4025 prono-

132 4044 270 4107 voionus
290 4046 413 4127 ipsabus
434 4047 555 4119 illabus,
580 4052 719 4131 quoniam
736 4052 761 4111 si
776 4049 937 4111 dixerimus
952 4050 1010 4110 illis
1025 4050 1110 4129 ipsis,
1135 4050 1229 4127 magis
1245 4049 1302 4108 erit
1318 4066 1432 4107 mascu-

158 4142 250 4219 linum,
273 4165 360 4227 quam
383 4150 568 4212 femininum.
615 4152 693 4213 unde
716 4152 798 4213 vides
820 4153 900 4228 qnod
920 4150 996 4214 male
1020 4152 1164 4213 deliniunt
1187 4152 1234 4232 qui
1258 4153 1298 4211 ita
1320 4148 1431 4220 dicunt,

161 4298 434 4313 Ἣ

215 4407 337 4457 dexosus
354 4424 411 4458 sum
429 4408 499 4459 illam
517 4425 569 4459 rem
589 4410 610 4460 0
678 4410 694 4459 5
712 4408 846 4459 honestius
861 4418 946 4460 autem
965 4408 1082 4475 genetiuo
1099 4408 1213 4473 iungitur·
1231 4422 1276 4456 om.
1290 4406 1324 4466 A,
1344 4406 1404 4455 odd.
1416 4422 1433 4453 a

215 4478 421 4541 nontaliqunudo
440 4495 504 4543 quae
523 4481 547 4528 A
618 4478 745 4531 dabsilla
762 4478 817 4529 AB
888 4480 971 4529 'iisto
991 4479 1105 4529 -9ab
1124 4478 1193 4543 Sylla
1213 4476 1301 4527 ovn.C
1370 4490 1431 4542 ergo

161 4547 271 4594 secamur
294 4563 343 4597 non
365 4564 501 4614 possumus
526 4552 607 4599 dicere
630 4551 673 4599 ille
697 4550 741 4597 tibi
761 4548 874 4599 estAB
945 4548 1129 4599 llubsillaB
1148 4549 1179 4597 ab
1200 4546 1305 4597 sellaA
1374 4556 1434 4595 sunt

161 4613 238 4680 aliqua]
260 4618 396 4681 aliquando
414 4618 500 4669 ABG
568 4620 600 4670 lu
620 4621 715 4686 dignus
735 4620 778 4669 illa
797 4636 823 4669 re
845 4622 870 4669 A
889 4620 984 4685 dignus
1003 4627 1040 4667 est
1057 4618 1098 4666 illu
1117 4634 1143 4666 re
1163 4618 1237 4669 uua
1309 4616 1338 4666 ll
1359 4632 1433 4665 uocu-
1505 4656 1512 4669 .

162 4685 229 4734 raduo
248 4684 302 4736 Ca*
321 4690 495 4740 accusatiuum
514 4690 569 4739 AB
638 4691 664 4739 in
685 4688 814 4755 Terentio]
835 4690 960 4741 Andr.V
979 4688 1055 4751 4,37
1127 4687 1158 4739 13
1177 4689 1221 4751 otti
1247 4686 1339 4735 nodum
1358 4685 1432 4736 Boo

162 4753 289 4811 quioodium
308 4760 332 4807 A
424 4758 456 4809 14
478 4757 569 4826 macte]
594 4760 673 4825 Verp,
693 4758 759 4811 Aen.
783 4761 852 4809 Vllll
872 4760 921 4811 641
1010 4754 1114 4825 Statius]
1140 4758 1215 4812 Tbeb.
1239 4758 1259 4807 ll
1280 4757 1330 4807 495
1352 4766 1432 4805 macte

163 4824 241 4889 animi,
259 4830 332 4876 tantis
350 4830 446 4894 dignus
464 4830 506 4893 qui
525 4830 635 4881 crederis
652 4832 731 4879 ortuis
802 4830 965 4881 intonantes
983 4829 1091 4878 ablatiuo
1110 4828 1322 4891 quemadmodum
1338 4827 1363 4875 A

164 4888 189 4940 tt
205 4893 302 4962 Probus]
315 4902 392 4954 oratic.
404 4908 453 4949 ort.
463 4916 490 4964 p.
507 4900 550 4962 82,
568 4900 600 4955 in
651 4900 685 4951 34
702 4902 794 4965 quodsi
807 4900 856 4951 boc
872 4910 909 4950 est
923 4917 970 4949 om.
986 4900 1019 4965 A,
1033 4899 1092 4949 add.
1106 4915 1123 4949 ct
1176 4899 1209 4951 30
1224 4897 1290 4963 qrxod
1304 4914 1350 4949 om.
1362 4896 1433 4946 ABG
