3525 5600
331 448 394 512 626
888 452 1067 515 statuenti

358 573 379 612 μ,
394 562 451 602 eret.
466 561 492 600 cs
506 559 529 602 r.
1334 596 1340 612 ,

329 659 449 719 semper
471 643 503 700 in
525 659 575 700 sco
591 642 720 719 quiescit
742 639 808 718 (nec
830 651 928 702 tamma
951 643 1049 701 nnrnia
1070 642 1101 701 in
1124 661 1175 702 sco
1198 641 1364 702 inchoativa
1387 641 1465 720 sunt)
1488 651 1517 701 et
1539 661 1620 702 sem·

332 761 399 822 per,
428 741 498 802 dum
521 745 561 804 sit
582 742 760 812 derivativa,
792 745 897 804 tertiae
920 745 1138 820 coniugationis
1167 746 1231 804 freri
1260 747 1386 822 cogitur.
1430 743 1503 802 baec
1522 745 1620 803 forma

331 847 524 925 praeteritum
546 846 642 906 nescit
663 844 775 905 babere
796 855 915 924 tempus
944 846 1122 924 perfeetum.
1166 845 1238 924 quid
1260 848 1340 905 enim
1363 843 1449 904 simul
1472 853 1501 903 et
1521 844 1619 904 adbuc

331 948 463 1025 incipere
486 954 515 1042 qt
536 949 596 1007 iam
617 949 797 1026 praeterisse
820 947 955 1007 dicatur?
978 949 1053 1008 hane
1067 965 1186 1026 quoque
1208 948 1331 1006 formam
1347 956 1415 1006 sunt
1430 948 1480 1025 qni
1497 946 1642 1015 Graecis,

330 1049 508 1108 familiarem
534 1049 650 1117 dicant,
683 1049 857 1108 adserentes
889 1049 945 1108 boc
979 1067 1044 1110 esse
1071 1047 1271 1136 μελαίνεμαι
1298 1042 1354 1107 καὶ
1381 1047 1640 1126 &sepeliremus

331 1151 409 1230 quod
432 1159 477 1211 est
497 1152 635 1227 nigresco
657 1159 687 1209 et
709 1149 833 1210 calesco.
879 1151 931 1210 sed
960 1151 1037 1231 apud
1065 1148 1130 1210 illos
1158 1167 1276 1226 quoque
1298 1150 1393 1228 aliqua
1416 1149 1505 1209 buius
1526 1150 1618 1226 signi-

330 1253 476 1313 ficationis
504 1255 535 1311 in
558 1264 627 1311 σκω
650 1253 733 1311 exire
755 1251 953 1321 contendunt,
984 1249 1123 1312 τελίσκω
1145 1249 1298 1330 papicum
1319 1245 1492 1330 τιτρώσκει
1514 1243 1618 1329 γηρά-

332 1365 412 1414 σκω.
451 1348 599 1413 διδάσκω
622 1361 735 1423 autem,
759 1353 829 1414 lieet
851 1353 987 1414 eiusdem
1010 1354 1076 1413 finis
1098 1355 1147 1424 sit,
1171 1371 1259 1414 nemo
1282 1361 1380 1412 tamen
1402 1352 1569 1431 perfectum
1591 1359 1620 1410 ει

330 1474 390 1516 non
412 1455 613 1516 inchoativum
635 1473 700 1515 esse
722 1453 878 1517 dubitavit.
904 1453 907 1536 l

227 1600 317 1649 rtav.
415 1590 456 1650 lle
478 1592 703 1670 frequentativa.
741 1592 958 1670 frequentativa
981 1592 1076 1652 forma
1099 1589 1276 1671 compendio
1298 1589 1458 1650 latinitatis
1479 1587 1617 1667 obsequi·
1630 1607 1649 1643 u

332 1702 393 1762 tur,
417 1710 484 1753 cum
506 1710 566 1752 uno
587 1691 679 1752 verbo
701 1695 970 1771 frequentationem
986 1693 1251 1755 administrationis
1266 1693 1405 1753 ostendit.
1437 1692 1511 1751 haec
1524 1692 1619 1750 forma

330 1813 389 1855 rron
412 1813 572 1873 numquam
594 1813 653 1854 nno
675 1794 783 1872 gradu,
807 1813 866 1854 non
881 1814 1042 1875 numquam
1058 1795 1173 1857 duobus
1188 1795 1355 1864 derivatur,
1380 1801 1413 1852 ut
1435 1811 1511 1852 cauo
1533 1797 1619 1851 canto

330 1899 457 1967 carrtito;
480 1915 535 1956 nec
557 1903 656 1956 tamen
678 1905 722 1957 est
744 1899 775 1956 in
791 1896 1009 1976 posterioribus
1024 1899 1119 1958 maior
1141 1916 1227 1977 quam
1251 1900 1281 1957 in
1304 1893 1458 1976 prioribus
1480 1896 1618 1974 frequen·

331 2000 452 2058 tationis
475 1999 645 2076 expressio,
668 2000 745 2059 sicut
768 2017 822 2058 nec
844 2001 876 2059 in
893 2000 1078 2060 diminutivis
1094 1999 1241 2060 secundus
1263 1998 1375 2078 gradus
1397 1999 1495 2057 urinus
1518 1998 1618 2075 priore

331 2101 491 2178 significat,
520 2119 593 2160 anus
621 2099 708 2160 auula
736 2099 862 2161 anicula.
909 2109 1042 2163 sternuto
1069 2103 1320 2181 frequentativum
1350 2108 1396 2160 est
1423 2119 1439 2158 a
1462 2097 1617 2178 principali
1632 2117 1651 2152 u.-

331 2210 466 2263 sternuo:
490 2201 664 2280 Propertius

482 2319 665 2380 candidus
687 2329 867 2399 augustae
890 2323 1057 2382 sternuit
1079 2341 1181 2383 omen
1204 2323 1318 2382 Amor.

329 2439 412 2520 pulto
440 2448 510 2499 sunt
536 2441 589 2517 qui
612 2441 759 2517 accipiant
780 2458 835 2519 pro
857 2459 892 2500 eo
914 2439 993 2518 quod
1016 2449 1062 2502 est
1084 2437 1169 2519 pulso
1196 2450 1227 2500 et
1255 2433 1452 2520 ἄττικισμόν
1473 2439 1616 2518 quendam

329 2542 482 2602 latinitatis
505 2541 689 2610 existiment,
714 2549 746 2601 ut
768 2541 845 2620 apud
866 2539 934 2601 illos
955 2535 1113 2602 θάλασσα
1127 2537 1290 2621 θάλαττα,
1312 2536 1452 2601 milicem
1467 2533 1615 2599 πλάττει

330 2643 381 2702 sed
409 2643 525 2722 pultare
553 2651 598 2702 est
625 2661 712 2722 saepe
739 2641 872 2723 pulsare,
903 2645 979 2702 sicut
1002 2651 1129 2704 tractare
1153 2653 1197 2704 est
1220 2662 1308 2723 saepe
1330 2643 1461 2704 trabere.
1505 2649 1648 2700 cruciats

329 2747 577 2825 frequentativum
600 2753 645 2806 est
667 2765 683 2805 a
705 2745 865 2826 principali
887 2747 985 2824 erugit
1006 2764 1025 2801 a
1055 2745 1186 2825 ‘atquae
1209 2747 1293 2807 vis’.
1338 2753 1367 2807 et
1389 2753 1541 2822 grassatur
1563 2743 1635 2803 ite-'

330 2849 407 2907 ratio
422 2846 663 2924 estagraditur:
687 2845 842 2909 Sallustius
865 2848 960 2907 ‘cum
983 2848 1261 2908 inferiorornni
1278 2846 1612 2925 viagrassaretur’.

329 2956 399 3009 sunt
421 2949 565 3029 quaedam
592 2948 682 3009 liuius
709 2950 822 3011 formae
845 2952 910 3013 sine
933 2948 1097 3010 substantia
1126 2947 1313 3029 principalis,
1337 2948 1519 3027 cyathissare
1541 2953 1613 3025 tym-

329 3053 482 3131 panissare
511 3050 716 3111 crotalissare:
745 3060 815 3113 sunt
842 3070 918 3130 quae
946 3054 1041 3128 magis
1068 3070 1182 3113 moram
1203 3070 1290 3131 quam
1313 3052 1501 3111 iterationem
1524 3047 1613 3127 expli·

329 3161 412 3222 caut,
440 3152 676 3233 ‘hastamque
704 3161 877 3232 receptat
907 3154 1056 3215 ossibus
1078 3154 1321 3217 lraerenteur’.
1366 3152 1414 3213 bic
1437 3154 1516 3212 enim
1538 3151 1649 3210 reci-2³

329 3254 431 3335 piendi
454 3254 613 3316 difficultas
635 3255 691 3315 sub
714 3258 814 3334 specie
836 3256 1084 3335 frequentationis
1107 3256 1295 3337 exprimitur.
1340 3254 1416 3314 banc
1439 3256 1561 3313 formam
1582 3254 1613 3310 in

329 3359 448 3433 graecis
471 3357 570 3418 verbis
593 3358 727 3417 invenire
751 3376 809 3419 non
832 3360 926 3436 potui.
1500 3370 1507 3378 '

224 3515 271 3563 tur
286 3515 316 3566 v,
414 3490 457 3551 lle
480 3496 659 3573 usurpativa.
694 3495 769 3554 lranc
792 3494 911 3573 quidam
933 3494 1061 3572 gerundi
1083 3494 1200 3555 modum
1217 3492 1260 3553 rel
1283 3490 1488 3571 participalem
1504 3498 1611 3556 vocant,

329 3594 399 3673 quia
421 3594 512 3655 verba
533 3597 599 3655 eius
619 3613 714 3675 paene
734 3596 834 3655 omnia
855 3594 965 3657 similla
988 3597 1155 3675 participiis
1178 3602 1245 3655 suut
1268 3602 1299 3654 et
1319 3594 1380 3654 sola
1403 3592 1610 3671 significatione

329 3694 480 3755 distantia.
524 3716 592 3757 nam
620 3696 709 3757 ‘rado
736 3694 913 3758 salutatum’
941 3698 997 3759 boe
1019 3706 1065 3758 est
1088 3697 1189 3757 dicere
1211 3696 1303 3755 ‘rado
1325 3694 1472 3757 salutare'
1495 3701 1542 3753 aut
1562 3694 1645 3751 ‘ntae

328 3797 483 3883 salutem'.
528 3800 599 3857 item
626 3798 678 3859 ‘ad
706 3799 891 3861 salutandum
921 3804 973 3859 eo'
1003 3800 1192 3879 participium
1221 3816 1285 3857 esse
1314 3799 1374 3857 iam
1404 3798 1526 3865 desinit,
1554 3796 1609 3855 uisi

329 3899 476 3960 adieceris
503 3898 548 3959 vel
576 3898 725 3960 bominem
754 3902 799 3975 rel
827 3902 969 3963 amicum:
1003 3900 1058 3962 bac
1086 3902 1166 3960 enim
1194 3900 1360 3960 adiectione
1382 3898 1532 3977 participii
1553 3896 1608 3955 rim

329 3999 458 4070 tenebit;
482 4000 534 4061 sed
556 4008 641 4071 tnnc,
665 4020 733 4061 eum
755 4022 792 4063 ex
813 4002 906 4064 verbo
933 4011 978 4064 est
999 4000 1127 4063 habente
1149 4003 1295 4081 passivam
1318 4000 1556 4067 declinationem,
1577 4004 1609 4055 nt

329 4102 382 4162 ‘ad
406 4100 582 4163 videndum'
607 4103 660 4163 ‘ad
683 4102 897 4166 salutandum’.
935 4105 989 4165 ‘ad
1012 4103 1253 4165 declanrandum'
1277 4120 1347 4163 vero
1369 4120 1438 4163 curu
1459 4102 1531 4169 dico,
1552 4116 1607 4159 oon

296 4212 306 4235 ·
328 4221 449 4281 possum
474 4204 594 4265 adicere
615 4203 712 4274 illum,
741 4208 811 4285 quia
839 4206 989 4267 declamor
1011 4206 1135 4267 latinum
1157 4224 1216 4266 non
1239 4212 1293 4265 est.
1337 4204 1413 4265 haec
1435 4204 1524 4265 forma
1545 4199 1605 4261 lati-
1621 4216 1645 4256 as

396 4460 529 4521 (iquoque
544 4474 592 4509 ona.
605 4459 636 4519 P,
654 4459 716 4510 add.
734 4475 792 4508 ente.
806 4458 871 4511 sot.
942 4460 1102 4523 'lyaeum
1119 4460 1143 4509 P
1210 4458 1370 4510 ildubitubit
1386 4458 1514 4508 Pantanus
1573 4454 1604 4499 15

330 4522 417 4589 anulo]
437 4526 551 4576 anilluP
618 4526 649 4576 16
669 4523 828 4593 Propertius]
852 4529 888 4588 lt,
906 4530 934 4585 3,
952 4528 985 4577 ut
1053 4530 1084 4577 *21
1106 4530 1198 4579 lacuna
1214 4543 1288 4593 qum
1304 4528 1415 4576 indicaui
1430 4524 1523 4575 cecidit
1536 4520 1605 4585 prior

326 4609 497 4657 paraverant
514 4594 636 4655 Eumeni,
654 4598 796 4660 quitatio
813 4611 870 4649 τωο.
888 4594 954 4645 Bnb.
974 4612 1002 4661 p.
1021 4597 1068 4645 173
1085 4611 1101 4645 u
1122 4596 1198 4645 verbo
1220 4594 1310 4657 eregit,
1333 4594 1429 4643 Ennius
1452 4588 1604 4651 ‘contempsit

329 4662 413 4711 fontes
425 4663 517 4725 qulbus
530 4663 647 4726 exerugit
658 4678 739 4725 aquae
752 4664 812 4714 vio'.
835 4664 904 4713 unde
921 4664 1003 4727 erugit
1015 4664 1112 4713 Ennius
1129 4664 1226 4727 ‘erupit
1237 4677 1303 4725 aque
1314 4663 1367 4711 vis'
1380 4662 1485 4712 corderii
1498 4657 1601 4712 naun.

328 4731 411 4791 eregit
422 4731 519 4780 Ennius
532 4731 665 4796 ‘exerngit
675 4746 757 4794 aquae
769 4732 822 4781 vis¹
835 4731 918 4781 Ianam
969 4734 1001 4781 22
1018 4726 1087 4797 oum]
1102 4731 1161 4780 dum
1174 4746 1208 4781 ex
1220 4732 1307 4781 codice
1319 4724 1602 4779 praeelectionem

329 4797 435 4847 Solimi.
453 4800 548 4861 fropm.
565 4816 591 4862 p.
611 4802 662 4849 204
679 4802 719 4850 ed.
739 4800 817 4851 Anto.
836 4816 861 4847 a.
886 4801 964 4858 1579,
988 4816 1059 4863 quem
1080 4800 1173 4864 reliqui
1194 4800 1307 4849 eduam
1328 4796 1443 4847 Sallustii
1461 4795 1537 4846 semri
1548 4796 1601 4840 m?

379 4868 448 4915 omni
460 4868 485 4914 vi
496 4869 604 4916 ronioeii
618 4868 704 4917 Douzo
714 4868 740 4917 in
752 4868 816 4918 Suu.
827 4869 864 4930 fr.
878 4884 904 4927 p.
919 4870 964 4917 tlt
979 4868 1020 4921 ed.
1033 4868 1146 4920 Haerere.
1197 4866 1381 4930 esequissero
1394 4865 1420 4915 P
1458 4860 1600 4914 ibbasum-

329 4930 388 5000 que]
408 4933 666 4998 Ver9.Aen.X383
734 4935 886 4986 28modiP
