3525 5600
345 381 409 446 222
916 385 1070 448 ΡΟΜΡΕΠ

369 505 392 548 p.
405 493 496 536 282-84
509 491 532 534 1.

344 573 395 636 sed
418 581 517 636 tanmn
540 573 688 652 recipiunt
710 579 825 653 tempus
846 573 1025 654 perlectum.
1068 591 1193 636 senesce
1214 575 1286 635 lacit
1306 575 1402 644 senui,
1426 575 1544 654 quiesco
1564 575 1625 637 lacit

345 677 451 754 quievi.
498 693 565 738 oum
599 691 670 754 ergo
697 675 843 756 recipiant
870 681 989 755 tempus
1016 675 1198 756 perlectum,
1227 694 1350 738 necesse
1377 684 1423 738 est
1443 685 1476 738 ut
1496 695 1555 738 non
1576 679 1625 739 sint

343 778 543 848 inchoativae,
568 776 621 838 sed
643 779 702 846 sint
723 780 821 858 potius
842 777 1003 859 perfectae.
1048 778 1101 840 sed
1123 779 1149 840 si
1171 797 1274 841 verum
1297 796 1432 860 quaeras,
1455 778 1624 841 inchoativae

342 887 420 942 sunt.
470 879 628 942 redeamus
656 878 873 961 adantiquum
900 878 1059 942 lectionem
1088 887 1118 941 et
1144 882 1329 944 inveniemus
1357 899 1424 944 esse
1442 881 1624 951 .inchoativa;

342 983 396 1045 sed
423 983 512 1044 modo
540 984 583 1043 sic
608 979 611 1064 l
634 983 707 1062 ipsis
735 983 861 1053 utimur,
894 984 978 1064 quasi
1005 985 1075 1046 sint·
1095 984 1238 1063 perlecta.
1288 983 1365 1064 apud
1399 983 1527 1046 maiores
1557 986 1644 1045 enims

342 1093 459 1152 nostros
487 1082 675 1146 habebantur
701 1083 879 1155 inchoativa;
911 1083 1048 1147 dicebant
1075 1087 1163 1167 quieo
1192 1094 1223 1147 et
1248 1102 1350 1148 seneo.
1394 1085 1476 1148 unde
1502 1095 1532 1148 et
1552 1105 1625 1148 oneo.

341 1186 467 1268 legimus
490 1189 569 1250 enim
592 1193 680 1248 ‘onst
701 1184 778 1256 ille’,
801 1185 830 1247 id
860 1193 906 1247 est
928 1187 1010 1267 quasi
1037 1185 1152 1250 anicula
1182 1189 1400 1250 contremescit.
1444 1175 1523 1251 unde
1549 1191 1625 1250 etiam

342 1298 443 1352 anates
464 1289 613 1358 dicuntur,
636 1287 716 1370 quod
737 1290 769 1350 in
790 1290 902 1369 frigore
923 1307 1044 1369 semper
1065 1291 1164 1351 vivant
1185 1298 1215 1351 et
1236 1297 1381 1374 tremant:
1402 1293 1435 1352 iu
1461 1309 1535 1372 aqua
1557 1293 1625 1352 enin

341 1394 450 1454 vivunt.
497 1409 567 1470 ergo
588 1393 755 1453 invenimus
778 1392 862 1453 istam
886 1393 979 1454 luisse
1000 1391 1170 1464 lectionem,
1194 1399 1227 1454 ut
1248 1392 1384 1456 dicerent
1405 1412 1480 1456 aneo
1496 1403 1526 1456 et
1547 1395 1625 1474 quiec
1710 1376 1711 1469 l

343 1501 372 1554 et
394 1512 495 1556 senso.
531 1493 583 1556 sed
607 1493 696 1556 verba
717 1495 782 1574 ipsa
804 1493 920 1556 sublata
941 1500 1011 1556 sunt
1032 1494 1070 1556 de
1091 1514 1157 1567 usu,
1183 1502 1212 1556 et
1233 1503 1442 1557 remanserunt
1462 1504 1562 1577 partes
1581 1495 1654 1556 ali-o
1710 1572 1712 1577 .

343 1596 479 1677 quaede
500 1596 596 1658 torma
618 1595 798 1667 inchoativa,
827 1605 929 1677 partes
950 1595 1065 1677 aliquae
1092 1595 1130 1658 de
1158 1597 1252 1658 lorma
1279 1598 1421 1678 perlecta.
1466 1597 1545 1679 quod
1566 1615 1626 1676 ergo

342 1698 468 1760 dicimus
495 1700 593 1780 quievi
621 1700 722 1770 senui,
751 1705 846 1760 totum
874 1698 933 1760 hoc
956 1698 993 1760 de
1020 1699 1153 1779 perlecta
1180 1706 1235 1761 est.
1279 1701 1346 1780 quia
1368 1700 1495 1762 dicimus
1517 1701 1627 1781 quiesco

341 1819 474 1872 senesce,
496 1808 594 1880 partes
616 1807 685 1862 sunt
705 1799 900 1862 inchoativae.
932 1817 1005 1880 ergo
1027 1802 1126 1881 partes
1141 1808 1211 1862 sunt
1232 1808 1388 1882 quattuor;
1411 1803 1449 1864 ah
1470 1802 1626 1864 inchoativa
1671 1827 1674 1836 ·

343 1911 445 1984 partes
468 1901 544 1964 duae
567 1911 645 1974 sunt,
670 1923 687 1966 a
709 1905 841 1984 perlecta
863 1903 958 1964 lorma
980 1902 1068 1965 duae.

195 2014 198 2023 ·
224 2015 284 2072 tte,
298 2014 330 2064 14
425 2006 491 2079 Quo
514 2004 602 2066 modo
617 2006 748 2087 quinque
763 2012 832 2068 sunt
846 2005 1000 2068 nonrinmn
1015 2004 1237 2082 declinationes,
1260 2008 1300 2068 ita
1316 2013 1378 2068 tres
1391 2015 1462 2068 sunt
1475 2005 1625 2068 verborum
1635 2023 1654 2061 u

224 2083 282 2144 ⁵⁰⁶’
297 2083 329 2132 19
342 2108 573 2186 coniugationes.
604 2126 672 2169 nem
693 2108 831 2187 quemad
853 2107 975 2170 modum
997 2127 1053 2188 per
1073 2107 1139 2170 illas
1161 2110 1292 2190 quinque
1308 2107 1523 2171 declinationes
1537 2111 1626 2170 omnio
1710 2182 1711 2201 Χ

342 2211 460 2272 nomina
473 2208 675 2285 declinamus,
699 2217 730 2270 ut
752 2210 889 2283 diximus,
912 2212 956 2272 sic
978 2210 1071 2273 verha
1093 2213 1193 2272 omnia
1219 2231 1237 2272 a
1262 2210 1358 2274 trihus
1381 2210 1628 2290 coniugationibus

342 2311 538 2384 declinamus,
567 2331 623 2374 nec
652 2311 789 2393 amplius.
834 2331 906 2391 ergo
933 2313 1007 2374 istae
1036 2315 1261 2393 coniugationes
1288 2314 1372 2394 quasi
1401 2313 1545 2391 quaedam
1567 2319 1629 2374 sunt
1710 2346 1711 2411 t

340 2415 461 2494 regulae
484 2421 513 2477 et
534 2415 652 2496 quidam
675 2416 748 2476 lines
768 2414 999 2476 declinationum
1015 2415 1095 2477 circa
1108 2415 1208 2477 verba.
1238 2424 1308 2478 sunt
1322 2421 1420 2477 sutem
1434 2417 1516 2496 ipsae
1531 2415 1627 2476 coniu-
1710 2434 1711 2499 ἦ

339 2519 473 2596 gationes
495 2525 565 2590 tres,
591 2516 595 2601 l
618 2517 809 2578 inveniuntur
830 2518 862 2577 in
885 2518 1015 2598 quinque
1043 2516 1145 2579 rebus.
1190 2518 1299 2578 sinna
1326 2516 1472 2586 deluerit,
1501 2534 1563 2578 non
1589 2524 1657 2577 esto
1710 2516 1711 2601 l

339 2621 454 2699 integra
484 2621 559 2680 ratio
587 2620 810 2699 coniugationis.
859 2619 978 2697 quando
1005 2621 1049 2682 vis
1076 2621 1210 2682 invenire
1237 2620 1475 2699 coniugationes‚
1504 2621 1629 2699 quinque
1710 2604 1711 2609 ἵ

338 2739 387 2783 res
409 2722 545 2800 require;
575 2723 600 2786 si
622 2741 680 2784 una
704 2722 847 2792 deluerit,
872 2741 932 2783 non
955 2723 1012 2784 erit
1033 2723 1149 2803 integra
1171 2719 1343 2792 declinatio,
1367 2739 1424 2782 nec
1444 2722 1629 2801 cognoscitur
1710 2718 1711 2802 q

339 2842 415 2905 quae
438 2826 484 2895 sit,
509 2826 564 2887 nisi
586 2843 690 2889 omnes
713 2829 842 2907 quinque
864 2845 913 2889 res
935 2824 1189 2887 animadverteris.
1229 2824 1322 2887 dehes
1344 2842 1491 2905 quaerere
1505 2824 1630 2885 modurn
1710 2831 1711 2906 t

339 2936 456 3007 tempus
478 2944 636 2989 nnmerum
658 2946 815 3009 personam
839 2936 867 2991 et
890 2930 1000 2991 exitum
1023 2926 1210 3009 syllabarum.
1239 2927 1315 2989 istae
1337 2934 1409 2988 sunt
1428 2926 1562 3008 quinqrm
1575 2944 1628 2995 res,
1710 2921 1711 2976 l

339 3048 414 3109 quae
434 3030 465 3090 in
481 3030 690 3107 coniugatione
712 3034 926 3111 requiruntur;
949 3029 1041 3093 debes
1062 3030 1184 3093 modum
1206 3047 1367 3111 quaerere,
1391 3028 1483 3091 debes
1503 3037 1659 3110 tempusa
1710 3073 1711 3122 4

338 3130 429 3193 debes
451 3149 619 3204 numerum,
642 3131 751 3195 deinde
772 3151 941 3213 personam,
963 3132 1035 3193 inde
1057 3134 1168 3195 exitum
1182 3130 1498 3214 'syllabarum.·quem
1512 3131 1630 3193 modum
1710 3145 1711 3226 q

327 3233 485 3311 requiris?
507 3233 707 3296 indicativum.
752 3237 850 3297 omnis
872 3235 1039 3314 coniugatio
1066 3253 1127 3295 non
1153 3234 1185 3295 in
1206 3235 1396 3314 imperativo,
1426 3252 1487 3296 non
1508 3236 1541 3296 in
1564 3253 1629 3295 con·
1710 3235 1711 3294 ζ

338 3336 466 3397 iunctivo
488 3337 647 3407 invenitur,
670 3335 722 3398 sed
745 3339 776 3399 in
798 3337 966 3399 indicativo.
1012 3336 1119 3399 deinde
1145 3337 1296 3398 invenitur
1323 3337 1356 3397 in
1381 3339 1534 3415 praesenti
1559 3348 1629 3398 tem·
1710 3335 1711 3402 f

337 3455 426 3518 pore;
460 3439 610 3500 invenitur
636 3440 668 3499 in
695 3457 821 3501 numero
848 3438 1005 3518 singulari;
1039 3440 1187 3499 invenitur
1212 3442 1245 3501 in
1272 3436 1403 3499 secunda
1430 3456 1575 3518 persona,
1600 3439 1630 3497 in
1710 3511 1711 3526 ἶ

337 3540 432 3619 primo
455 3558 617 3621 numquam
639 3542 782 3621 requiras.
815 3547 1033 3623 temptaverunt
1054 3559 1114 3603 non
1137 3539 1210 3602 nulli
1231 3541 1371 3621 quoniam
1392 3540 1486 3619 possit
1507 3540 1660 3601 inveniris

338 3653 367 3705 ct
388 3644 419 3703 in
441 3643 538 3721 prima
560 3649 590 3704 et
617 3644 648 3703 in
670 3643 799 3705 secunda
820 3662 958 3725 persona.
1003 3642 1109 3706 lalsum
1137 3649 1196 3712 est;
1224 3643 1257 3703 in
1283 3640 1415 3705 secunda
1443 3648 1489 3702 est
1509 3648 1628 3708 unum

337 3763 397 3805 non
420 3746 529 3825 poterit
549 3745 675 3805 inveniri
696 3746 727 3806 iu
749 3746 845 3826 prima
865 3764 1004 3827 persona.
1041 3744 1148 3806 deinde
1169 3745 1290 3824 require
1313 3745 1434 3805 exitum.
1473 3743 1572 3806 exitus
1590 3745 1630 3804 sic

336 3848 512 3925 requiritur,
541 3854 641 3908 utrum
670 3848 839 3927 coniugatio
867 3855 936 3910 ante
956 3847 1071 3909 litteras
1092 3847 1144 3916 sit,
1173 3865 1210 3908 an
1238 3853 1307 3908 ante
1328 3843 1466 3926 syllabas.
1510 3864 1581 3907 nom
1600 3846 1629 3904 in

336 3950 438 4011 activis
461 3950 542 4010 etin
565 3947 748 4011 neutralibus
770 3958 838 4011 ante
860 3948 983 4021 litteras,
1006 3952 1036 4011 in
1058 3950 1183 4029 passivis
1197 3946 1406 4010 communibus
1428 3954 1459 4008 et
1480 3946 1629 4028 deponen-

336 4051 415 4113 tibus
443 4059 511 4113 ante
537 4049 671 4141 syllabas.
716 4070 826 4130 genera
856 4054 935 4113 enim
957 4050 1115 4114 verborum
1143 4052 1274 4132 quinque
1300 4057 1371 4112 sunt
1395 4056 1510 4111 tantum
1531 4048 1627 4110 modo.
1640 4061 1661 4103 ³⁵

336 4153 410 4215 haec
432 4155 564 4233 quinque
586 4170 696 4232 genera
718 4155 749 4215 in
771 4153 844 4216 duas
866 4152 1048 4234 colliguntur
1069 4162 1179 4233 partes.
1210 4170 1278 4215 nam
1300 4154 1428 4215 activum
1450 4160 1481 4213 et
1495 4150 1630 4213 neutrolc

406 4463 498 4512 2cum
520 4474 580 4529 ergo
598 4461 723 4527 recipiant
738 4460 812 4513 nea
831 4476 889 4511 cnm
910 4477 973 4529 ergo
992 4462 1118 4527 recipiunt
1136 4461 1160 4510 A
1229 4458 1392 4519 hhubehent
1409 4457 1494 4509 ABG
1562 4457 1629 4507 dice-

336 4533 397 4584 bont
412 4530 469 4581 AB
491 4540 515 4582 et
536 4532 655 4583 dicehont
670 4530 711 4583 (lb
782 4532 849 4581 unde
869 4546 934 4582 oneo
953 4531 995 4583 A:
1019 4532 1088 4595 quod
1108 4530 1225 4581 dicebant
1249 4530 1346 4594 antiqui
1369 4528 1444 4591 quieo
1466 4537 1492 4577 et
1508 4542 1588 4579 aeneo
1606 4534 1630 4577 et

337 4603 396 4653 inde
418 4602 523 4665 quiesco
540 4616 645 4652 senesoo
658 4604 685 4651 in
702 4616 782 4666 marp.
802 4618 835 4653 a:
850 4602 885 4665 cs.
906 4602 1009 4655 Giedoa.
1024 4618 1053 4665 p.
1069 4600 1136 4653 1911
1219 4600 1236 4650 'l
1259 4608 1318 4649 anet
1339 4599 1382 4649 ille
1396 4597 1453 4647 AB
1477 4605 1537 4648 anet
1559 4597 1632 4647 ileO

337 4682 396 4723 erret
414 4671 457 4722 illa
472 4688 489 4721 a
541 4672 713 4724 contremiscit
727 4672 752 4722 A
806 4671 839 4724 19
854 4670 969 4733 sortasse
984 4673 1052 4722 circe
1066 4670 1146 4721 verba
1164 4678 1233 4734 sunt,
1249 4670 1419 4736 ipsaeautem
1435 4669 1630 4734 coniugatione·

404 4744 439 4793 22
454 4742 555 4806 require
572 4740 662 4794 nna*
682 4756 789 4807 sequere
804 4742 830 4791 A
882 4744 916 4793 ²5
934 4741 1012 4792 debes
1032 4742 1136 4792 modum
1152 4741 1177 4792 A
1194 4740 1273 4792 debes
1292 4754 1355 4807 ergo
1373 4738 1476 4789 modum
1495 4738 1572 4790 noa

336 4812 371 4863 26
389 4812 480 4863 deinde
494 4826 629 4877 personam
648 4813 673 4862 A
688 4812 747 4862 inde
766 4825 901 4876 personam
920 4811 994 4861 nco
1045 4812 1131 4862 exitus
1147 4810 1232 4861 ABG
1288 4808 1503 4873 quemadmodum
1519 4807 1630 4872 requiris

337 4883 376 4947 (in
396 4882 457 4933 odd.
479 4882 534 4947 Ob)
551 4884 718 4933 indicetiuum
736 4881 820 4932 Aac
889 4881 923 4933 29
939 4882 1068 4932 inuenitur
1085 4896 1207 4931 numerus
1226 4882 1252 4929 in
1270 4880 1396 4947 singulari
1414 4879 1440 4927 A
