3525 5600
745 402 815 464 tus
867 449 872 460 .
1390 403 1432 466 53

1237 525 1257 565 p.
1274 515 1331 556 roco.
1348 515 1371 554 ro
1385 512 1407 552 r.

144 592 194 651 bic
215 589 372 652 inflexit
394 595 554 652 sensus'.
573 589 578 668 Ι
598 625 639 634 —-
661 589 732 651 ldeo
753 590 785 650 iu
799 591 941 670 singulari
957 609 1080 652 numero
1095 593 1190 671 prima
1206 611 1332 672 persona
1347 612 1432 654 voca-
1444 605 1502 667 380,
1514 606 1545 656 27

144 697 228 755 tirum
251 713 313 754 non
335 693 440 762 babet,
463 696 532 773 quia
548 694 659 773 ipsese
675 700 869 754 nemorocat.
889 729 926 738 -
950 694 991 752 Vt
1013 711 1138 755 eccum
1161 713 1298 765 eccam,
1324 692 1474 756 ellumar

144 795 265 866 ellam,
290 797 397 856 cuius
417 797 502 857 cuia
524 797 646 857 cuium
668 796 819 856 cuiatis:
842 797 898 856 ista
922 797 1020 856 emnia
1043 793 1177 856 anomala
1199 803 1281 866 sunt,
1305 796 1431 856 nonde·

142 899 296 960 elinantur.
319 917 388 958 uam
411 899 550 959 ‘cuium
573 904 703 978 pecus'
727 899 887 960 auctoritas
902 901 1107 979 praesumpsit
1125 934 1164 943 —
1181 897 1224 959 Et
1246 899 1429 968 vocativo,
1443 913 1476 960 aa

120 1009 172 1062 snt
192 1003 266 1063 sui:
282 1001 458 1066 ,notandum
482 1019 519 1062 ne
541 1002 596 1063 ista
618 1002 795 1081 pronomina
818 1001 901 1079 quasi
923 997 1085 1080 possessiva
1107 999 1325 1079 intellegantur.
1364 1017 1431 1080 pos·

140 1105 279 1164 sessivum
293 1105 335 1164 ita
357 1102 537 1172 declinatur,
561 1122 634 1164 suus
655 1103 700 1164 sui
722 1121 777 1165 suo
799 1122 886 1164 suum
909 1121 995 1168 osne
1017 1121 1034 1164 a
1056 1121 1123 1170 suo:
1148 1102 1205 1163 hoc
1227 1121 1297 1163 vcro
1320 1103 1357 1162 ita
1381 1101 1430 1163 dc·

141 1206 280 1276 clinatur,
303 1207 351 1267 sui
372 1205 430 1266 sibi
452 1223 485 1266 se
506 1212 537 1266 et
557 1225 632 1270 ase.
669 1205 722 1266 sed
746 1205 825 1275 ride,
849 1212 991 1284 quantum
1014 1204 1162 1284 discrepat
1182 1205 1260 1264 inter
1282 1202 1340 1264 hoe
1362 1221 1430 1282 pro·

141 1327 243 1368 nomen
268 1317 297 1368 et
311 1309 528 1388 possessivum:
552 1307 609 1368 hoc
623 1309 663 1368 ita
678 1307 837 1369 dicendum
853 1316 912 1376 est,
937 1308 1002 1368 ‘sui
1018 1324 1104 1368 causa
1121 1305 1217 1375 lacit',
1242 1305 1309 1367 dico
1325 1312 1355 1366 et
1370 1307 1428 1366 ‘sui
1500 1385 1502 1390 ἲ

139 1428 220 1472 causa
242 1411 412 1478 lecerunt';
440 1409 553 1470 idcireo
576 1418 605 1470 et
633 1411 798 1471 communis
819 1419 864 1471 ast
889 1411 1016 1471 numeri.
1032 1409 1170 1469 -lnter
1186 1426 1290 1470 omnes
1306 1415 1526 1482 ettotos381,u

75 1529 79 1546 ¹
110 1529 129 1566 n
138 1509 202 1592 quid
224 1513 370 1574 interest?
393 1513 490 1573 omnis
511 1521 610 1592 potest
631 1531 697 1574 esse
718 1531 785 1574 cum
808 1511 923 1581 multis;
948 1517 1025 1572 totus
1047 1517 1144 1590 potest
1165 1509 1244 1572 solus
1267 1529 1340 1572 esse.
1372 1509 1429 1592 [di-

139 1623 204 1674 cunt
224 1613 278 1674 alii
299 1616 399 1676 lacere
421 1615 471 1675 hic
492 1622 599 1677 neuter
619 1613 707 1676 buius
725 1615 730 1693 1
750 1613 875 1695 neutri]

215 1716 323 1777 lnter
344 1718 565 1797 pronomina
593 1723 627 1778 et
654 1717 839 1778 articulos
866 1716 935 1777 boc
962 1717 1138 1776 interest:
1167 1717 1343 1796 pronomina
1366 1715 1457 1778 sola4

139 1817 329 1880 declinantur.
367 1817 508 1880 articulos
522 1819 628 1881 Graeci
643 1821 673 1880 in
690 1818 860 1880 nominibus
874 1819 1001 1887 babent,
1019 1837 1075 1878 nos
1089 1819 1119 1879 in
1135 1815 1369 1897 pronominibus.
1400 1823 1430 1877 et

139 1920 251 1982 articuli
274 1929 337 1982 tres
358 1923 589 2000 significationes
612 1921 737 1990 babent:
770 1929 800 1982 et
826 1921 1001 2000 pronomina
1031 1921 1170 1982 dicuntur
1199 1927 1229 1980 et
1255 1918 1371 1980 articuli
1400 1925 1429 1979 ct

110 2023 414 2084 rademonstratioues.
431 2059 471 2068 -
488 2025 711 2085 Pronomina
729 2042 768 2084 ea
783 2031 979 2104 putantur,
1003 2041 1094 2103 quac
1107 2018 1123 2105 ΙΙ
1138 2039 1218 2082 curn
1234 2021 1312 2082 sola
1329 2027 1425 2082 sunt:

137 2125 184 2184 sed
206 2132 278 2186 tunc
300 2126 369 2186 dico
391 2145 456 2187 esse
477 2130 667 2207 pronomina,
698 2146 767 2188 cum
790 2132 895 2186 carent
916 2125 1064 2195 articulis;
1091 2123 1185 2185 sicubi
1208 2141 1275 2184 cum
1298 2121 1428 2184 articulis

137 2229 243 2289 luerint
265 2227 427 2299 declinata,
452 2231 572 2290 nomina
594 2228 793 2310 nuncupanda
814 2236 894 2290 suut.
916 2260 957 2270 -
979 2226 1141 2307 Vterque
1169 2231 1257 2286 sunt
1279 2227 1339 2304 qui
1362 2240 1456 2287 oo·9

137 2331 241 2400 mina,
272 2339 359 2392 sunt
388 2334 449 2411 qui
477 2332 694 2412 pronomina
722 2331 952 2392 existiment:
987 2330 1055 2409 quia
1078 2347 1138 2389 nou
1159 2328 1230 2389 iacit
1251 2325 1299 2387 hic
1323 2335 1427 2388 neuter

137 2431 218 2511 huius
241 2435 358 2503 neutri,
381 2435 458 2494 sir-ut
480 2435 578 2494 omnis
600 2434 643 2493 sic
665 2431 773 2494 dubiae
794 2431 932 2493 simililer
953 2449 1118 2510 pronomen
1141 2430 1165 2490 si
1188 2427 1426 2506 articulossacci·

106 2551 126 2589 ,o
136 2536 176 2614 pit
195 2554 306 2597 nomen
330 2545 388 2606 est,
413 2535 460 2596 bic
481 2542 601 2604 nentem
625 2539 654 2598 si
672 2552 731 2595 non
754 2537 879 2612 accipit,
909 2535 941 2594 lit
967 2549 1132 2613 pronomen
1162 2529 1228 2611 [sed
1251 2531 1316 2608 quis
1337 2539 1428 2610 ponat

137 2635 344 2719 articulumi]:
367 2640 408 2699 ita
431 2645 460 2698 ct
481 2657 594 2699 omnes.
624 2656 682 2699 oon
705 2637 843 2698 omnibus
865 2634 1092 2716 pronominibus
1114 2634 1275 2711 iunguntur
1290 2629 1425 2712 articulil

137 2758 200 2801 uam
222 2757 311 2801 nemo
336 2739 409 2801 dicit
430 2739 479 2801 bic
499 2742 525 2802 is
547 2739 671 2802 ethaeo
694 2758 728 2802 ca
751 2748 781 2801 et
801 2739 859 2801 boc
881 2737 921 2801 id.
944 2771 986 2782 -
1001 2737 1059 2798 Pro
1075 2734 1207 2797 articulis
1224 2742 1293 2794 tunc
1309 2749 1454 2815 pondu-4

138 2852 189 2912 tur,
214 2840 337 2921 quando
358 2845 562 2925 corripiuntur
584 2852 614 2903 et
635 2842 805 2905 nominibus
827 2844 925 2904 iuncta
948 2841 1073 2909 luerint;
1097 2858 1151 2920 pro
1174 2837 1426 2899 demonstratione

137 2952 217 3013 tunc,
252 2944 373 3024 quaudo
406 2946 613 3025 producuntur
641 2955 670 3006 ct
697 2944 835 3006 adverbia
864 2946 977 3005 iaciunt
1005 2941 1072 3002 loci.
1095 2972 1137 2985 -
1159 2938 1235 3001 lstac
1264 2937 1454 3018 particulacn

106 3066 125 3101 ες.
138 3046 239 3107 dubiae
255 3053 340 3118 sunt,
362 3054 462 3109 utrum
477 3049 652 3127 pronomina
667 3049 728 3109 sint
740 3066 778 3109 an
794 3048 923 3108 nomina.
963 3044 1040 3107 unde
1056 3044 1149 3122 magis
1164 3042 1284 3102 nomina
1298 3041 1424 3101 dicenda

136 3155 214 3217 suot,
238 3150 308 3226 quia
331 3150 497 3228 iunguntur
517 3149 565 3211 bis
587 3150 719 3221 articuli,
750 3151 827 3211 sieut
849 3148 987 3210 omnibus
1010 3143 1180 3207 nominibus
1203 3144 1310 3204 etrite
1333 3142 1422 3203 decli·

97 3318 100 3323 ,
137 3258 257 3321 uantur,
280 3250 312 3311 id
336 3259 382 3311 est
403 3259 510 3313 neuter
532 3258 600 3312 uter
622 3253 719 3313 omnis
740 3251 815 3314 alter
838 3250 912 3313 alius
933 3249 1021 3311 ambo
1044 3256 1180 3325 uterque.

676 3423 726 3485 uu
748 3423 873 3485 VERBO

214 3539 346 3600 Verbum
369 3539 481 3601 dictum
504 3560 521 3601 a
542 3541 698 3603 verberato
719 3548 804 3614 aere,
828 3542 907 3621 quod
924 3548 1005 3602 motu
1021 3540 1054 3599 dt
1068 3538 1200 3616 linguae,
1223 3536 1275 3596 sed
1298 3542 1326 3596 et
1348 3534 1422 3596 aliae

105 3648 229 3719 spartes
250 3644 293 3701 sic
316 3645 399 3703 liunt.
438 3642 491 3703 sed
518 3642 586 3704 idco
615 3645 688 3705 baec
709 3664 778 3725 pars
799 3647 842 3705 sic
865 3644 974 3705 dicitur
996 3642 1130 3721 proprie,
1160 3640 1229 3719 quia
1250 3637 1422 3717 principalis

137 3748 177 3803 est
196 3751 226 3804 et
240 3742 310 3804 lacit
332 3744 539 3808 elocutionem.
558 3778 602 3791 —
624 3745 755 3820 Qualitas
776 3748 807 3807 in
831 3746 927 3807 modis
949 3754 979 3807 ct
1000 3746 1030 3805 in
1053 3742 1169 3803 lormis:
1200 3740 1369 3818 coniugatio
1391 3740 1421 3799 in

198 3984 259 4038 cod.
274 3984 355 4035 Bern.
372 3986 442 4035 Vllll
460 3982 565 4037 2—a*.
618 3986 635 4035 2
651 3998 679 4036 ur
695 3996 778 4037 etcum
797 3987 896 4037 etculus
913 3992 995 4035 etcum
1013 3984 1104 4035 cuiatis
1117 3992 1202 4030 ereum
1223 3977 1302 4041 (corr.
1321 3978 1421 4043 eccum)

137 4055 210 4103 uenia
228 4055 310 4105 etcuia
328 4054 405 4104 ellum
422 4056 497 4106 ellam
516 4058 627 4108 ctruium
642 4057 732 4107 curiatis
752 4059 800 4106 istu
869 4053 978 4123 dauns]
997 4068 1041 4105 sus
1095 4046 1184 4115 osuc]
1200 4062 1279 4098 aueo
1334 4048 1421 4099 20hie

137 4132 219 4174 neuter
237 4124 264 4173 ut
279 4140 330 4175 nou
348 4140 487 4189 pronomen
557 4128 591 4175 22
610 4126 658 4175 bric
675 4126 716 4176 his
729 4135 753 4176 et
770 4128 833 4177 hacc
848 4141 897 4175 ceo
915 4136 940 4176 et
957 4126 1005 4176 boc
1023 4126 1051 4175 id
1101 4122 1136 4174 23
1153 4120 1350 4169 demostrntioue

137 4193 167 4242 22
183 4193 359 4245 luciautcorr.
374 4204 433 4245 -uut
493 4196 527 4248 26
541 4196 582 4246 bis
596 4196 713 4247 articulis
772 4198 806 4246 ⁴27
824 4194 891 4262 uter]
907 4206 1012 4262 uterque
1066 4198 1152 4247 ambas
1207 4187 1242 4237 ²9
1260 4190 1418 4239 uerbowtr·

137 4265 244 4317 ulnam
262 4265 370 4315 uerbum
440 4274 511 4317 mutu
529 4281 598 4317 cerr.
617 4269 652 4317 al.
671 4282 736 4320 man.
757 4275 826 4317 motu
896 4266 930 4318 30
948 4266 1067 4333 propriae
1135 4264 1168 4315 31
1187 4256 1299 4324 l80l1]fl

197 4489 316 4539 ⁴leuium
334 4486 425 4557 pecua]
451 4490 530 4556 Verp.
550 4488 631 4542 bucol.
651 4489 705 4553 3,r
776 4488 876 4539 9intcr
895 4491 978 4539 omnis
997 4498 1021 4540 et
1041 4498 1107 4543 totus
1124 4490 1258 4541 Putccdiaa
1329 4488 1362 4540 10
1380 4488 1419 4537 di-

140 4566 230 4606 cuut—
241 4561 321 4609 neutri
339 4560 378 4610 ad
389 4575 421 4610 ca
437 4576 502 4625 qnae
517 4560 587 4623 basra
605 4576 629 4613 o.
642 4562 674 4611 18
692 4560 725 4610 de
744 4560 825 4610 dubita
839 4559 1024 4624 pronominibus
1042 4564 1137 4625 scriptu
1151 4570 1209 4612 aaut
1225 4561 1346 4610 adnotato
1364 4574 1419 4610 esse

138 4627 246 4678 ridentur
315 4630 349 4680 12
368 4632 481 4693 [macae
503 4632 655 4697 pronomina
672 4630 728 4680 sola
753 4630 927 4692 declinantur,
954 4630 1052 4680 articuli
1071 4631 1214 4681 nominibus
1232 4631 1416 4697 adiunguntur.

140 4698 250 4749 articulos
267 4708 315 4750 etc.
387 4699 421 4751 18
439 4700 555 4751 dicam
570 4703 785 4767 praarrnatieonen
804 4703 949 4762 amentiae,
968 4714 1020 4748 curu
1041 4700 1163 4751 uliilaee
1181 4700 1316 4766 dequibus
1334 4700 1419 4765 rapitur

140 4772 309 4821 mordeatis
324 4770 448 4821 meamet
461 4772 583 4834 dicerem,
599 4774 647 4822 ulii
663 4778 787 4837 reparent
808 4772 931 4833 confusae
948 4778 1012 4819 auat.
1050 4772 1164 4821 uideatur
1179 4778 1259 4822 autern
1280 4772 1343 4821 baec
1359 4770 1418 4833 sere

139 4838 231 4903 scripta
244 4841 339 4903 fnisse,
361 4842 421 4903 quia
442 4857 516 4891 nemo
542 4842 604 4892 dicit
627 4842 669 4891 laic
688 4850 777 4890 neuter
794 4840 871 4890 huius
890 4837 971 4889 neutri
989 4847 1013 4890 et
1031 4856 1118 4891 omnes
1137 4841 1201 4891 istuc
1223 4850 1308 4907 partes
1326 4840 1418 4890 dubiae

142 4916 193 4956 suut
208 4911 273 4959 iuter
290 4925 381 4961 nomeu
400 4920 425 4960 et
442 4926 597 4980 pronomen:
613 4922 701 4962 neuter
719 4913 741 4961 si
753 4912 874 4963 articulos
892 4910 985 4979 accipit
1004 4918 1051 4967 etc,
