3525 5600
699 379 872 444 nocuum
1055 373 1062 388 ·
1317 333 1331 348 ’
1369 375 1433 440 515

1232 499 1254 541 p.
1269 488 1370 529 unt—oe
1383 485 1406 529 Ρ.

145 591 214 652 pore
237 571 344 648 gavisi,
373 576 562 630 mutaverunt
588 569 642 631 illi'
662 587 767 630 sonmo
789 569 826 630 de
853 569 1017 650 praeterito
1043 575 1178 647 tempore
1205 568 1316 647 passivi
1337 566 1431 637 verbi,

144 656 255 736 gaudeo
277 657 397 733 gavisus
419 673 500 724 sum,
525 658 567 717 sic
590 655 683 716 audeo
699 674 788 716 ausus
803 673 883 726 sum,
908 654 988 716 soleo
1003 652 1109 716 solitus
1123 672 1203 722 sum,
1226 655 1271 714 sio
1288 652 1346 714 fido
1361 654 1432 715 sssus

144 761 217 804 suun.
262 740 314 800 sed
337 740 426 801 buius
447 741 515 800 novi
538 743 657 818 generis
680 759 828 822 perpauca
850 747 929 801 suot.

227 825 301 886 Sunt
329 831 360 886 et
386 825 443 886 alia
474 825 618 904 quaedam
649 844 742 905 pauca
770 825 859 886 verba
887 843 963 904 quae
996 825 1195 903 inpersonalia
1229 823 1370 885 dicuntur
1402 831 1433 884 et

121 919 250 972 oemunt
277 929 332 990 per
355 909 480 990 syllabas
503 918 533 971 et
555 919 584 971 et
607 917 670 981 tur,
698 916 731 971 ut
753 909 845 990 pudet
866 910 966 971 taedet
988 909 1074 986 decet
1099 908 1173 970 libet
1194 911 1327 988 paenitet
1347 917 1433 988 paret

145 1001 224 1078 piget
246 998 370 1057 miseret
390 995 498 1075 liquet:
529 1003 559 1056 et
579 996 650 1056 inde
673 995 813 1056 dicuntur
835 995 1049 1074 inpersonalia‚
1079 997 1148 1074 quia
1170 1001 1273 1055 carent
1296 997 1434 1074 personis

144 1081 270 1152 duabus,
294 1083 390 1161 prima
413 1087 443 1141 et
465 1080 610 1150 secunda,
639 1087 669 1141 et
690 1080 782 1142 solam
803 1079 914 1140 babent
936 1082 1055 1141 tertiam
1075 1098 1243 1159 personam.
1287 1097 1356 1140 nam
1377 1099 1433 1140 nec

145 1167 240 1248 pudeo
262 1166 357 1246 pudes
380 1165 522 1236 dicimus
546 1184 601 1226 nec
624 1165 715 1226 doceo
731 1165 833 1236 rienes,
857 1184 912 1226 nec
934 1165 1014 1226 libeo
1035 1164 1126 1235 libes,
1150 1183 1205 1225 nec
1226 1166 1315 1244 pigeo
1337 1167 1431 1244 piges,

143 1271 196 1314 nec
211 1253 340 1312 misereo
357 1250 361 1332 l
378 1253 519 1321 miserus,
536 1269 591 1311 nec
614 1253 752 1330 poeniteo
774 1252 924 1331 poenites,
947 1269 1003 1310 nec
1024 1269 1116 1330 pareo
1137 1268 1239 1329 pares,
1263 1268 1319 1311 nec
1332 1249 1432 1329 liqueo

109 1338 247 1417 unques.
292 1338 370 1396 scias
392 1343 491 1396 autem
519 1343 605 1415 paret
627 1343 656 1396 et
679 1335 774 1415 liquet
795 1335 851 1396 boc
874 1336 1042 1412 significare
1070 1334 1148 1414 quod
1176 1334 1303 1395 dicimus
1326 1337 1432 1396 ‘mani-

141 1425 248 1484 festum
271 1425 337 1491 est’,
362 1427 396 1480 ιιι
418 1422 443 1481 si
466 1421 547 1482 dicas
570 1423 613 1482 ‘et
636 1422 661 1482 si
683 1430 769 1500 paret
790 1420 846 1482 boc
868 1429 898 1481 te
921 1419 1048 1488 dixisse,
1072 1421 1211 1480 iniuriam
1225 1421 1353 1490 lecisti’;
1377 1420 1432 1480 boc

142 1509 286 1585 signiticat
310 1514 338 1566 et
359 1505 467 1584 liquet,
496 1506 527 1566 id
558 1514 603 1566 est
631 1507 822 1566 manifestum
850 1513 907 1566 est.
955 1505 1055 1566 taedet
1082 1513 1181 1566 autem
1209 1505 1339 1566 taedium
1366 1523 1432 1566 esse

141 1591 302 1670 significat,
333 1609 391 1671 quo
419 1591 507 1651 modo
534 1595 617 1670 piget
639 1593 722 1671 quasi
749 1591 902 1670 pigritiam
924 1591 1080 1667 significat.
1125 1608 1194 1651 nam
1217 1609 1282 1651 cum
1305 1591 1434 1651 dicimus

141 1677 236 1755 ‘piget
257 1695 304 1736 me
327 1675 458 1746 lecisse',
481 1675 536 1735 boc
560 1683 604 1736 est
626 1675 726 1736 dicere
748 1679 819 1737 ‘non
842 1677 939 1753 surgit
959 1693 1044 1736 meus
1066 1677 1183 1736 animus
1203 1674 1333 1754 probare
1353 1675 1432 1755 quod

108 1781 130 1819 1⁵
142 1763 224 1823 ieci’.
269 1761 341 1821 haec
365 1767 463 1821 autem
478 1762 577 1822 omnia
593 1759 681 1822 verba
704 1763 748 1822 sic
770 1761 971 1831 declinantur,
994 1760 1087 1840 pudet
1108 1779 1169 1830 me,
1193 1763 1275 1841 piget
1296 1779 1352 1830 me,
1376 1762 1432 1821 mi·
1543 1811 1548 1818 .

142 1855 221 1908 seret
243 1864 306 1916 me,
329 1847 463 1924 paenitet
484 1864 545 1915 me,
570 1854 688 1925 praeter
711 1846 798 1915 baec,
822 1845 896 1906 libet
918 1853 948 1905 et
969 1845 1054 1915 licet,
1077 1853 1163 1924 paret
1185 1853 1215 1907 et
1237 1846 1341 1926 liquet.
1385 1846 1432 1906 bis

141 1935 221 1993 enim
251 1931 381 1992 dativum
410 1932 561 2008 iungimus
593 1949 707 2001 casum,
738 1940 769 1992 ut
797 1930 872 1992 libet
899 1930 988 2000 mibi,
1018 1930 1089 1992 licet
1115 1930 1204 2000 mibi,
1236 1938 1321 2010 paret
1347 1931 1431 1998 mihi,

140 2017 236 2096 liquet
256 2016 343 2076 mibi.
388 2015 481 2078 altera
504 2033 572 2076 vero
595 2018 724 2095 species,
749 2034 822 2095 quae
846 2018 876 2076 in
899 2025 949 2077 tur
964 2019 1038 2085 exit,
1062 2024 1092 2076 et
1113 2019 1177 2095 ipsa
1199 2015 1432 2096 inpersonalium

141 2100 300 2162 verborum
322 2107 381 2168 est,
411 2107 444 2160 ιιι
471 2103 531 2161 itur
554 2103 685 2162 curritur
711 2108 861 2181 pugnatur
882 2109 1024 2162 certatur.
1067 2102 1196 2180 primam
1217 2109 1247 2162 et
1273 2101 1433 2162 secundam

105 2207 128 2244 eo
140 2203 300 2267 personam
322 2201 380 2246 non
403 2185 527 2246 habent:
550 2203 618 2246 nam
641 2204 696 2246 nec
719 2205 771 2247 eor
793 2187 863 2256 iris,
887 2205 942 2247 nec
957 2204 1063 2245 eurror
1077 2188 1224 2256 curreris,
1246 2205 1302 2246 neo
1315 2204 1433 2266 pugnor

140 2272 298 2352 pugnaris,
328 2287 381 2330 nec
410 2279 509 2330 certor
536 2273 661 2332 certaris
684 2272 805 2333 dicitur.
850 2278 881 2331 et
908 2271 1095 2332 declinantur
1122 2271 1194 2331 baec
1216 2269 1307 2332 rerba
1333 2274 1432 2331 itura

140 2375 187 2416 me
211 2375 227 2416 a
250 2363 279 2416 te
303 2353 339 2415 ab
362 2353 427 2424 illo,
451 2363 599 2435 pugnatur
622 2375 638 2416 a
660 2374 707 2417 me
730 2375 746 2417 a
769 2363 797 2416 te
821 2355 857 2418 ab
881 2356 945 2425 illo,
969 2363 1101 2416 certatur
1124 2374 1139 2415 a
1160 2375 1239 2416 mea
1259 2363 1288 2416 te
1311 2355 1431 2416 abillo.

139 2445 183 2503 sic
206 2443 239 2500 in
262 2441 424 2519 praeterito
446 2441 613 2519 inperfecto
640 2440 739 2501 ibatur
762 2459 778 2501 a
806 2459 852 2501 me
881 2459 897 2502 a
924 2448 954 2501 te
982 2439 1112 2511 ab'illo,
1139 2440 1317 2502 currebatur
1343 2460 1360 2501 a
1385 2458 1432 2500 me

140 2547 155 2588 a
183 2534 214 2586 te
243 2523 280 2585 ab
309 2524 374 2596 illo,
403 2524 591 2604 pugnabatur
618 2545 633 2586 a
660 2544 707 2586 me
735 2545 751 2586 a
774 2529 803 2586 te
825 2525 862 2587 ab
885 2525 953 2595 illo;
981 2527 1025 2586 sic
1053 2527 1084 2585 in
1110 2528 1272 2605 praeterito
1299 2527 1433 2605 perfecto

104 2613 217 2672 asilum
241 2617 287 2670 est
309 2629 324 2670 a
347 2628 393 2670 me
417 2629 433 2670 a
456 2618 485 2670 te
508 2609 544 2670 ab
568 2610 635 2679 illo,
658 2629 779 2672 cursum
802 2619 846 2672 est
869 2629 886 2671 a
907 2629 955 2671 me
978 2630 994 2672 a
1016 2618 1046 2671 tc
1068 2609 1105 2670 ab
1128 2610 1193 2681 illo,
1221 2617 1366 2672 certatum
1388 2616 1434 2670 est

140 2716 155 2758 a
180 2713 230 2755 me
254 2715 269 2756 a
291 2703 321 2755 te
345 2693 381 2755 ab
404 2693 470 2765 illo,
494 2702 656 2775 pugnatum
679 2703 724 2756 est
739 2713 754 2756 a
770 2714 817 2756 me
834 2714 849 2756 a
866 2702 895 2756 te
910 2695 948 2757 ab
963 2694 1028 2767 illo;
1052 2696 1148 2756 sicin
1170 2698 1331 2775 praeterito
1352 2696 1432 2776 plus·

140 2779 367 2863 quamperlecto
389 2781 465 2841 itum
488 2788 552 2843 erat
574 2800 590 2842 a
612 2801 660 2843 me
683 2801 699 2842 a
721 2788 751 2842 te
774 2780 810 2842 ab
833 2781 898 2852 illo,
922 2798 1041 2842 cursum
1056 2788 1121 2843 erat
1135 2802 1151 2843 a
1165 2801 1213 2843 me
1229 2802 1246 2843 a
1260 2790 1289 2844 te
1312 2780 1349 2843 ab
1371 2781 1432 2851 illo,

140 2874 308 2947 pugnatum
337 2872 402 2925 erat
424 2885 440 2927 a
462 2884 509 2926 me
532 2885 548 2926 a
571 2874 600 2927 te
622 2866 660 2931 ab
683 2866 749 2937 illo,
778 2874 924 2927 certatum
951 2873 1016 2927 erat
1037 2884 1053 2927 a
1076 2885 1123 2927 me
1145 2887 1161 2928 a
1184 2876 1213 2929 te
1236 2867 1273 2928 ab
1295 2867 1361 2938 illo;
1390 2869 1433 2927 sio

140 2956 171 3012 in
201 2952 305 3011 loturo
333 2958 466 3031 tempore
491 2949 583 3011 ibitur
605 2970 621 3013 a
644 2968 690 3011 me
713 2971 728 3012 a
752 2958 780 3012 te
802 2950 838 3013 ab
861 2951 927 3021 illo,
956 2959 1095 3012 curretur
1116 2972 1133 3013 a
1154 2970 1202 3012 me
1224 2971 1240 3014 a
1261 2960 1291 3013 te
1313 2950 1349 3014 ab
1372 2952 1433 3020 illo,

102 3035 312 3099 aocertabitur
334 3053 350 3095 a
373 3054 420 3097 me
444 3054 459 3095 a
482 3043 511 3095 te
534 3034 571 3096 ab
594 3036 659 3106 ilio,
683 3035 864 3116 pugnabitur
887 3054 903 3096 a
925 3056 972 3096 me
994 3043 1057 3097 ate
1073 3036 1110 3097 ab
1122 3037 1192 3108 illo;
1215 3040 1258 3097 sic
1280 3036 1434 3116 pluraliter

138 3142 153 3183 a
177 3120 269 3181 nobis
291 3139 307 3181 a
329 3119 414 3181 vobis
435 3118 472 3181 ab
495 3120 566 3181 titis.
590 3124 765 3200 imperativo
787 3122 873 3181 modo
896 3130 982 3182 eatur
1003 3142 1020 3182 a
1042 3140 1089 3182 me
1112 3130 1172 3182 ate
1188 3122 1225 3183 ab
1247 3122 1298 3182 illo
1313 3141 1329 3182 a
1347 3120 1434 3181 nobis

138 3228 153 3268 a
178 3205 266 3265 vobis
288 3204 325 3266 ab
348 3204 417 3265 iilis.
463 3206 549 3266 modo
571 3209 688 3286 opativo
709 3214 840 3283 tempore
858 3210 1016 3282 praesenti
1034 3208 1145 3267 utinam
1169 3210 1265 3268 iretur
1279 3227 1296 3268 a
1310 3224 1357 3267 me
1372 3224 1388 3267 a
1403 3212 1433 3266 tc
1512 3238 1515 3241 ⁴

138 3291 175 3352 ab
201 3290 257 3351 illo
280 3310 295 3351 a
318 3289 404 3350 nobis
427 3310 442 3351 a
466 3290 549 3351 robis
571 3290 608 3351 ab
631 3291 707 3361 illis,
736 3293 899 3371 praeterito
921 3292 1053 3371 perlecto
1074 3290 1121 3351 rel
1144 3292 1434 3372 plusquamperfecto

139 3379 256 3438 utinam
281 3377 354 3435 itum
377 3382 455 3435 esset
477 3394 493 3436 a
516 3394 563 3435 me
587 3394 603 3436 a
626 3384 655 3436 te
678 3376 715 3437 ab
738 3376 788 3436 illo
811 3396 826 3437 a
849 3375 936 3437 nobis
950 3396 967 3437 a
982 3375 1066 3437 vobis
1088 3376 1125 3437 ab
1147 3376 1220 3447 illis,
1243 3378 1344 3438 iuturo
1358 3386 1433 3438 tem·

101 3480 213 3541 sapora
245 3462 358 3521 utinam
386 3466 471 3521 eatur
499 3479 514 3520 a
543 3478 589 3520 me
613 3468 679 3523 ate
702 3459 740 3521 ab
767 3460 818 3521 illo
846 3479 861 3522 a
891 3459 979 3523 nobis
1006 3480 1023 3521 a
1051 3460 1135 3522 vobis
1162 3461 1200 3523 ab
1228 3460 1295 3522 illis.
1346 3461 1434 3521 modo

137 3546 332 3607 coniunctim
360 3552 495 3624 tempore
523 3548 673 3624 praesenti
701 3564 768 3607 cum
796 3555 933 3606 curratur
961 3564 977 3607 a
1006 3564 1054 3607 mc
1076 3566 1092 3607 a
1119 3556 1149 3608 te
1172 3546 1209 3607 ab
1237 3545 1288 3607 illo
1310 3564 1326 3606 a
1349 3546 1435 3607 nobis

139 3650 153 3691 a
179 3628 267 3690 robis
290 3629 327 3689 ab
350 3628 423 3700 illis,
452 3632 616 3709 praeterito
644 3632 809 3711 inperfecto
837 3649 904 3691 cunr
932 3637 1105 3693 curreretur
1126 3652 1142 3693 a
1164 3650 1212 3691 mc
1234 3651 1251 3693 a
1272 3638 1302 3691 te
1324 3630 1361 3691 ab
1383 3631 1434 3691 illo

137 3736 153 3777 a
177 3714 269 3776 nobis
292 3734 308 3775 a
330 3713 413 3774 vobis
436 3715 473 3774 ab
496 3714 569 3784 illis,
600 3718 762 3794 praeterito
784 3716 918 3795 perlecto
951 3734 1018 3777 cum
1047 3734 1167 3777 cursum
1196 3718 1274 3777 sita
1296 3735 1343 3777 me
1366 3736 1382 3777 a
1404 3724 1433 3778 te

137 3800 175 3861 ab
200 3799 257 3860 illo
280 3819 295 3859 a
318 3798 404 3859 nobis
427 3819 443 3859 a
465 3798 550 3860 vobis
572 3798 608 3861 ab
631 3800 707 3870 illis,
730 3804 894 3881 praeterito
915 3800 1207 3880 plusquamperfecto
1229 3821 1296 3862 cum
1314 3819 1434 3861 cursum

100 3894 221 3951 coesset
245 3884 290 3945 vel
312 3884 418 3945 luisset
440 3903 456 3944 a
480 3904 525 3945 mc
554 3904 569 3945 a
592 3891 621 3945 te
650 3885 686 3947 ab
710 3885 762 3946 illo
784 3906 799 3945 a
821 3885 908 3946 nobis
931 3905 947 3946 a
967 3885 1051 3946 vobis
1074 3885 1110 3947 ab
1133 3886 1210 3957 illis,
1238 3888 1338 3948 futuro
1366 3904 1433 3945 cum

137 3977 284 4031 curretur
306 3988 322 4029 a
344 3988 391 4029 me
414 3988 430 4030 a
453 3976 482 4029 te
506 3968 542 4030 ab
566 3970 618 4031 illo
641 3990 657 4032 a
679 3968 765 4031 nobis
789 3990 804 4031 a
827 3969 912 4031 vobis
934 3970 971 4031 ab
993 3970 1064 4032 illis.
1089 3966 1094 4053 Ι
1117 3972 1203 4032 modo
1224 3972 1341 4031 infinito
1363 3978 1434 4031 tem-

133 4072 216 4133 pore
239 4056 400 4131 praesenti
425 4056 507 4114 curri
534 4054 624 4116 debet
652 4074 668 4115 a
696 4074 743 4115 me
766 4074 782 4115 a
805 4064 833 4115 te
857 4053 968 4116 abillo
995 4075 1012 4116 a
1040 4054 1126 4116 nobis
1149 4076 1165 4117 a
1187 4055 1270 4115 vobis
1299 4053 1336 4117 ab
1364 4054 1433 4125 illis,

136 4142 308 4221 praeterito
328 4148 463 4218 tempore
487 4157 606 4200 cursum
629 4158 693 4200 esse
716 4140 819 4202 debuit
841 4159 858 4200 a
880 4159 927 4200 me
951 4159 967 4200 a
988 4148 1018 4201 te
1041 4140 1151 4201 abillo
1173 4160 1190 4201 a
1212 4140 1299 4201 nobis
1320 4139 1435 4201 anobis

138 4226 175 4287 ab
206 4224 286 4293 illis,
315 4231 449 4304 tempore
477 4225 578 4285 futuro
606 4242 726 4285 cursum
754 4226 792 4285 iri
820 4224 910 4286 debet
930 4244 947 4285 a
969 4244 1017 4285 me
1039 4246 1056 4286 a
1075 4233 1104 4287 te
1128 4224 1164 4286 ab
1191 4225 1244 4287 illo
1271 4245 1287 4286 a
1310 4225 1434 4286 nobisa

99 4338 123 4379 n
138 4310 224 4371 vobis
249 4308 286 4369 ab
307 4309 377 4370 illis.

228 4394 304 4455 Sunt
326 4401 356 4455 et
384 4394 439 4456 alia
463 4394 552 4455 verba
585 4412 659 4474 quae
688 4396 854 4455 inchoativa
882 4394 1022 4455 dicuntur
1044 4402 1133 4455 etex
1160 4394 1257 4457 subita
1280 4396 1434 4457 allectione

137 4486 307 4541 nascuntur
341 4486 372 4541 et
404 4486 513 4541 exeunt
539 4483 570 4541 iu
599 4498 649 4540 sco
676 4480 831 4559 syllabam,
861 4487 894 4541 ut
921 4481 1010 4541 ardeo
1038 4479 1174 4551 ardesco,
1203 4480 1285 4543 caleo
1310 4481 1433 4552 calesco,

137 4632 422 4644 ...-.-.-—--—.-
432 4634 448 4639 -

215 4734 252 4785 14
269 4740 358 4798 surget
377 4732 401 4781 F
467 4733 502 4783 20
524 4748 570 4783 nec
588 4747 631 4783 eor
649 4734 693 4785 iria
711 4734 843 4787 Patrobios
862 4749 908 4785 nec
921 4749 965 4785 eor
979 4749 1025 4785 neo
1041 4735 1092 4787 erio
1111 4736 1157 4792 aa
1227 4736 1258 4788 21
1279 4736 1433 4788 elicitorem.

137 4805 163 4855 F
236 4802 271 4853 32
293 4812 408 4867 tempore
423 4804 550 4867 praesenti
570 4818 615 4855 out.
634 4804 679 4861 Fe
749 4806 781 4856 et
802 4814 916 4871 tempore
938 4806 1066 4870 praesenti
1083 4820 1130 4860 orn.
1149 4806 1196 4863 Fe
1265 4808 1299 4858 44
1316 4804 1357 4877 iri]
1378 4820 1435 4861 esee

138 4874 163 4923 F
236 4872 271 4924 dd
286 4870 403 4923 dicamur
421 4888 453 4922 ex
471 4874 555 4925 subita
569 4872 700 4925 effectione
718 4875 743 4924 F
