3525 5600
330 421 398 492 602
891 424 1070 492 mlcnonll

354 552 376 590 p.
390 540 448 580 2731.
463 539 489 579 m
504 537 526 580 P.

327 637 453 699 persona
476 621 506 679 in
530 636 576 689 εις
590 617 806 697 diphthongum
828 618 958 678 liniatur.
999 617 1051 678 sed
1075 617 1189 679 barum
1213 617 1455 694 coniugationum
1475 615 1506 675 iu
1526 617 1609 694 prino

327 739 453 802 persona
475 720 661 782 differentiae
683 719 958 800 deprehenduntur.
1003 721 1161 800 quaeritur
1191 721 1271 780 enim
1301 721 1333 778 in
1358 720 1453 797 prima
1475 719 1610 796 positione

327 821 411 883 verbi
434 825 587 902 cuiusque,
621 841 696 903 quae
718 823 834 883 litterae
856 821 1039 901 praecedant
1070 841 1096 881 ω
1126 820 1243 882 linalem
1266 820 1396 881 litteram
1418 817 1510 880 verbi.
1545 825 1571 878 et
1590 822 1611 878 si

251 927 255 933 '
328 926 477 986 inveneris
499 933 567 985 ante
590 944 617 984 ω
638 922 660 1002 β
683 943 708 1004 φ
730 941 755 984 ιτ
777 942 832 1002 rte,
858 921 963 1003 λείβω
983 917 1105 1002 γράφω
1127 919 1237 1000 adorem
1260 917 1373 982 κόπτω
1380 966 1390 1000 ,
1418 924 1530 1001 primae
1551 939 1611 980 con-

327 1027 487 1105 iugationis
510 1025 736 1106 pronuntiabis:
760 1028 786 1086 si
809 1033 907 1086 autem
933 1026 1105 1104 reppereris
1126 1043 1148 1103 γ
1170 1044 1190 1084 ιι
1213 1044 1248 1104 χ,
1265 1019 1350 1102 λέγω
1372 1017 1485 1082 πλέκω
1506 1018 1640 1101 τρέχω,ι

328 1129 489 1190 secundam
518 1128 650 1189 vocabis:
679 1127 785 1208 quodsi
815 1124 835 1187 d
862 1129 946 1206 θτ,
974 1119 1045 1208 ᾅδω
1074 1122 1194 1207 πλήθω
1223 1119 1353 1204 nivalem,
1386 1125 1504 1185 tertiam
1526 1125 1610 1184 dices:

328 1241 434 1310 quarta
457 1233 524 1300 erit,
547 1233 572 1291 si
595 1229 733 1291 babuerit
760 1229 847 1306 gaus
868 1229 927 1290 duo
949 1240 1010 1307 σο,
1040 1223 1153 1308 φράζω
1182 1221 1332 1308 ὀρύσσωι
1367 1229 1394 1288 si
1422 1245 1492 1287 vero
1512 1227 1612 1288 luerint

328 1333 459 1412 liquidae
494 1332 514 1392 λ
541 1353 565 1412 μ
593 1351 615 1393 ν
643 1351 680 1412 ρ,
708 1313 825 1391 πάλλω
852 1328 942 1410 νέμω
975 1333 1083 1410 κρίνω
1117 1329 1263 1410 σπείρω,
1296 1331 1430 1409 quintam
1464 1327 1611 1389 notabunt:

328 1442 409 1496 sexta
436 1435 592 1514 protertur
619 1425 675 1494 διὰ
703 1433 861 1514 καθαροῦ
889 1431 951 1494 τοῦ
974 1453 1012 1512 ω,
1035 1427 1100 1512 dem
1121 1426 1315 1512 θεραπεύω.
1348 1448 1408 1490 non
1432 1429 1504 1491 nulli
1526 1437 1554 1491 et
1574 1449 1611 1490 se-

327 1538 451 1615 ptimam
472 1555 539 1597 esse
561 1537 719 1596 voluerunt
740 1529 1029 1617 praecedentibus}
1057 1541 1101 1611 ψ,
1125 1525 1228 1607 ἀλέξω
1256 1529 1337 1606 ἕψω.
1383 1531 1461 1612 apud
1492 1531 1641 1601 Latinos,n

328 1655 455 1718 quorum
486 1637 597 1698 nullum
625 1637 749 1698 verbum
777 1639 809 1698 in
838 1638 956 1699 dualem
990 1633 1131 1716 syllabam
1154 1634 1283 1696 admittit
1305 1641 1474 1704 accentum,
1509 1643 1613 1694 cessant

328 1739 514 1801 differentiae
540 1759 614 1820 quas
637 1740 714 1820 apud
738 1738 742 1819 Ι
767 1739 897 1800 Graecos
921 1737 1128 1800 circumflexus
1158 1738 1293 1814 gravisve
1320 1737 1470 1804 lecerunt,
1499 1754 1613 1816 quorum

328 1841 454 1902 alterum
476 1847 508 1905 in
529 1842 629 1903 verbis
651 1843 788 1911 ultimae,
817 1843 946 1903 alterum
968 1839 1168 1920 paenultimae
1197 1839 1354 1900 Graeciam
1380 1838 1508 1898 diximus
1529 1837 1612 1916 depu-

326 1952 416 2006 tasse.
462 1951 557 2007 restat
577 1947 671 2022 igitur
693 1946 724 2004 in
747 1944 794 2005 bis
817 1944 956 2005 latinitati
979 1961 1056 2004 unus
1078 1948 1232 2010 accentus,
1256 1957 1377 2018 gravem
1399 1939 1481 2008 dieo,
1503 1940 1552 2018 qui
1573 1957 1613 1997 so

329 2045 376 2106 lus
398 2046 529 2108 Romana
552 2047 642 2107 verba
664 2049 789 2108 sortitus
810 2055 871 2117 est;
895 2045 947 2106 sed
970 2045 1024 2106 hoo
1047 2046 1202 2124 proprium
1225 2045 1257 2103 in
1279 2041 1379 2102 verbis
1400 2041 1503 2102 latinis
1523 2039 1612 2101 babet
1625 2061 1642 2098 o

330 2147 408 2227 quod
432 2167 490 2209 non
512 2167 638 2229 semper,
663 2157 695 2209 ut
717 2149 795 2228 apud
817 2149 960 2217 Graecos,
984 2146 1037 2208 ubi
1060 2147 1168 2217 luerit,
1197 2147 1228 2205 in
1251 2143 1462 2224 paenultimam
1484 2142 1613 2223 syllabam

327 2249 423 2319 eadit,
453 2250 505 2310 sed
533 2269 622 2331 saepe
650 2258 681 2311 et
708 2271 724 2312 a
750 2253 808 2312 line
838 2251 957 2311 tertiam
986 2255 1082 2318 tenet,
1105 2255 1270 2325 utaggero
1293 2247 1403 2306 refero.
1447 2246 1524 2326 quod
1545 2245 1613 2324 apud

330 2351 461 2412 Graecos
482 2371 540 2412 uon
563 2360 661 2432 potest
683 2354 819 2422 evenire,
843 2351 921 2432 apud
944 2367 1017 2430 quos
1040 2353 1071 2411 in
1094 2351 1244 2410 communi
1267 2347 1367 2426 lingua
1390 2349 1457 2408 lieri
1480 2367 1536 2408 uon
1556 2355 1613 2426 pot·

330 2461 388 2521 est,
418 2462 463 2524 ut,
494 2472 560 2514 curu
589 2454 685 2516 dualis
713 2453 825 2535 syllaba
853 2453 940 2530 longa
968 2459 1028 2523 est,
1058 2455 1165 2513 tertius
1188 2469 1204 2512 a
1226 2451 1284 2511 fine
1307 2448 1452 2512 habeatur
1474 2457 1612 2510 accentus.

329 2573 355 2614 ω
378 2563 476 2615 autem
499 2557 677 2618 naturaliter
700 2555 820 2635 longum
842 2563 898 2617 est.
942 2571 1013 2632 ergo
1036 2571 1196 2634 numquam
1218 2559 1358 2613 accentus
1379 2553 1410 2611 in
1434 2551 1521 2611 buius
1541 2549 1643 2610 modin

327 2655 429 2718 uerbis
451 2657 529 2736 apud
552 2658 618 2719 illos
639 2660 669 2719 iu
692 2659 813 2719 tertium
834 2657 959 2736 gradum
983 2655 1161 2736 syllabarum
1185 2654 1308 2715 recedit.

178 2769 329 2820 montet.
416 2759 539 2838 Singula
563 2768 697 2842 tempora
720 2777 895 2839 graccorum
912 2757 1071 2819 vorborum
1095 2777 1153 2819 non
1176 2758 1369 2837 simpliciter,
1394 2757 1472 2817 sicut
1494 2754 1613 2817 latinitas

329 2862 504 2941 cornpendio
528 2866 635 2934 utitur,
659 2865 863 2944 proteruntur.
909 2872 939 2924 et
962 2869 993 2921 ut
1015 2861 1141 2941 exernpli
1166 2878 1253 2920 rausa
1275 2861 1364 2919 unius
1386 2858 1471 2919 verbi
1495 2858 1612 2918 declina·

329 2966 371 3024 tio
393 2972 527 3035 notetur,
557 2961 671 3026 τύπτω
700 2967 866 3044 perlectum
895 2965 967 3025 lacit
989 2958 1131 3041 τέτυφα,
1159 2970 1188 3021 ot
1217 2964 1353 3041 sequitur
1375 2962 1469 3022 altera
1492 2960 1613 3020 eiusdem

330 3068 472 3147 temporis
495 3066 668 3137 declinatio,
693 3067 770 3147 quod
793 3066 925 3127 untedium
947 3066 1111 3144 perlectum
1135 3070 1254 3133 vocant,
1278 3058 1418 3123 τέτυπαε
1447 3065 1521 3123 item
1542 3061 1644 3140 plus-25

329 3169 582 3248 quamperieetunr
607 3164 798 3247 ἕτετύφειυ,
821 3155 953 3229 medium
976 3166 1297 3247 plusquamperfectum
1320 3159 1510 3226 ἑτετύπεινε
1532 3156 1612 3239 ἄορί-

330 3283 413 3330 στοο
435 3268 552 3350 sevae,
575 3265 681 3351 μέσου
703 3263 862 3351 ἀορίστου
885 3266 1023 3329 dromon:
1047 3270 1180 3329 futurum
1201 3270 1331 3348 primum
1354 3262 1551 3349 λοοίῑιτύψω,
1573 3266 1613 3325 iu·

327 3380 428 3432 turum
451 3373 615 3433 secundum
637 3372 741 3434 ramni.
786 3371 930 3433 similiter
951 3373 982 3431 in
1005 3372 1123 3450 passivo
1145 3371 1298 3431 variantur
1320 3376 1465 3448 tempora.

224 3480 315 3533 mov,
414 3472 456 3534 ile
484 3482 618 3555 tempore
645 3476 804 3554 praesenti.
849 3474 1030 3534 Graecorum
1060 3470 1148 3532 rerba
1178 3474 1275 3532 omnia
1303 3474 1433 3551 quaein
1456 3489 1482 3530 ω
1505 3476 1612 3535 eueniet,

329 3593 382 3634 seu
409 3577 619 3656 perisporuena
647 3596 700 3637 seu
728 3574 870 3655 barytona
894 3576 967 3644 siut,
998 3577 1029 3635 in
1058 3592 1243 3653 quacumque
1266 3573 1473 3649 coniugatione
1496 3571 1644 3633 eundemo

330 3685 388 3737 tam
417 3678 447 3737 in
476 3678 570 3756 prima
599 3697 686 3759 quam
716 3680 747 3737 in
775 3675 904 3738 secunda
938 3694 1065 3755 persona
1100 3682 1217 3737 serrant
1249 3692 1405 3736 numerum
1433 3672 1612 3754 syllabarum.

329 3781 428 3839 ornrria
455 3797 527 3839 vero
555 3782 585 3841 iu
613 3800 672 3861 μαι
700 3782 858 3841 terminata
886 3780 966 3839 varia
995 3776 1175 3857 syllabarum
1210 3776 1416 3837 vicissitudine
1449 3783 1612 3856 pensantur.

328 3899 420 3960 porro
448 3899 590 3961 praesens
618 3901 705 3943 omne
734 3889 851 3961 tempus
872 3880 951 3962 quod
974 3882 1006 3941 in
1028 3900 1086 3961 μαι
1108 3882 1289 3941 terminatur
1310 3880 1390 3939 omni
1413 3878 1501 3939 niodo
1522 3881 1552 3939 in
1571 3896 1612 3937 se-

328 3982 424 4044 eunda
453 4002 581 4063 persona
614 4002 702 4045 uuam
730 3984 871 4063 syllabam
899 3984 1021 4051 minuit,
1045 3981 1209 4062 φιλοῦμαι
1231 3980 1332 4062 φιλῇ,
1360 3979 1503 4061 τιμῶμαι
1528 3977 1612 4059 τιμᾷ,

329 4085 562 4167 στεφανοῦμαι
584 4092 758 4167 στεφανοῖ,
782 4084 919 4167 λέγομαι
942 4080 1034 4165 λέγῃ,
1057 4081 1230 4165 γράφομαι
1245 4078 1373 4163 γράφῃ,
1397 4100 1465 4142 cum
1480 4084 1511 4142 iu
1526 4083 1644 4141 activos

327 4206 415 4266 pares
442 4185 569 4267 syllabas
596 4196 720 4269 utraque
748 4206 874 4267 persona
904 4190 1075 4249 servaverit.
1119 4190 1191 4247 item
1219 4185 1296 4264 apud
1325 4184 1456 4245 Graecos
1482 4200 1614 4263 praeseus

327 4296 445 4369 tempus
472 4290 586 4369 primae
614 4292 783 4371 positionis,
812 4289 890 4370 quod
919 4292 949 4349 in
980 4308 1006 4349 ω
1035 4292 1109 4358 exit,
1138 4288 1211 4348 alios
1239 4286 1340 4347 modos
1369 4286 1405 4346 de
1434 4304 1466 4346 so
1487 4292 1611 4365 generat.

327 4410 395 4452 uam
422 4392 511 4452 tertia
538 4384 666 4474 persona
694 4393 759 4453 eius
789 4390 924 4453 adhibito
951 4388 1010 4451 sibi
1039 4410 1059 4451 ν
1085 4390 1156 4451 iacit
1177 4409 1214 4451 ex
1235 4408 1267 4449 se
1290 4390 1469 4449 infinitivum
1491 4386 1610 4455 modim,

237 4502 240 4509 ‘
328 4499 422 4554 ποιεῖ
439 4500 562 4574 ποιεῖν,
585 4493 663 4575 τιμᾷ
684 4492 796 4574 τιμᾷν,
819 4498 943 4572 χρυσοῖ
962 4492 1127 4572 χρυσοῦνε
1157 4493 1244 4551 tertia
1268 4492 1347 4551 enim
1369 4491 1537 4567 coniugatio
1556 4504 1610 4547 ars-

409 4700 710 4767 ‘2deprelrendeuturB
796 4699 816 4749 t-
830 4696 863 4763 tq
881 4706 925 4747 out
942 4698 993 4748 duo
1011 4711 1044 4747 ατ
1062 4696 1086 4745 Ρ
1103 4696 1225 4760 {quoodo
1243 4694 1269 4744 B
1349 4692 1478 4745 Βααλλω
1496 4691 1519 4741 B
1535 4690 1610 4741 πωλω

326 4773 502 4831 superscripto
517 4770 600 4820 uendo
618 4762 787 4835 Ppatttep
858 4766 890 4817 12
907 4768 1044 4834 granisque
1059 4766 1084 4815 B
1152 4764 1187 4815 20
1204 4766 1280 4828 longa
1298 4778 1367 4817 coar.
1388 4766 1489 4827 longum
1503 4760 1610 4823 Blouga

326 4840 351 4887 P
419 4839 454 4890 aa
476 4856 614 4904 τιμουμαι
632 4842 657 4890 P
728 4839 761 4889 36
783 4852 929 4903 personap
952 4836 1120 4903 persoaruel'
1200 4836 1260 4883 item
1285 4848 1405 4897 praesens
1427 4840 1524 4897 tempus
1547 4828 1607 4895 apud

326 4922 416 4973 gree-os
436 4910 532 4973 primae
549 4912 573 4958 Ρ
640 4908 676 4961 39
688 4910 792 4975 χρυσοῖ
806 4908 885 4957 Inuus
904 4922 1008 4973 χρυσου
1027 4909 1050 4956 Ρ
