3525 5600
323 380 367 446 54
882 377 1056 440 cuuootvn

348 503 369 544 p.
385 491 441 531 mlo.
456 492 478 529 ιι
494 489 517 530 r.

322 573 354 631 in
376 569 505 632 secunda
527 586 654 648 persona
676 568 859 644 agnoscitur:
886 561 890 645 l
921 581 1030 654 genus,
1055 570 1153 624 utrum
1177 563 1303 623 activum
1328 564 1366 622 sit
1391 581 1429 624 an
1451 565 1615 644 passivum:

323 691 475 742 numerus,
498 672 575 732 sicut
596 672 627 730 in
649 667 833 730 nominibus:
857 669 960 744 ligura,
983 668 1059 727 sicut
1079 667 1111 726 in
1133 665 1317 728 nominibus:
1341 673 1484 746 tempora,
1508 665 1617 746 quibus

207 787 265 850 381,
280 787 310 836 14
322 777 399 837 lacta
413 774 637 835 discernuntur:
661 788 820 851 personae,
844 787 919 847 quae
941 767 1179 830 distributionem
1195 771 1395 848 praesignant.
1413 801 1450 812 -
1468 770 1615 843 Quoniam

324 877 413 938 verba
433 875 618 954 temporibus
641 882 670 935 el
692 872 788 934 modis
810 872 1011 943 declinantur,
1036 873 1155 932 nomina
1178 871 1304 932 casibus.
1321 907 1362 918 -
1379 871 1536 934 Verbum
1560 881 1618 935 est

280 992 310 1041 17
323 981 544 1058 interrogative,
566 996 651 1058 pars
673 977 859 1037 orationis
881 976 1061 1054 responsiva
1081 1009 1118 1018 -
1135 973 1200 1034 Non
1216 973 1311 1034 solum
1325 977 1357 1035 in
1372 974 1467 1036 modis
1483 984 1529 1036 est
1543 977 1643 1056 qua-⁵

280 1096 312 1144 18
324 1080 389 1143 litas
404 1081 577 1155 verborum,
601 1079 653 1140 scd
670 1081 757 1139 etiam
772 1078 803 1138 iu
818 1077 931 1137 lormis.
948 1111 985 1120 -
1005 1073 1250 1138 indicativus:
1274 1079 1343 1156 quia
1358 1095 1434 1157 quae
1448 1077 1617 1139 iudicamus

323 1183 543 1263 pronuntiando
571 1181 704 1243 dicimus.
742 1183 769 1240 is
796 1181 861 1260 ipse
889 1187 933 1241 est
954 1179 1205 1257 pronuntiativus,
1235 1180 1286 1258 qui
1314 1185 1344 1240 et
1364 1179 1550 1241 indicativus.
1576 1215 1618 1224 —-

253 1356 257 1362 ,
325 1285 392 1356 Qut
419 1285 740 1365 pronuntiativus:
769 1284 838 1360 quia
861 1299 937 1360 quae
959 1281 1123 1342 indicamus
1145 1281 1367 1361 pronuntiando
1389 1283 1551 1360 signamus.
1576 1317 1618 1358 .-

323 1387 529 1467 lmperativus,
554 1388 682 1466 quinos
705 1384 835 1447 ostendit
855 1381 921 1444 aliis
942 1386 1104 1463 imperare;
1131 1383 1278 1462 optativus
1293 1389 1339 1444 est
1365 1386 1416 1464 qui
1439 1391 1468 1444 el
1489 1387 1619 1464 promis-

324 1491 413 1559 sivus,
437 1488 555 1567 quando
577 1489 664 1549 nobis
685 1489 888 1568 promittimus¹
908 1493 937 1545 ct
951 1491 1086 1564 optamus
1101 1484 1212 1562 aliquid
1228 1487 1361 1554 evenire;
1386 1486 1616 1570 coniunctium}
1632 1491 1656 1530 ¹⁰

324 1593 376 1671 qui
398 1610 452 1652 uos
474 1591 545 1651 lacit
566 1609 736 1652 sermonem
758 1608 827 1650 cum
849 1587 907 1650 alio
930 1586 1018 1649 modo
1042 1587 1239 1665 coniungere;
1268 1589 1415 1660 infinitus,
1439 1591 1489 1668 qui
1511 1609 1618 1670 perso·

282 1709 379 1757 1tnas
400 1711 542 1754 numeros
564 1700 594 1753 et
615 1699 749 1772 tempora
770 1691 894 1752 confusa
922 1688 1019 1750 babet.
1043 1723 1084 1734 -
1108 1689 1310 1751 Verborum
1338 1692 1374 1750 in
1402 1691 1519 1753 modis
1547 1702 1617 1754 cst:

324 1795 406 1878 modi
426 1803 494 1856 sunt
514 1795 635 1874 proprie
658 1812 744 1855 casus
765 1793 939 1862 verborum,
963 1792 1076 1852 lormae
1098 1791 1274 1853 intellectus.
1311 1791 1421 1854 accidit
1443 1803 1471 1856 ct
1494 1803 1619 1875 tempus,

278 1915 312 1962 20
325 1897 403 1975 quod
426 1916 486 1958 non
508 1896 602 1957 solum
618 1895 723 1965 verbo,
746 1895 798 1956 sed
815 1904 844 1956 et
859 1894 999 1956 adverbio
1015 1903 1043 1955 et
1064 1896 1229 1974 participio.
1249 1929 1287 1938 -
1303 1895 1495 1958 Coniunctivo
1511 1894 1619 1978 mojldo

326 2001 383 2060 nisi
405 2001 524 2061 iunctus
538 1998 637 2058 luerit
657 1997 834 2059 indicativus
856 1999 949 2059 futuri
972 1999 1127 2076 temporis,
1159 1996 1286 2058 elocutio
1308 1997 1389 2060 illius
1412 2017 1470 2060 non
1495 2008 1619 2068 constat,
1634 2001 1658 2040 ¹⁵
1729 1999 1730 2002 ’

278 2119 310 2166 ‘21
324 2108 357 2160 ut
379 2105 461 2162 ‘eum
475 2099 594 2180 legero,
618 2119 736 2179 surgam
744 2105 764 2161 ’.
788 2133 830 2144 -
852 2098 1060 2180 lnpersonalis,
1085 2100 1135 2178 qui
1150 2117 1292 2180 personas
1307 2101 1425 2176 quidem
1439 2103 1541 2175 babet,
1567 2101 1620 2162 sed

279 2221 313 2270 aa
325 2221 467 2281 personas
495 2221 555 2264 non
583 2201 700 2273 dividit,
720 2203 789 2282 ‚nisi
816 2221 833 2263 a
860 2201 1088 2281 pronominibus
1116 2203 1272 2281 acceperit.
1304 2235 1342 2247 -
1371 2203 1430 2263 Sed
1457 2203 1620 2264 notandum

279 2317 312 2365 25
325 2305 405 2384 quod
428 2305 477 2365 bic
498 2305 673 2366 indicativus
695 2312 746 2367 aut
767 2324 784 2366 a
805 2301 989 2365 neutralibus
1004 2301 1103 2364 verbis
1118 2305 1198 2364 venit
1211 2311 1261 2365 aut
1276 2302 1313 2365 ab
1329 2306 1439 2366 activis.
1458 2335 1497 2344 -
1512 2305 1621 2366 blise-

325 2426 426 2468 reor:
454 2407 492 2468 ab
518 2405 676 2468 indicativo
704 2409 798 2476 venit,
828 2405 925 2466 seda
954 2405 1122 2486 deponenti.
1152 2440 1192 2450 -
1221 2406 1367 2468 Senesco:
1396 2426 1502 2492 senec,
1532 2409 1621 2485 quien

324 2507 436 2570 lectum
465 2517 519 2572 est.
555 2511 671 2570 lacesso
693 2527 753 2570 uon
781 2517 827 2570 est
845 2508 1111 2584 frequentativum.
1149 2509 1361 2587 frequentativa
1377 2507 1435 2589 ·[in
1459 2509 1502 2590 to]
1533 2509 1622 2572 aliam
1635 2513 1659 2554 ²⁰

280 2629 313 2678 22
327 2611 467 2691 syllabam
490 2611 601 2673 babent
622 2619 652 2673 et
673 2610 760 2673 aliam
779 2609 787 2693 l
804 2612 1052 2690 coniugationem.
1091 2613 1211 2689 quiesco
1233 2612 1331 2692 quievi
1352 2611 1431 2672 lacit.
1455 2646 1494 2657 -
1516 2612 1622 2694 lnper-
1729 2631 1730 2660 ι

327 2713 438 2774 sonalia
462 2722 522 2775 tres
545 2714 775 2792 significationes
798 2713 923 2774 babent:
953 2721 1003 2775 aut
1025 2715 1055 2774 in
1077 2721 1126 2775 tur
1149 2721 1269 2785 exeunt,
1300 2720 1331 2775 nt
1354 2716 1493 2785 curritur,
1517 2718 1621 2777 autin

326 2817 363 2887 it,
388 2823 421 2877 ut
442 2815 518 2892 odit,
543 2818 646 2877 autin
668 2823 711 2891 et,
736 2821 769 2876 ut
789 2818 889 2896 pudet.
927 2818 983 2877 ista
1006 2817 1069 2896 ipsa
1093 2824 1123 2875 et
1144 2814 1395 2878 neutrodelectiva
1413 2818 1564 2879 dicuntur.
1581 2854 1622 2863 —
1729 2802 1730 2815 *

282 2936 315 2986 ‘25
326 2917 404 2979 alia
426 2937 443 2979 a
465 2938 502 2979 se
517 2920 704 2978 oriuntur:
728 2921 797 2997 quia
811 2919 1042 2997 significationes
1057 2938 1116 2979 non
1133 2918 1251 2988 babent,
1277 2918 1355 2979 unde
1371 2918 1562 2981 descendant.
1580 2954 1623 2964 -—

227 3019 578 3101 :va-2‚1Praeteritum
601 3028 743 3100 tempus
766 3039 835 3081 non
858 3019 1011 3081 babent:
1041 3022 1156 3082 calesco
1179 3038 1238 3081 non
1261 3021 1332 3082 lacit
1354 3022 1498 3089 calescui;
1528 3025 1659 3102 parti-²⁵
1729 3040 1730 3045 ¹

329 3123 439 3201 cipium
461 3122 553 3182 loturi
573 3124 718 3203 temporis
740 3141 800 3183 non
816 3123 899 3191 lacit,
923 3122 1177 3193 lervescenturus3
1201 3126 1308 3185 tentae
1322 3126 1541 3200 contemtionis
1557 3144 1623 3187 cor·
1729 3154 1730 3161 .

300 3231 432 3304 ereptae
454 3224 569 3285 calesco
598 3223 730 3286 calescis.
757 3259 793 3271 —
824 3226 919 3286 Sunt
947 3226 1058 3285 etiam
1085 3224 1378 3305 frequentativa:
1408 3229 1623 3306 frequentativa

329 3336 398 3389 sunt
419 3326 488 3398 alia,
512 3345 588 3407 quae
610 3345 670 3389 non
693 3334 807 3389 tantum
828 3345 845 3387 a
866 3324 958 3387 verbo
981 3328 1117 3397 veniunt,
1141 3326 1191 3389 sed
1212 3335 1241 3388 ct
1255 3347 1271 3388 a
1287 3331 1407 3391 nomine
1428 3328 1621 3392 descendunt.

330 3446 399 3489 nam
420 3430 560 3508 patrissat
582 3437 626 3490 est
648 3432 742 3510 ‘patri
763 3428 868 3490 similis
891 3431 961 3500 est’,
986 3430 1147 3507 graecissat
1174 3434 1299 3509 ‘graece
1322 3431 1477 3493 adlectal'.
1515 3440 1545 3495 et
1566 3434 1623 3493 ista

330 3548 405 3609 quae
421 3548 437 3590 a
457 3533 578 3592 nomine
593 3532 714 3593 veniunt
729 3532 809 3593 velut
829 3530 1050 3592 similitudinem
1066 3538 1176 3593 teuent.
1208 3550 1276 3592 nam
1291 3534 1430 3611 patrissat
1445 3552 1506 3594 non
1528 3534 1624 3614 ‘pater
1636 3535 1661 3576 ⁸⁰

303 3635 403 3703 3est',
438 3631 490 3693 sed
523 3632 646 3693 ‘similis
671 3636 747 3713 patri
776 3636 847 3693 est’.
873 3668 910 3676 -
941 3634 1033 3693 Sunt
1060 3636 1163 3713 quasi
1192 3632 1427 3709 diminutiva,
1454 3636 1459 3711 l
1486 3653 1579 3713 quae
1607 3656 1623 3697 a

332 3733 501 3813 perlecta
528 3735 644 3795 lorma
671 3738 838 3806 veniunt,
873 3733 1033 3796 sorbillo
1063 3734 1215 3813 sugillo:
1244 3737 1300 3796 isla
1322 3735 1444 3797 sorbillo
1467 3746 1496 3798 et
1517 3736 1622 3817 sugillo

333 3836 412 3896 velut
434 3835 607 3897 diminutiva
622 3842 700 3901 sunt.
736 3837 787 3898 sed
803 3836 975 3898 diminutiva
990 3855 1050 3897 non
1066 3845 1148 3905 sunt,
1173 3838 1225 3899 sed
1239 3839 1334 3917 magis
1349 3838 1516 3900 derivativa.
1555 3858 1622 3901 nam

566 3974 637 3982 -....

403 4023 465 4077 God.
486 4024 567 4076 Bere.
582 4020 789 4077 V11113*—5*.
859 4026 876 4073 2
895 4026 919 4074 in
937 4024 1054 4075 omnibus
1068 4032 1173 4090 utroque
1190 4027 1243 4077 loco
1312 4026 1329 4079 3
1348 4026 1555 4077 destributiouem

333 4093 566 4160 5interrogatiuae
616 4096 782 4159 responsione
852 4096 907 4145 'lis
923 4110 990 4147 corr.
1008 4096 1034 4144 id
1103 4093 1250 4160 Sinperare
1322 4094 1460 4159 illeliqoit
1530 4098 1563 4148 12
1579 4112 1624 4145 nu-

334 4161 429 4229 meros]
450 4164 562 4213 muueris
579 4179 648 4215 corr.
670 4166 705 4217 αι.
723 4179 789 4217 mast.
810 4166 923 4215 numeris
975 4165 1093 4215 immodis
1152 4164 1183 4216 13
1202 4165 1321 4232 propriae
1391 4168 1425 4217 16
1443 4168 1488 4231 qui
1501 4182 1624 4233 personas

334 4250 363 4282 se
380 4238 460 4294 (com.
474 4236 509 4287 at,
523 4248 587 4286 man.
601 4233 660 4297 sed)
673 4249 799 4300 personas
817 4248 867 4284 uon
921 4235 955 4287 19
971 4250 1075 4285 senesce
1094 4238 1165 4285 senio
1185 4237 1260 4301 cupio
1278 4236 1349 4285 senio
1370 4235 1461 4286 lectum
1481 4253 1509 4287 es
1524 4236 1624 4287 lacesso

335 4318 386 4352 non
404 4316 443 4354 est
462 4302 646 4366 frequentetiua
663 4304 689 4351 in
708 4313 764 4354 toso
781 4303 863 4369 (corr.
882 4306 917 4359 al.
932 4322 996 4359 etan.
1012 4303 1078 4371 toto)
1093 4306 1168 4355 oliam
1227 4305 1259 4355 21
1275 4303 1371 4373 quievi]
1392 4308 1462 4371 quivi
1532 4308 1566 4357 '22
1582 4318 1625 4357 aut

336 4375 361 4422 in
380 4374 399 4423 lt
417 4374 498 4437 (corr.
517 4375 553 4423 αι.
571 4390 635 4426 steen.
659 4376 698 4437 .i.)
719 4384 746 4423 ut
763 4374 805 4423 odi
858 4376 892 4425 24
907 4376 971 4426 aliae
1023 4376 1058 4425 25
1074 4375 1150 4424 babet
1218 4376 1352 4442 participio
1404 4377 1439 4428 ‘26
1457 4376 1547 4427 tertiae
1565 4392 1623 4429 eon-

335 4444 475 4509 iugationis
493 4458 539 4491 em.
593 4442 627 4493 28
648 4454 672 4493 et
691 4458 737 4494 om.
800 4444 835 4497 29
851 4446 944 4496 similis
962 4462 989 4496 es
1009 4447 1149 4513 graecissat
1166 4460 1273 4511 graecae
1291 4446 1434 4496 adlectatur
1504 4445 1538 4498 30
1558 4448 1625 4497 uelut

335 4528 404 4565 corr.
422 4515 457 4566 ol.
477 4528 541 4563 man.
561 4514 639 4563 uelud
708 4521 776 4564 tenet
845 4515 877 4567 at
899 4517 988 4567 similis
1005 4514 1085 4581 patris
1104 4523 1163 4565 suut
1181 4516 1254 4578 quasi
1324 4516 1356 4566 ad
1374 4516 1487 4581 perlecta

407 4666 440 4718 19
458 4682 562 4718 senesce
579 4696 613 4705 -—
630 4671 663 4721 21
685 4668 744 4720 feeit
763 4670 800 4720 ad
812 4671 980 4734 Maeotiam
1000 4668 1099 4731 fortune
1112 4668 1267 4721 meloatteae
1279 4679 1303 4721 et
1316 4670 1416 4734 somnae
1430 4672 1574 4736 perfectae,
1594 4673 1625 4722 de
1729 4710 1730 4713 η

337 4754 387 4804 qua
396 4738 464 4802 nfra
477 4740 542 4790 υ.25
554 4740 645 4791 dietm
656 4749 704 4803 est,
721 4744 859 4804 pertinent:
880 4740 915 4805 cf.
932 4740 1042 4805 Pompei.
1056 4756 1085 4805 p.
1100 4740 1150 4793 283
1165 4742 1204 4792 ed.
1216 4740 1292 4791 Lind.
1303 4740 1403 4791 lacesso
1415 4751 1495 4792 avarem
1504 4743 1627 4807 frequen·
1678 4754 1684 4759 ·

335 4809 437 4860 cadom
456 4824 507 4859 noa
519 4824 575 4861 eoae
593 4814 732 4873 εωροειιιωι
747 4820 785 4862 eat
795 4811 866 4873 infra
881 4824 909 4873 p.
922 4810 965 4872 61,
984 4808 1018 4861 32
1084 4810 1119 4862 23
1137 4820 1163 4861 ut
1180 4811 1233 4861 odit
1245 4812 1395 4865 Puuclme:
1413 4814 1538 4879 contingit
1554 4813 1626 4879 salpe

336 4882 363 4930 tn
377 4883 491 4943 exemplo
509 4881 704 4945 inperaeaoliwn
721 4882 746 4931 tu
761 4880 780 4929 it
791 4884 894 4943 ponitur
