3525 5600
640 405 875 468 connubunt
1348 401 1409 466 193

1225 525 1246 566 p.
1259 513 1347 556 ela—n
1362 513 1384 552 l..

144 598 189 657 nisi
208 617 221 658 a
241 603 336 674 quarta
360 594 572 664 declinatione,
603 596 659 656 nisi
686 595 724 655 ab
751 595 807 655 isto
830 593 970 664 ablativo,
994 591 1031 653 ab
1053 592 1110 654 bac
1131 591 1224 655 domu
1246 593 1409 655 domuum?

142 717 199 776 ergo
219 697 270 759 boc
283 715 405 766 nomen,
429 703 461 757 ut
482 695 557 766 dixi,
581 697 659 776 apud
682 699 809 757 maiores
832 705 951 756 nostros
972 703 1096 774 quartae
1118 697 1216 757 luerat
1237 695 1409 757 declinatio·

142 802 184 860 nis.
212 801 348 879 posterior
371 805 452 860 aetas
474 801 628 877 usurpavit
654 797 711 860 sibi
734 817 819 860 casus
842 807 918 869 tres,
948 796 1108 859 ablativum
1135 798 1331 878 singularem,
1359 815 1410 876 gc·

140 903 252 963 nativum
275 900 419 981 pluralem
451 909 479 960 et
507 902 705 962 accusativum
734 899 893 981 pluralem;
927 899 982 961 bos
1009 902 1161 980 usurpavit
1187 901 1223 962 ad
1250 899 1410 962 secundam

122 1003 355 1066 ⁵dcclinationem.
400 1011 500 1064 tamen
531 1001 674 1064 ablativus
708 1023 727 1063 u
759 1001 975 1064 terminabatur
1007 1001 1086 1082 apud
1118 1005 1247 1064 maiores
1282 1010 1410 1072 nostros,

139 1125 197 1166 usus
221 1125 358 1185 praesens
386 1125 403 1167 o
432 1103 612 1185 adsumpsit;
642 1123 702 1166 non
731 1105 804 1166 dixit
825 1104 862 1167 ab
891 1105 946 1166 bac
976 1105 1078 1176 domu,
1101 1105 1154 1166 sed
1175 1104 1212 1166 ab
1235 1104 1290 1166 bac
1312 1105 1408 1166 domo.

138 1207 180 1268 sed
201 1215 228 1267 et
247 1209 411 1287 genetivum
433 1206 579 1287 pluralem
601 1209 632 1268 in
649 1227 698 1268 um
715 1206 885 1276 mittebant,
909 1226 963 1268 nos
984 1209 1016 1267 iu
1037 1225 1104 1268 rum
1126 1207 1286 1276 mittimus,
1313 1214 1342 1267 et
1363 1223 1412 1266 ac-

137 1312 280 1372 cusativum
302 1309 447 1390 pluralem
471 1309 524 1370 bas
546 1309 652 1370 domos
673 1311 811 1380 dicimus,
834 1308 876 1369 illi
899 1307 1039 1370 dicebant
1061 1308 1113 1370 bas
1135 1308 1251 1373 domus.
1280 1310 1328 1369 isti
1343 1315 1413 1368 sunt

139 1421 188 1472 tres
208 1431 287 1473 casus
309 1413 361 1489 qui
382 1414 516 1492 usurpati
537 1418 619 1480 sunt;
648 1410 761 1490 reliqua
785 1413 881 1472 omnis
910 1410 1068 1471 declinatio
1090 1409 1203 1472 resedit
1224 1413 1302 1471 circa
1324 1427 1412 1471 usum

110 1515 287 1594 ¹⁰antiquum;
316 1513 390 1574 nihil
420 1514 488 1574 inde
521 1515 777 1594 praesumpsimus
811 1515 869 1574 nisi
902 1513 957 1573 bos
984 1512 1064 1574 solos
1092 1530 1186 1574 casus.
1231 1531 1324 1592 quare
1356 1511 1412 1572 hoc

137 1615 231 1676 lactum
255 1623 308 1686 est,
334 1623 366 1677 ut
389 1599 418 1676 et
439 1617 591 1694 genetivus
614 1614 735 1696 pluralis
757 1617 789 1676 in
812 1635 879 1676 rum
902 1613 1007 1697 exilret
1033 1625 1063 1677 et
1084 1615 1199 1677 dativus
1219 1623 1250 1676 et
1270 1615 1414 1677 ablativus

136 1720 161 1778 in
181 1717 232 1779 bus
253 1718 386 1779 exirent?
415 1717 480 1778 vide
508 1720 595 1780 etiam
623 1719 653 1778 in
681 1720 743 1798 ipsa
767 1716 912 1779 anomalia
934 1719 1064 1778 maiores
1085 1726 1205 1780 nostros
1226 1725 1345 1778 secutos
1366 1735 1413 1777 ra·

137 1821 242 1882 donem.
274 1817 441 1880 anomalum
464 1827 509 1880 est
530 1819 587 1879 hoc
609 1839 732 1892 nomen,
756 1820 786 1880 id
810 1831 854 1880 est
875 1818 1048 1897 inaequale;
1073 1827 1103 1881 et
1125 1828 1225 1881 lamen
1246 1822 1310 1899 ipsa
1331 1821 1413 1880 inac-

136 1921 247 2000 qualitas
270 1940 304 1981 er
327 1922 441 1982 ratione
458 1920 621 1982 descendit.
653 1921 773 2001 regulae
795 1921 886 1984 buius
907 1920 987 1982 modi
1008 1929 1093 1983 sunt:
1117 1921 1255 2002 plerique
1277 1941 1292 1982 a
1316 1921 1414 1982 dativo

109 2033 127 2072 1⁵
137 2021 264 2101 singulari
292 2021 410 2101 regulas
439 2033 574 2092 sumunt,
609 2022 743 2104 plerique
771 2023 808 2084 ab
837 2023 965 2085 ablativo
992 2023 1145 2102 singulari.
1190 2026 1241 2104 qui
1268 2043 1285 2084 a
1317 2023 1414 2085 dativo

136 2125 263 2204 singulari
290 2124 409 2202 regvrlas
436 2135 571 2196 sumunt,
600 2125 657 2187 boc
686 2125 801 2198 dicunt,
833 2126 948 2188 dativus
974 2126 1133 2206 singularis
1154 2128 1165 2187 i
1187 2127 1361 2187 terminatus
1383 2126 1414 2185 in

136 2226 181 2287 bus
200 2227 287 2288 mittit
309 2225 438 2288 dativum
461 2237 492 2288 et
513 2226 671 2290 ablativum
695 2227 855 2308 pluralem:
879 2247 936 2290 nec
957 2227 1047 2290 solvis
1068 2231 1154 2290 istam
1176 2227 1324 2307 regulam,
1346 2247 1415 2308 por·

136 2337 210 2406 petua
232 2337 290 2398 est,
314 2328 382 2390 buic
405 2329 474 2408 agdi
497 2328 542 2390 bis
565 2337 595 2390 et
618 2329 655 2394 ab
677 2329 723 2391 bis
745 2330 888 2410 agilibus,
911 2331 981 2392 buic
1004 2329 1092 2392 docili
1114 2330 1160 2391 bis
1182 2337 1213 2390 et
1235 2329 1272 2390 ab
1294 2329 1341 2390 his
1363 2328 1414 2388 do-

136 2430 242 2500 cilibus,
272 2431 341 2492 buic
369 2432 480 2491 amanti
506 2429 553 2492 bis
581 2441 610 2492 et
632 2431 669 2492 ab
691 2431 737 2492 liis
759 2432 943 2502 amantibus,
967 2434 1037 2494 hvnc
1059 2432 1167 2493 calenti
1189 2431 1236 2492 leis
1258 2439 1288 2492 et
1309 2429 1347 2491 ab
1369 2430 1415 2491 bis

108 2532 297 2594 ocalenubus:
327 2531 442 2594 dativus
469 2532 628 2611 singularis
649 2535 659 2594 i
682 2535 857 2596 terminatus
879 2535 1010 2596 dativum
1037 2542 1068 2595 et
1089 2531 1248 2595 ablativum
1269 2531 1415 2613 pluralem

135 2638 160 2694 in
180 2635 230 2695 bus
252 2636 350 2695 mittit.
395 2637 466 2696 item
489 2634 632 2696 ablativus
655 2635 814 2716 singularis
837 2655 854 2697 o
876 2636 975 2699 littera
998 2637 1173 2698 terminatus
1194 2638 1363 2716 genetivum
1384 2636 1415 2695 in

136 2755 192 2797 rum
213 2738 314 2808 mittit,
339 2735 377 2797 ab
400 2737 456 2798 boc
480 2736 566 2798 docto
590 2737 697 2798 borum
719 2737 884 2816 doctorum,
909 2739 947 2801 ab
969 2737 1026 2801 boc
1048 2737 1166 2802 excelso
1188 2738 1296 2800 borum
1319 2735 1417 2800 excel·

135 2858 233 2900 sorum.
277 2840 429 2901 inventum
454 2848 498 2901 est
520 2842 576 2903 boc
597 2859 708 2903 nomen
731 2843 761 2901 in
783 2842 926 2921 singulari
948 2862 1074 2905 numero
1097 2841 1211 2903 babens
1232 2842 1308 2903 duos
1330 2858 1417 2903 casus

135 2944 197 3002 istos
218 2942 366 3009 diversos,
390 2942 460 3003 buic
482 2942 584 3005 domui
607 2951 637 3004 et
658 2942 695 3005 ab
718 2944 773 3006 bac
796 2945 899 3014 domo;
929 2963 999 3006 ecce
1021 2945 1136 3006 dativus
1158 2953 1188 3006 ct
1209 2944 1351 3006 ablativus
1373 2942 1416 3003 di·

107 3046 202 3104 :vv-ersi
223 3052 300 3105 sunt.
346 3054 469 3125 propter
497 3044 627 3107 dativum
655 3046 836 3126 sirtgularem
864 3050 873 3107 i
902 3050 1092 3109 terminatum
1115 3048 1238 3109 iacimus
1260 3047 1307 3108 bis
1330 3054 1359 3107 et
1380 3045 1418 3106 ab

136 3146 173 3205 bis
198 3146 346 3214 domibus:
376 3154 498 3227 propter
526 3147 685 3210 ablativum
714 3148 895 3227 singularem
922 3167 940 3208 o
967 3148 1065 3211 littera
1095 3152 1283 3211 terminatum
1303 3149 1419 3213 iaciunt

136 3248 228 3311 barum
254 3248 423 3310 domorum.
466 3250 506 3311 ita
535 3248 696 3320 iaciebant,
725 3257 757 3311 ut
786 3258 815 3313 et
841 3252 906 3331 ipsa
933 3251 1080 3313 anomalia
1108 3270 1145 3311 ex
1172 3254 1288 3313 ratione
1310 3252 1416 3312 veniat.

136 3368 192 3411 nam
214 3350 342 3412 dativum
365 3349 510 3430 pluralem
533 3358 563 3411 et
584 3350 741 3413 ablativum
764 3354 795 3413 in
816 3352 873 3414 bus
897 3354 978 3413 exire
1000 3353 1071 3414 lacit
1092 3353 1208 3415 dativus
1229 3352 1387 3433 singularis
1408 3354 1419 3413 i

137 3452 220 3513 littera
247 3454 439 3525 terminatus,
468 3452 538 3515 huic
567 3453 668 3515 domui
696 3450 841 3536 dolmibus
869 3456 949 3517 iacit.
993 3458 1065 3519 item
1087 3455 1213 3517 ablativo
1236 3456 1379 3536 singulari
1402 3475 1419 3516 o

111 3553 221 3615 viatere
242 3556 402 3617 terminato
425 3558 593 3634 genetivum
615 3558 646 3617 in
670 3575 735 3617 rum
758 3558 916 3627 mittimus,
940 3559 978 3619 nb
998 3559 1059 3619 boc
1080 3560 1167 3620 domo
1188 3559 1293 3621 barum
1316 3558 1419 3619 domo·

139 3676 202 3717 rum.
245 3660 318 3718 item
347 3659 383 3719 de
412 3659 515 3737 iugero
538 3677 629 3720 unum
653 3676 754 3721 casum
776 3678 971 3739 usurpamus,
998 3659 1157 3723 ablativum
1179 3661 1358 3741 singularem
1382 3660 1420 3721 ab

139 3758 318 3837 beringero.
363 3768 496 3821 celerum
518 3762 646 3822 rumores
667 3762 763 3823 nostri
790 3759 846 3822 hoc
869 3779 979 3833 nomen
1001 3764 1105 3823 tertiae
1127 3763 1333 3825 declinationis
1355 3780 1420 3823 esse

139 3860 283 3922 voluerunt
304 3868 414 3932 totum,
443 3864 529 3939 iuger
550 3864 661 3943 ingeris
682 3864 778 3944 iugeri
800 3864 887 3942 inger
908 3865 994 3944 iuger
1015 3866 1132 3945 ingere,
1160 3868 1263 3945 iugera
1284 3868 1420 3944 iugerum

138 3962 276 4041 iugeribus
303 3964 406 4043 iugera
434 3965 537 4043 iugera
565 3965 733 4043 iugeribus;
761 3968 866 4027 tertiae
889 3966 1094 4029 declinationis
1116 3967 1273 4029 voluerunt
1294 3968 1421 4027 maiores

115 4068 218 4125 anasei
242 4064 390 4127 essehoc
413 4084 531 4127 nomen.
562 4070 711 4147 posterior
733 4075 833 4129 tamen
849 4076 929 4131 aetas
944 4072 1098 4151 usurpavit
1119 4070 1176 4132 sibi
1194 4089 1285 4132 vanum
1308 4088 1418 4138 casum,

140 4170 212 4229 bum
234 4166 333 4227 solum
356 4166 515 4230 ablativum
538 4168 719 4249 singularem
742 4168 778 4233 ab
801 4170 858 4231 boc
880 4173 994 4251 iugero.
1026 4173 1106 4234 unde
1126 4176 1157 4233 in
1172 4172 1269 4233 Plinio
1284 4171 1420 4232 Secundo

141 4268 248 4348 legimus
281 4270 419 4349 quoniam
448 4272 644 4333 nominativus
672 4272 828 4351 singularis
857 4291 917 4335 non
946 4272 1036 4336 debet
1063 4294 1127 4337 esse
1152 4277 1254 4353 inger,
1283 4274 1335 4335 sed
1364 4272 1421 4333 lroe

195 4494 250 4542 iul
269 4490 417 4545 ommno
483 4492 565 4543 ilios
586 4494 656 4545 aaa
675 4493 765 4545 bocA
836 4495 1062 4547 eterminnuso
1129 4494 1221 4546 onon
1238 4496 1346 4546 dicimus
1364 4510 1422 4545 eon·

142 4564 186 4613 iecit
202 4564 389 4613 Lindemanaua
460 4563 492 4615 12
515 4566 538 4613 in
560 4564 789 4629 ipsaanornalaA
862 4564 1080 4615 ldanomaleest
1099 4564 1163 4615 BG:
1183 4566 1283 4615 anomal
1373 4565 1422 4614 lvoc

142 4646 220 4682 nomen
238 4633 422 4696 inaequalitate
436 4634 461 4683 Α
478 4634 622 4683 anomalum
640 4644 678 4683 est
696 4634 744 4684 bon
763 4650 854 4685 noman
873 4636 1005 4698 inaequale
1022 4632 1055 4685 a*
1110 4636 1144 4684 24
1161 4635 1193 4683 ab
1211 4636 1259 4685 bac
1275 4636 1352 4684 domu
1371 4636 1424 4685 AC

198 4718 253 4753 ecce
275 4704 377 4752 datiuus
396 4704 420 4751 B
438 4718 496 4751 ecee
515 4712 539 4753 et
563 4704 665 4755 datiuus
683 4706 755 4755 AOd
826 4706 859 4756 25
877 4715 983 4771 propter
1001 4706 1114 4755 datiuum
1134 4706 1291 4770 singularem
1310 4706 1318 4754 i
1336 4708 1421 4755 termi-

144 4782 214 4822 natum
232 4772 308 4823 BGu
329 4782 432 4837 propter
450 4772 588 4822 ablatiuum
608 4774 763 4838 singularem
783 4792 798 4823 n
817 4776 980 4825 ternvinatnm
1000 4776 1025 4825 A
1078 4776 1111 4823 27
1130 4785 1158 4825 nt
1175 4784 1200 4824 et
1218 4777 1276 4841 ipsa
1294 4777 1421 4825 anomalia

144 4845 257 4899 (anomala
279 4841 328 4903 ae)
353 4856 386 4890 ex
411 4844 508 4891 ratione
532 4844 618 4891 uenint
637 4844 679 4893 (la
701 4854 726 4895 et
750 4846 807 4908 ipsa
827 4845 945 4895 vrvromala
967 4862 983 4895 a
1004 4846 1102 4894 munire
1125 4846 1211 4894 ueniat
1230 4847 1254 4895 A
1276 4855 1304 4896 ιιι
1323 4853 1347 4896 et
1366 4848 1423 4911 ipsa

145 4914 253 4963 rivomalia
273 4928 306 4961 ex
326 4914 423 4960 ratione
444 4913 546 4962 nerviam
565 4913 589 4961 B
659 4916 744 4965 30:11)
765 4914 811 4964 linc
826 4917 901 4967 domo
919 4932 965 4968 ont.
986 4915 1042 4965 AB
1049 4915 1069 4965 0
1126 4914 1161 4965 36
1181 4916 1265 4980 plenia
1284 4918 1308 4965 ,l

186 5002 356 5047 denuntianti
373 5002 463 5052 tarint
478 5004 503 5045 V.
1182 5001 1220 5063 13
