3525 5600
312 359 354 425 26
871 361 1048 426 CLEDONH

338 469 505 526 praeusti).

314 554 464 614 contrario
486 550 605 631 quando
627 549 773 612 itiueralis
789 550 880 612 luerit
902 551 1070 612 accusativo
1087 550 1192 620 servit,
1217 547 1335 628 quando
1351 545 1455 608 localis
1469 546 1606 616 ablativo,

314 661 348 716 ut
368 653 431 714 ‘est
452 654 545 715 codex
567 672 658 734 super
680 654 868 723 armarium’,
899 671 959 714 non
987 655 1093 730 ‘super
1115 649 1268 721 armario',
1298 651 1383 730 quia,
1406 656 1439 712 ut
1460 647 1536 716 dixi,
1560 650 1607 709 iti·

315 755 425 820 ueralis
447 757 610 817 accusativo
632 756 779 834 iungitnr;
803 756 829 816 si
844 773 914 816 vero
930 755 967 816 de
987 756 1133 833 significat
1147 752 1272 814 ablativo
1285 753 1394 832 servit,
1417 752 1485 831 quia
1506 749 1608 811 localis

314 867 374 928 cst,
403 868 435 920 ut
462 858 590 919 ‘multa
618 875 732 938 super
762 857 908 918 Priamo
942 859 1142 936 rogitans’,
1177 856 1234 917 boc
1262 863 1308 916 est
1335 854 1373 914 de
1405 853 1531 914 Priamo.
1570 887 1604 896 -

315 963 425 1042 Suptus
448 978 605 1040 numquam
628 961 762 1031 dicimus,
787 960 844 1021 uisi
866 968 915 1021 aut
938 959 994 1020 sub
1017 967 1066 1022 aut
1088 978 1187 1040 super.
1208 992 1242 1004 -
1267 957 1440 1020 Accusativo
1463 957 1633 1025 serviunta

311 1064 433 1142 quaudo
461 1062 621 1146 itinerales·
640 1069 722 1133 sunt,
753 1062 879 1123 ablativo
910 1061 1028 1140 quaudo
1056 1061 1179 1130 locales,
1202 1062 1279 1123 sicut
1300 1058 1356 1120 sub
1380 1067 1409 1120 et
1431 1065 1542 1138 supter.
1568 1091 1607 1101 ·-

213 1163 407 1235 366,'tSuu't
434 1184 525 1245 quae
553 1164 851 1227 adiectionibus:
879 1166 953 1226 istae
980 1165 1219 1245 praepositiones
1247 1160 1426 1242 loquellares
1453 1160 1607 1220 dicuutur:

314 1268 382 1329 ideo
410 1267 447 1329 ab
476 1268 689 1330 adiectionibus
716 1267 910 1348 sequentibus
933 1285 992 1328 nou
1015 1273 1207 1346 separantur,
1237 1267 1305 1344 quia
1327 1262 1507 1342 loquellares
1529 1267 1607 1330 suut,

314 1389 374 1432 uon
396 1367 544 1432 casuales:
570 1367 573 1450 l
597 1366 735 1448 loquellis
762 1376 875 1430 tantum
904 1371 1050 1440 serviunt,
1080 1368 1197 1430 casibus
1221 1365 1233 1450 ll
1257 1369 1369 1429 servire
1393 1384 1450 1426 non
1473 1369 1607 1445 possunt,

315 1492 371 1535 uec
398 1481 552 1554 separatae
580 1473 724 1554 proferri,
753 1473 811 1534 nisi
837 1473 955 1533 iunctae
983 1471 1082 1534 verbis
1110 1470 1280 1532 nominibus
1301 1469 1464 1550 participiis
1486 1468 1532 1530 vei
1556 1465 1607 1527 ad·
1622 1477 1646 1518 1⁰

317 1576 432 1638 verbiis.

772 1745 821 1806 DE
843 1743 1135 1807 inruntucriunu

273 1880 304 1930 13
401 1864 622 1926 interiectio
649 1864 734 1942 quid
765 1866 837 1925 esti
865 1883 953 1946 pars
982 1865 1184 1926 orationis:
1216 1865 1381 1925 interiectio
1409 1862 1499 1931 dicta,
1531 1858 1609 1939 quod

317 1971 517 2048 interponitur
544 1967 579 2028 ad
609 1966 817 2048 exprimendos
838 1974 953 2028 tautum
977 1969 1067 2028 animi
1089 1969 1219 2030 allectus.
1265 1984 1332 2027 nam
1356 1983 1423 2026 curn
1448 1963 1513 2024 dico
1537 1965 1611 2024 ‘beu

317 2072 430 2132 amicus
454 2089 538 2134 mens
564 2078 698 2131 mortuus
726 2073 795 2140 est',
824 2072 959 2148 significo
988 2089 1023 2130 ex
1053 2071 1159 2132 affectu
1187 2071 1295 2132 mentis
1324 2085 1442 2129 causam
1473 2065 1609 2128 dolendi:
1625 2075 1648 2114 1⁵
1733 2053 1734 2056 ¹

318 2191 390 2253 ergo
413 2172 554 2253 quidquid
576 2174 713 2233 allectum
736 2173 889 2252 exprimit,
912 2173 1080 2236 interiectio
1110 2179 1163 2235 est.
1208 2191 1277 2234 uam
1300 2178 1369 2233 sunt
1389 2170 1612 2231 interiectiones

317 2274 428 2337 similes
449 2274 732 2355 praepositionibus,
756 2293 832 2354 quae
854 2275 924 2336 hinc
945 2274 1168 2355 intelleguntur,
1191 2275 1270 2356 qnod
1292 2273 1528 2356 praepositiones
1550 2290 1612 2332 nou

275 2389 306 2438 14
318 2378 391 2447 sint,
419 2395 474 2457 per
501 2377 638 2439 allectum
667 2384 717 2438 aut
744 2377 900 2454 gaudentis
928 2384 978 2438 aut
1003 2379 1129 2440 dolentis
1157 2385 1208 2442 aut
1230 2377 1402 2439 admirantis
1425 2409 1462 2421 -
1488 2373 1611 2435 luter·

317 2482 476 2540 iectioui
493 2497 583 2558 quae
601 2478 806 2547 accidunti:
831 2479 900 2558 quia
914 2487 984 2542 suut
998 2480 1147 2542 interdum
1163 2482 1304 2543 contusae
1319 2479 1550 2542 interiectiones
1572 2511 1609 2520 -

278 2584 390 2644 robert
411 2581 596 2654 dolorem,
618 2588 657 2643 ut
678 2580 763 2652 beu,
787 2590 848 2642 aut
870 2581 1172 2653 admirationem,
1196 2591 1233 2645 ut
1255 2600 1384 2664 papae:
1408 2580 1468 2642 beu
1491 2579 1649 2658 quantoe

317 2686 486 2746 interiectio
514 2691 559 2745 est
587 2656 727 2753 dolentis,
757 2685 874 2764 quaudo
903 2683 1075 2747 adverbium
1097 2682 1313 2766 respondendi,
1339 2687 1344 2756 Ι
1369 2682 1438 2744 hinc
1461 2680 1610 2761 intellegi·

275 2797 398 2847 16mus:
422 2784 566 2867 producta
587 2787 756 2848 interiectio
778 2795 839 2856 est,
857 2795 993 2867 correpta
1010 2787 1182 2850 adverbium
1199 2785 1409 2867 respondendi.
1438 2820 1470 2831 -
1496 2785 1538 2847 Et
1560 2786 1611 2845 si-

313 2906 390 2977 qua
413 2896 500 2950 suut
520 2890 674 2950 similia:
704 2906 779 2967 quae
801 2908 837 2949 ex
860 2890 968 2951 alleotu
989 2892 1097 2953 mentis
1119 2890 1283 2970 colligenda
1306 2896 1388 2959 suut,
1411 2888 1440 2949 id
1464 2888 1611 2969 estquod

319 3009 425 3051 sonum
447 3008 533 3051 suum
555 2990 705 3053 vocalibus
727 2994 883 3063 misceant,
908 2999 941 3053 ut
962 2992 999 3053 he
1022 2991 1079 3054 obe
1102 3012 1163 3054 vae.

845 3161 893 3224 DE
915 3161 1078 3225 urrann
1625 3169 1649 3209 aa
1733 3212 1734 3215 ,

218 3292 306 3354 sota
404 3279 513 3341 littera
542 3280 612 3359 quid
641 3282 702 3341 esti
730 3299 800 3360 pars
825 3283 945 3343 minima
975 3284 1054 3344 vocis
1081 3282 1260 3345 articulatae.
1298 3282 1394 3344 littera
1423 3281 1498 3343 dicta
1528 3281 1611 3360 quasi

319 3384 459 3462 legitera,
483 3402 519 3443 eo
540 3382 620 3462 quod
645 3381 811 3460 legentibus
829 3386 886 3445 iter
901 3384 1051 3463 praebeat.
1082 3384 1179 3448 littera
1195 3387 1225 3447 in
1242 3384 1314 3447 duas
1329 3386 1445 3466 species
1459 3383 1611 3449 dividitur.

321 3488 423 3549 autin
446 3484 562 3547 vocales
584 3492 634 3546 aut
655 3486 686 3548 iu
709 3494 915 3548 consonantes.
949 3486 1064 3548 vocales
1086 3494 1154 3549 sunt
1177 3489 1248 3549 istae
1270 3488 1414 3566 quinque,
1438 3505 1454 3545 a
1478 3485 1519 3545 ei
1541 3505 1558 3546 o
1582 3504 1611 3555 u,

320 3591 384 3651 sine
407 3588 514 3665 quibus
534 3587 617 3666 loqui
639 3605 697 3648 non
720 3605 895 3666 possumus;
925 3588 1056 3667 reliquae
1079 3589 1182 3651 docem
1206 3598 1234 3649 et
1256 3594 1323 3650 octo
1348 3599 1543 3651 consonantes
1566 3586 1612 3648 di·

320 3699 441 3760 cuutur,
470 3710 506 3751 eo
534 3690 613 3768 quod
642 3708 708 3751 cum
737 3689 886 3752 vocalibus
914 3699 1085 3752 cousouant.
1119 3726 1154 3735 -
1183 3690 1427 3753 nrotculatae:
1461 3692 1528 3771 quia
1552 3690 1649 3753 duo³0

319 3810 429 3869 genera
451 3799 520 3852 sunt
542 3810 660 3862 vocum,
691 3792 812 3880 contusa
833 3810 992 3872 pecorum,
1024 3809 1098 3871 quae
1121 3790 1211 3853 scribi
1233 3811 1293 3853 non
1316 3798 1426 3873 potest,
1456 3792 1612 3854 articulata

321 3892 489 3963 bominum,
514 3909 588 3970 quae
612 3895 670 3972 legi
692 3900 722 3955 et
743 3893 834 3955 scribi
858 3901 963 3973 potest.
1002 3893 1117 3955 litterae
1139 3896 1234 3975 ipsae,
1258 3896 1283 3955 si
1305 3894 1340 3955 ad
1364 3895 1509 3957 elementa
1532 3896 1612 3957 rele-

321 4013 437 4066 ramus‚
461 3977 561 4056 neutri
580 3998 699 4075 generis
721 4006 806 4067 suut,
829 3998 906 4057 sicut
927 3996 1042 4058 Tullius
1065 3996 1153 4066 dixit,
1178 4004 1210 4055 ut
1231 3996 1288 4057 hoc
1310 4016 1348 4069 m,
1373 3995 1430 4057 hoc
1453 3998 1477 4068 l;
1504 4000 1529 4059 si
1551 3993 1610 4083 adl

320 4100 400 4178 ipsas
420 4098 550 4168 litteras,
572 4100 716 4161 feminini.
747 4099 895 4162 Romanas
918 4098 1031 4161 litteras
1051 4100 1150 4179 primo
1166 4100 1330 4162 Carmentis
1351 4099 1493 4181 nympha,
1517 4108 1613 4163 mater

390 4319 454 4369 God.
474 4319 555 4369 Bere.
575 4321 610 4370 lv
628 4318 728 4373 ‘tl-6.
799 4320 815 4375 3
836 4319 936 4388 localis]
958 4321 1055 4371 boeelis
1072 4337 1140 4376 coar.
1156 4326 1190 4376 ai.
1211 4338 1274 4375 neon.
1295 4323 1392 4373 uocalis
1472 4322 1611 4387 liquando

322 4388 423 4439 uocales
496 4388 528 4440 14
545 4389 596 4440 heu
614 4406 661 4441 om·
723 4389 758 4441 20
776 4406 842 4457 pape
904 4394 979 4441 ‘idat
996 4391 1029 4443 he
1048 4408 1077 4442 oe
1098 4408 1129 4442 uo
1194 4393 1229 4445 27
1248 4394 1372 4458 legitorad
1390 4394 1470 4455 (corr.
1488 4394 1524 4443 ui.
1543 4410 1609 4443 man.

320 4459 428 4525 legitera
448 4458 492 4522 ad)
511 4460 579 4523 quod
649 4458 822 4512 socratesne
840 4461 935 4524 quidue
1007 4462 1039 4513 31
1060 4472 1188 4528 pectorum
1259 4463 1292 4511 :to
1312 4462 1390 4512 nimia

392 4652 405 4701 l
423 4650 525 4715 quaudo
542 4650 666 4702 itiueralis
679 4650 763 4711 luerit,
781 4650 892 4701 ablotiuo
905 4650 994 4713 seruit,
1013 4651 1113 4713 quaudo
1134 4650 1220 4703 localis
1238 4651 1383 4701 aecusatino
1401 4660 1426 4701 et
1442 4652 1533 4703 deinde
1551 4654 1613 4717 quia

259 4761 265 4770 .
322 4729 349 4769 ut
366 4720 420 4770 dixi
441 4720 529 4771 loculis
547 4724 691 4774 accrrsativo
708 4720 841 4771 Patrobios
912 4718 1311 4785 dmulta]Verp.Aen.1750
1382 4722 1608 4789 iadiectiouibus]

321 4791 476 4841 dictionibus
493 4792 607 4843 Donatus
674 4793 707 4842 27
725 4791 833 4856 legitera
849 4790 907 4839 ideo
927 4792 996 4853 quod
1014 4792 1146 4843 thscbius
1216 4791 1250 4844 33
1269 4788 1379 4856 Tullius]
1400 4793 1529 4843 Ciceronis
1543 4798 1613 4843 teoti-

321 4864 399 4913 rmum
415 4862 541 4913 incudem
557 4878 587 4913 re
604 4878 664 4914 usur
681 4860 957 4926 arremarenses
974 4861 1014 4915 ed.
1034 4862 1111 4915 hind.
