3525 5600
610 407 682 472 ARS
712 406 923 470 lli-1112
1346 401 1410 467 459

153 517 315 572 preesse.
427 551 434 562 ,
1228 513 1384 566 pithoei„

131 600 261 670 adaeras;
284 597 350 658 laus
373 596 469 659 laudis
491 597 577 658 laudo
599 597 715 668 laudas,
738 598 821 658 fraus
843 597 948 658 lraudo
969 594 1105 664 lraudas;
1127 613 1184 674 pax
1206 613 1279 675 paco
1306 612 1409 674 pacas;

132 719 182 761 ner
204 701 287 760 uocis
309 717 383 760 neco
405 717 508 770 nesae,
536 697 645 759 vindex
666 699 794 760 vindicis
814 699 934 760 vindico
955 698 1101 767 vindicas,
1130 697 1219 757 iudex
1241 696 1342 756 iudico
1365 701 1409 759 iu·

132 804 220 872 dicae,
249 820 351 863 remex
378 804 491 878 remigo
519 803 663 878 remiges,
693 801 740 862 lex
768 801 833 878 lego
865 801 961 878 legas;
995 798 1080 860 radix
1114 799 1233 859 eradico
1266 799 1410 865 eradicas,

133 905 228 964 cornix
256 905 394 964 cornicor
416 903 594 972 cornicaris;
623 921 678 964 vox
705 921 777 963 voco
799 920 900 971 vocas,
931 920 986 961 uox
1015 902 1112 960 noetis
1137 908 1280 980 pernocto
1305 918 1411 981 perno-

113 1013 203 1075 octas;
225 1023 322 1076 merx,
347 1007 456 1066 merois
477 1021 594 1065 mercor
616 1005 774 1073 mercaris:
797 1002 894 1064 hiems
915 1002 1024 1063 hiemis
1045 1003 1144 1064 hiemo
1165 1002 1294 1073 hiemas;
1326 1020 1411 1082 prae·

134 1126 198 1187 ceps
218 1109 394 1188 praecipitis
415 1108 582 1186 praecipito
603 1108 793 1185 praecipitas.

210 1210 232 1270 b
247 1217 353 1290 quarta
368 1211 458 1270 etiam
474 1216 504 1269 et
518 1211 631 1288 quinta,
648 1218 748 1268 aestus
762 1214 866 1268 aestuo
880 1214 1010 1278 aestuas,
1033 1206 1141 1268 lluctus
1154 1206 1265 1267 lluotuo
1279 1206 1412 1274 lluctuas,

136 1313 268 1374 turnultus
290 1311 454 1372 tumultuor
475 1308 680 1382 tumultuaris,
704 1309 773 1387 gelu
796 1308 862 1387 gelo
883 1309 980 1387 gelos;
1009 1311 1040 1369 in
1068 1327 1116 1378 es,
1144 1316 1176 1368 ut
1198 1308 1297 1369 rabies
1319 1307 1413 1368 rabiei

135 1415 210 1475 rabio
238 1412 352 1484 rabias,
381 1415 491 1474 macies
518 1413 615 1472 macio
643 1413 767 1481 mucias,
798 1413 943 1472 maceries
963 1429 1081 1471 macero
1108 1429 1254 1481 maceras,
1282 1410 1415 1470 luxuries

105 1532 124 1571 ro
135 1517 244 1577 luxurio
266 1515 413 1585 luxurias,
443 1516 554 1593 glacies
582 1513 678 1591 glacio
700 1513 819 1591 glacies
863 1513 934 1573 licet
960 1532 1053 1594 pauca
1081 1514 1143 1573 sint
1163 1512 1269 1573 barum
1285 1511 1416 1573 duarum

136 1618 361 1679 declinationum
390 1617 537 1697 exempla,
567 1617 636 1695 quia
663 1615 805 1695 pleraque
833 1618 954 1700 nomina
981 1622 1104 1695 quartae
1132 1615 1340 1676 declinationis
1371 1617 1415 1675 in-

137 1721 328 1800 corporalium
349 1727 417 1779 sunt
439 1736 540 1779 rerum
566 1716 708 1778 vocabula
736 1725 766 1776 et
792 1719 856 1796 ipsa
878 1719 974 1796 magis
995 1736 1012 1777 a
1034 1716 1134 1778 verbis
1155 1717 1287 1778 derivata
1310 1735 1418 1796 cogno·

137 1829 265 1893 sennim,
301 1829 333 1882 ut
360 1822 442 1880 visus
469 1821 552 1880 nisus
585 1826 683 1880 motus
710 1826 817 1890 nutus;
845 1819 985 1900 idemque
1011 1826 1111 1899 potest
1137 1821 1228 1880 etiam
1256 1822 1288 1879 in
1315 1821 1418 1899 quinta

137 1923 329 2004 deprehendi,
353 1929 386 1982 ut
407 1923 486 1982 acies
508 1922 600 1982 iacies
622 1920 695 1981 fides
718 1938 776 1981 res·
834 1946 837 1955 ·

106 2042 126 2081 u
215 2025 256 2086 Ex
280 2023 419 2084 omnibus
440 2025 540 2103 itaque
564 2041 653 2102 supra
677 2024 796 2103 scriptis
812 2023 956 2104 exempbs
976 2024 1133 2084 manifeste
1155 2030 1351 2084 monstratum
1374 2031 1420 2085 est
1459 2054 1464 2063 ·

137 2127 170 2187 de
192 2124 360 2187 nominibus
383 2125 461 2186 lacta
482 2124 576 2185 verba
604 2125 719 2204 primae
749 2142 813 2185 esse
843 2127 1072 2203 coniugationis.
1116 2125 1172 2186 hoc
1201 2145 1318 2206 quoque
1340 2125 1419 2185 idem

138 2230 320 2288 econtrario
342 2235 440 2308 potest
461 2226 629 2295 observari,
658 2233 706 2296 ut,
735 2227 833 2306 siquid
863 2226 988 2288 verbum
1015 2229 1128 2288 nomini
1156 2230 1322 2307 appositum
1350 2246 1419 2287 oon-

138 2337 253 2391 sonante
277 2329 474 2410 praecedente
497 2348 555 2389 non
579 2330 617 2389 sit
639 2329 753 2407 primae
776 2331 1011 2408 coniugationis,
1040 2348 1099 2390 non
1127 2349 1164 2390 ex
1186 2333 1305 2390 nomine
1328 2330 1419 2390 dedu·

137 2441 227 2503 ctum,
250 2431 303 2492 sed
325 2433 454 2493 nominis
476 2450 541 2491 esse
565 2431 746 2510 principium
768 2440 979 2508 cognoscatur,
1001 2438 1035 2492 ut
1057 2431 1158 2492 scribo
1179 2431 1290 2492 scribis
1311 2431 1418 2500 scriba,

104 2535 256 2595 mauronto
290 2533 411 2594 advenis
441 2532 567 2601 advena,
600 2528 747 2612 perllugio
776 2536 911 2613 perfugis
945 2535 1083 2615 perfuga,
1116 2534 1195 2595 molo
1220 2532 1307 2594 molis
1333 2533 1419 2602 mola,

136 2636 254 2697 consulo
276 2634 406 2696 consulis
428 2634 547 2704 consul,
570 2633 644 2694 vado
666 2634 748 2696 vadis
764 2636 870 2696 vadum
893 2642 924 2696 et
937 2635 987 2696 hic
1009 2655 1072 2705 vas,
1096 2653 1198 2714 mergo
1213 2637 1325 2714 mergis
1346 2635 1420 2705 haec

136 2757 249 2817 merges
271 2738 420 2816 mergitis,
451 2742 572 2818 quiesco
594 2738 725 2818 quiescis
747 2737 820 2798 haec
843 2740 944 2817 quies,
974 2736 1066 2800 caedo
1088 2737 1188 2800 caedis
1209 2737 1282 2797 haec
1304 2737 1420 2808 caedes,

136 2842 184 2902 luo
203 2841 259 2902 luis
281 2840 355 2901 haec
376 2838 450 2909 lues,
474 2848 556 2901 struo
573 2834 585 2921 ll
605 2842 698 2900 struis
720 2839 792 2901 haec
815 2848 922 2910 strues,
945 2847 1045 2901 metuo
1059 2843 1168 2901 metuis
1189 2847 1296 2910 metus,
1320 2838 1421 2916 tribuo

136 2943 242 3004 tribuis
269 2940 380 3011 tribue,
409 2959 499 3020 parco
525 2944 626 3021 parcis
654 2960 775 3022 pareus,
806 2942 927 3020 gradior
954 2943 1091 3020 graderis
1117 2942 1240 3020 gradus,
1269 2941 1327 3001 lido
1354 2941 1422 3001 fidis

101 3046 224 3115 roridos,
253 3043 350 3124 pando
378 3043 484 3122 pandis
513 3043 641 3123 pandus,
671 3062 742 3104 cooo
771 3045 851 3105 cocis
879 3062 982 3113 cocus,
1011 3044 1081 3104 ludo
1103 3044 1181 3105 ludis
1203 3042 1303 3114 ludus,
1333 3062 1422 3103 curro

136 3148 232 3207 curris
255 3163 375 3214 currus,
404 3148 470 3205 viro
493 3146 566 3205 vivis
587 3147 686 3215 rivus;
716 3153 746 3205 et
771 3146 886 3225 reliqua
907 3146 1015 3217 verba,
1044 3164 1119 3226 quae
1146 3153 1215 3206 sunt
1241 3152 1421 3214 enumerata,

135 3268 203 3309 curn
224 3244 467 3309 monstrabantur
489 3248 623 3315 nomina,
653 3264 727 3326 quae
756 3246 792 3307 de
817 3245 977 3308 indicativo
999 3250 1164 3328 praesentis
1187 3251 1330 3327 temporis
1356 3266 1422 3308 ver-

136 3349 242 3409 borum
268 3349 401 3409 derivata
428 3364 486 3407 non
515 3345 706 3425 generalibus
734 3348 872 3409 clausulis
900 3346 1058 3410 terminata
1085 3368 1141 3409 nec
1169 3353 1201 3410 in
1225 3350 1327 3411 multis
1349 3350 1423 3411 adeo

134 3450 304 3511 nominibus
331 3452 450 3509 inventa
478 3448 655 3528 probantur,
685 3452 755 3529 quia
782 3452 880 3510 omnia
908 3451 997 3512 rerba
1025 3469 1100 3531 quae
1127 3470 1186 3512 non
1213 3459 1283 3513 sunt
1309 3454 1423 3531 primae

101 3566 123 3605 ω
136 3554 371 3631 coniugationis,
395 3554 529 3631 quamvis
552 3551 715 3613 adbaerent
737 3552 923 3623 nominibus,
945 3572 1004 3614 uon
1027 3551 1064 3613 ab
1085 3552 1146 3613 illis
1167 3553 1235 3614 duci
1257 3562 1424 3615 monstran-

135 3663 199 3724 tur,
225 3654 313 3713 sede
337 3654 488 3713 contrario
510 3642 664 3713 nominum
687 3672 753 3713 esse
776 3654 948 3733 primordia.
994 3654 1122 3715 lormido
1144 3673 1260 3735 quoque
1282 3656 1423 3716 formidas

134 3765 164 3817 et
186 3755 283 3833 caligo
310 3755 420 3832 caligas
448 3762 477 3813 et
504 3772 636 3834 propago
664 3772 809 3834 propagas
837 3762 867 3815 et
888 3756 975 3835 palpo
998 3755 1098 3835 palpas
1120 3763 1151 3815 et
1172 3756 1278 3833 indago
1302 3757 1424 3833 indagas

133 3856 243 3926 rerba,
265 3856 335 3916 licet
356 3858 470 3935 primae
494 3864 563 3917 sunt
584 3858 801 3935 coniugationis
823 3864 853 3917 et
877 3857 989 3918 habent
1011 3858 1203 3918 adhaerentia
1225 3856 1284 3917 sibi
1304 3860 1424 3918 nourina

133 3958 264 4020 lormido
286 3958 381 4036 caligo
402 3975 534 4039 propago
555 3958 643 4037 palpo
665 3958 787 4037 indago,
818 3966 931 4030 tamen,
961 3961 1030 4039 quia
1052 3978 1110 4020 non
1133 3959 1315 4040 respondent
1336 3960 1423 4039 sylla-

99 4076 121 4113 35
134 4060 179 4121 bis
202 4062 329 4139 genitivi
345 4063 511 4131 nominum,
535 4062 643 4121 merito
657 4061 731 4121 mihi
746 4060 886 4121 videntur
900 4062 994 4138 magis
1016 4063 1134 4122 nomina
1151 4061 1188 4121 de
1203 4060 1295 4121 verbo
1309 4061 1423 4130 tulisse,

134 4181 226 4242 quam
251 4163 286 4222 de
308 4161 480 4223 nominibus
502 4164 566 4242 ipsa
588 4162 733 4224 traducta.
777 4181 846 4223 uam
869 4154 900 4222 eb
920 4165 1015 4241 siquis
1035 4164 1107 4224 velit
1134 4165 1287 4225 attendere
1309 4165 1424 4243 perspi·

204 4336 293 4383 dnox
311 4330 403 4397 noctis]
425 4346 521 4399 pernox
539 4333 564 4382 B
619 4331 813 4381 bmeroerlsM
832 4331 950 4381 hiemeP
1001 4330 1123 4398 letiam]
1144 4334 1248 4383 eoimP
1297 4332 1425 4382 llmacies

134 4404 217 4453 mocio
238 4417 269 4452 os
287 4404 408 4453 maceries
428 4402 535 4452 macerie
556 4403 668 4452 luxories
687 4401 785 4451 luxorio
799 4403 824 4451 P
839 4404 935 4452 macies
947 4403 1028 4451 mocio
1046 4404 1086 4452 uel
1104 4418 1202 4453 macero
1222 4404 1337 4452 luxuries·
1352 4403 1426 4451 luxu-

134 4476 172 4522 rio
189 4471 216 4523 B
290 4472 321 4525 11
346 4472 534 4538 plerumqueP
601 4470 634 4522 13
656 4470 743 4537 nutus]
767 4472 835 4523 risus
854 4473 879 4521 P
947 4472 1057 4535 itemque
1073 4474 1099 4521 P
1165 4474 1198 4524 14
1215 4470 1386 4537 conprehendi
1403 4471 1428 4519 P

206 4543 239 4594 17
258 4542 343 4606 siquid
363 4542 466 4591 uerbum
485 4542 580 4592 nomini
598 4543 743 4607 appositum
758 4541 912 4607 (obpositum
928 4556 996 4612 corr.
1016 4557 1076 4607 epp.
1092 4539 1131 4604 B)
1146 4540 1193 4604 Bf
1205 4543 1296 4605 siquod
1319 4542 1425 4590 uerbum

135 4614 234 4662 nomini
251 4612 334 4661 simile
355 4610 480 4675 Pslquid
497 4612 579 4661 simile
598 4612 703 4661 uerbum
721 4612 817 4661 nomini
838 4611 982 4676 appositum
1000 4618 1011 4660 t
1097 4611 1130 4661 19
1150 4621 1317 4677 cognoscatur
1337 4626 1382 4660 om.
1402 4610 1428 4658 B

203 4683 238 4733 21
262 4682 353 4731 vadum
372 4688 397 4730 et
416 4696 461 4735 om.
481 4682 506 4731 B
575 4682 609 4731 25
623 4695 683 4730 coco
701 4696 776 4731 cocus
790 4683 814 4731 P
829 4695 909 4743 coquo
925 4695 1004 4743 coque
1024 4680 1105 4743 (corr.
1121 4681 1211 4746 quus)
1229 4680 1255 4730 B
1324 4680 1358 4730 28
1376 4690 1426 4729 ter-

135 4753 264 4803 minantia
282 4753 306 4800 P
375 4750 410 4800 29
429 4751 592 4815 queeomula
611 4750 763 4814 uerbaquia
783 4766 831 4800 non
852 4759 947 4806 suots
1016 4748 1083 4802 310
1107 4753 1233 4801 contrario
1256 4760 1427 4815 possuntho-

135 4824 232 4871 minum
255 4821 281 4869 P
348 4820 479 4882 lormidos,
496 4822 601 4887 caligas,
622 4836 751 4887 propagas
769 4836 815 4871 orn.
834 4820 890 4869 BP
971 4818 1004 4870 32
1023 4821 1133 4887 indagor
1151 4821 1325 4887 indagarieP
1393 4818 1427 4870 36

135 4894 192 4960 lpse
210 4891 341 4957 producte
360 4889 416 4940 BP
431 4893 505 4941 etiam
525 4893 582 4956 ipsa
600 4892 713 4941 traducta
727 4899 737 4941 t
749 4892 804 4956 ipsa
819 4890 928 4941 deducta
946 4892 1038 4955 esses

1160 4974 1226 5039 30*
