3525 5600
658 356 895 422 COMMENTVM
1368 361 1427 424 133

151 543 253 624 hapud
273 544 391 605 Latinos
411 547 451 606 ita
474 548 506 608 lit
529 547 581 625 Η.
616 546 717 628 scinde
739 547 797 609 hoc
816 549 913 628 ipsum
941 548 1071 610 medium
1096 470 1428 631 [apiceanppfssgcpffl

151 665 224 712 unam
246 645 356 718 dasian,
379 667 468 710 unam
490 649 596 729 psilen.
640 650 732 710 scissa
754 649 804 710 illa
827 649 924 712 littera
948 649 1069 712 utillud
1093 659 1122 711 et
1144 651 1216 712 illud
1239 653 1383 715 secernunt.

646 836 695 898 DE
717 837 914 930 rostrvnrs

217 975 256 1035 lle
282 975 424 1054 posituris
450 972 529 1054 quod
552 979 674 1043 tractat,
702 973 775 1034 nihil
797 982 852 1035 est.
899 973 986 1036 docet
1008 993 1095 1054 quem
1118 974 1154 1034 ad
1177 975 1298 1038 modum
1321 963 1497 1056 distin-ter,
1511 997 1543 1044 37

129 1086 238 1157 spuatur
264 1076 368 1137 codex.
412 1078 438 1137 si
464 1077 509 1136 ris
536 1075 658 1156 plenum
680 1094 800 1137 sensum
823 1076 996 1156 designare,
1021 1083 1164 1156 punctum
1186 1097 1264 1158 pone
1287 1078 1322 1140 ad
1345 1063 1543 1139 sum-4⁸4⁹23

148 1199 209 1240 maur
230 1177 373 1246 litteram;
402 1180 428 1240 si
451 1179 493 1238 vis
516 1178 662 1248 medium,
685 1177 722 1238 ad
744 1179 871 1240 mediam
894 1178 1022 1240 litteram
1046 1198 1123 1258 pone
1145 1186 1305 1260 punctum
1335 1182 1360 1240 si
1384 1183 1426 1242 vis

146 1280 286 1342 ostendere
309 1280 458 1342 modicum
480 1298 636 1360 superesse
659 1279 696 1340 de
719 1299 824 1350 sensu,
847 1279 883 1342 ad
908 1282 997 1340 imam
1020 1279 1148 1343 litteram
1171 1301 1248 1362 pone
1270 1290 1423 1362 punctum.

145 1387 177 1444 ita
200 1381 286 1444 dehes
311 1381 498 1443 discernere:
527 1381 646 1460 quando
673 1381 778 1462 plenus
801 1390 846 1442 est
873 1388 904 1443 et
930 1383 1047 1461 integer
1069 1403 1190 1458 sensus,
1220 1383 1255 1479 ad
1279 1403 1424 1458 summam

146 1487 256 1546 litteram
277 1485 417 1563 ponimus
438 1492 598 1564 punctunu
627 1483 745 1564 quando
772 1483 890 1545 medius
913 1491 970 1560 est,
1001 1494 1035 1546 ut
1056 1496 1125 1566 puta
1150 1494 1291 1564 qnantum
1316 1486 1424 1548 dixeris

119 1609 136 1646 n
147 1595 242 1649 tantum
265 1589 409 1668 supersit,
433 1587 470 1648 ad
484 1586 612 1647 mediam
629 1588 780 1666 ponimus;
804 1584 922 1664 quando
937 1585 1090 1666 paululum
1104 1596 1241 1668 superest
1256 1595 1285 1650 et
1300 1609 1422 1670 suspen-

146 1690 257 1751 dendum
284 1696 343 1758 est,
374 1689 527 1770 adimam
555 1684 562 1770 Ι
589 1688 718 1750 litteram
746 1689 894 1768 ponimns.
939 1687 1028 1768 plane
1056 1688 1120 1752 oola
1143 1698 1172 1752 et
1195 1698 1339 1752 commata
1363 1711 1422 1753 non

144 1800 201 1854 sunt
218 1799 314 1872 partes
335 1793 494 1862 orationis,
522 1789 575 1852 sed
598 1799 698 1872 partes
719 1787 850 1870 periodi,
879 1789 909 1850 id
933 1797 1061 1853 estnon
1085 1799 1155 1854 sunt
1176 1793 1308 1854 membra
1333 1812 1421 1872 quae-

146 1895 202 1955 dam
222 1895 367 1962 continua,
392 1894 443 1955 sed
466 1901 566 1974 partes
589 1902 659 1955 sunt
680 1895 888 1954 continuorum
912 1892 1124 1955 membrorum.
1169 1903 1201 1958 ut
1222 1902 1292 1975 puta
1315 1897 1420 1966 oratio,

145 1994 244 2076 quando
270 1997 386 2074 integra
414 2006 471 2065 est,
500 1994 642 2074 periodos
669 2002 728 2063 est;
757 2001 857 2074 partes
885 1995 978 2074 ipsius
999 1993 1114 2076 periodi
1138 1997 1202 2057 cola
1226 2005 1256 2084 et
1277 2005 1421 2058 commata

117 2108 207 2158 nsunt.
236 2105 268 2157 ut
285 2105 355 2176 puta
379 2103 590 2177 ‘quousque
612 2096 759 2158 tandem
782 2094 952 2166 abutere,
973 2096 1152 2159 Catilina’
1176 2087 1301 2160 nonest
1324 2107 1420 2179 eaput,

144 2198 187 2260 sed
206 2197 289 2260 solon
312 2208 374 2268 est,
402 2203 526 2278 ‘quam
556 2198 619 2260 diu
646 2200 720 2259 iste
742 2199 850 2260 luror
873 2207 957 2260 tuus
979 2217 1045 2261 nos
1074 2199 1222 2262 eludet’
1252 2198 1337 2262 colon
1366 2208 1421 2270 est,

144 2306 250 2381 ‘quem
278 2300 323 2360 ad
351 2301 466 2361 linem
497 2319 580 2360 sese
606 2299 767 2361 iactabit
793 2299 966 2361 audacia’
995 2297 1081 2362 colon
1111 2311 1172 2372 est,
1202 2301 1363 2363 ‘nihilne
1387 2311 1421 2363 te

144 2413 350 2464 nocturnum
372 2401 601 2483 praesidium
623 2400 778 2462 Palatii’
801 2402 889 2463 colon
912 2409 964 2464 est.
994 2409 1066 2482 puta
1089 2402 1224 2483 ‘siquis
1246 2413 1418 2474 vestrum,

144 2505 285 2575 indices,
315 2512 377 2566 aut
399 2523 523 2565 eornm
546 2505 608 2584 qui
630 2503 768 2565 adsunt
794 2504 894 2566 iorte
922 2507 1107 2566 mirantur
1136 2510 1217 2566 me'.
1262 2503 1325 2565 cola
1354 2511 1422 2566 sunt

115 2610 188 2667 sista
207 2608 310 2668 omnia.
354 2605 458 2668 uhiuhi
480 2605 706 2686 suspendendus
729 2614 775 2666 est
796 2625 902 2668 sensus
925 2607 977 2676 ita,
1003 2614 1034 2667 ut
1057 2625 1111 2667 nec
1133 2609 1192 2668 iam
1215 2607 1347 2668 videatur
1370 2625 1419 2666 er-

144 2709 225 2788 pletus
252 2729 307 2770 nee
329 2708 406 2769 desit
426 2707 554 2786 aliquid,
586 2707 672 2770 colon
695 2709 811 2769 dieitur.
855 2727 927 2787 ergo
949 2709 1089 2788 periodos
1112 2716 1157 2770 est
1179 2709 1293 2787 integra
1316 2710 1419 2778 oratio,

144 2814 272 2891 integrum
295 2820 397 2892 caput;
432 2819 532 2891 partes
554 2820 652 2873 autem
674 2812 768 2891 ipsius
790 2812 896 2891 capitis
918 2810 1103 2891 appellantur
1126 2810 1190 2872 oola
1213 2819 1243 2872 et
1264 2817 1418 2873 commata,

144 2914 189 2973 hoc
215 2914 330 2993 quidem
360 2914 439 2993 apud
468 2921 601 2974 oratores
629 2913 802 2974 indifferens
831 2922 892 2982 est;
922 2912 997 2993 apud
1025 2922 1127 2993 poetas
1150 2911 1273 2975 multum
1297 2914 1421 2974 interest

144 3017 208 3075 iuter
228 3015 312 3076 colon
336 3022 366 3075 et
387 3033 513 3076 comma.
542 3033 610 3075 nam
634 3014 685 3075 uhi
705 3024 773 3095 post
788 3015 863 3076 duos
885 3016 977 3095 pedes
998 3022 1135 3095 superest
1156 3014 1281 3094 syllaba,
1304 3034 1418 3075 consuta

117 3125 194 3186 essm
220 3118 266 3179 uhi
294 3128 362 3197 post
388 3116 463 3178 duos
489 3117 581 3197 pedes
609 3117 698 3187 nihil,
727 3117 814 3178 colon
842 3127 895 3177 est.
942 3125 974 3178 ut
1001 3124 1069 3197 puta
1093 3116 1205 3177 ‘arma
1230 3118 1420 3195 virumque

144 3223 245 3287 cano',
267 3222 379 3279 armavi
402 3236 563 3297 rumqneca
585 3238 641 3287 no;
664 3238 734 3296 ecce
756 3227 825 3299 post
846 3219 922 3280 ditos
936 3219 1027 3299 pedes
1042 3226 1179 3298 superest
1201 3218 1324 3299 syllaba:
1349 3238 1418 3279 ecee

145 3320 189 3380 hoe
208 3320 367 3401 appellatur
382 3340 506 3381 comma.
537 3323 562 3381 si
585 3320 666 3381 dieas
687 3321 807 3400 ‘Tityre
830 3324 985 3392 maxime’,
1008 3322 1111 3402 Tityre
1134 3322 1260 3381 manime
1276 3321 1334 3380 duo
1350 3330 1419 3381 sunt.

145 3422 247 3501 dactyli,
275 3442 345 3483 eece
375 3420 379 3500 Ι
409 3422 483 3483 nihil
511 3430 661 3503 superest,
689 3424 742 3483 sed
770 3424 828 3502 ipsi
850 3422 942 3501 pedes
965 3425 1070 3484 liniunt
1091 3425 1184 3503 ipsam
1209 3421 1416 3491 elocutionem,

144 3544 207 3603 quae
226 3523 389 3605 appellatur
412 3524 509 3585 colon.
540 3524 617 3605 apud
640 3534 774 3587 oratores
796 3526 923 3586 incisum
939 3524 1064 3587 dicimus
1087 3534 1117 3586 et
1137 3531 1317 3605 protentum.
1347 3544 1416 3605 pro·

581 3762 609 3796 es
877 3762 885 3781 ·

201 3815 212 3864 l
233 3813 248 3862 h
270 3815 339 3879 apud
360 3815 452 3865 latinos
474 3816 512 3871 itn
531 3813 560 3864 llt
575 3816 613 3864 sic
631 3814 692 3863 lnde
710 3813 739 3877 (h
758 3815 827 3879 apud
851 3814 945 3865 latinos
969 3815 1028 3863 inde
1049 3812 1076 3861 ht
1094 3814 1180 3861 scinde
1198 3812 1235 3877 B)
1263 3813 1310 3863 hoc
1333 3814 1415 3879 ipsum

145 3884 239 3933 mcdimn
263 3886 362 3949 apicem
379 3893 406 3933 et
425 3884 508 3934 iecisti
528 3900 603 3934 urnam
621 3884 710 3933 dasian
734 3900 809 3933 unam
835 3883 936 3951 phislen
961 3884 1055 3951 (psilen
1073 3882 1109 3944 Β)
1126 3884 1209 3933 scisse
1230 3882 1273 3932 ille
1291 3883 1374 3933 littera
1393 3894 1417 3933 et

145 3954 196 4001 illud
216 3962 239 4002 et
255 3955 317 4004 illud
334 3955 380 4017 (de
398 3956 460 4007 cdd.
480 3955 516 4014 Bt
539 3954 653 4004 lecerunt
672 3954 723 4004 BG
744 3954 760 4003 h
785 3955 853 4019 apud
872 3956 964 4004 latinos
984 3955 1018 4003 its
1038 3952 1065 4001 lit
1085 3952 1144 4001 lude
1163 3953 1246 4019 (corr.
1266 3954 1353 4003 scinde
1372 3953 1417 4017 α*)

144 4021 182 4071 hoc
204 4025 282 4089 ipsam
306 4024 388 4087 (corr.
407 4025 484 4091 ipsud
498 4022 527 4087 a)
549 4026 660 4074 medinm
682 4025 782 4089 apicem
811 4033 836 4073 et
861 4024 943 4074 iecisti
972 4039 1047 4074 unam
1072 4024 1106 4070 da
1127 4022 1233 4073 litteram
1258 4025 1313 4073 sian
1341 4039 1415 4071 unsm

146 4094 175 4156 psi
192 4134 312 4148 ,,,,,,,
336 4094 440 4158 (dasian
456 4110 531 4143 unam
551 4095 635 4159 psilen
657 4092 688 4157 a)
712 4095 793 4144 scisse
816 4094 860 4143 ille
880 4134 1005 4149 ,,,,,,,
1025 4092 1080 4154 (illa
1100 4092 1183 4142 littere
1201 4105 1226 4144 et
1242 4092 1287 4157 α’)
1311 4092 1417 4143 illudet

146 4162 195 4211 illud
209 4163 328 4231 „recerunt
347 4164 371 4213 A
388 4163 406 4213 h
422 4172 482 4230 aput
502 4165 594 4213 letinos
612 4167 648 4213 its
663 4164 691 4212 tlt
709 4164 768 4213 inde
782 4164 832 4213 hoe
850 4165 933 4229 ipsum
951 4163 1062 4214 medium
1082 4162 1180 4226 apicem
1196 4173 1221 4214 et
1239 4163 1322 4214 iecisti
1340 4178 1415 4211 unam

146 4233 171 4279 ds
190 4232 215 4281 lit
232 4234 310 4283 silesn
330 4250 387 4283 .m.
406 4250 484 4285 unam
502 4234 591 4284 sileam
610 4234 691 4285 seisss
709 4233 754 4283 ills
766 4233 858 4283 sillnbs
875 4242 901 4283 et
916 4234 978 4283 illud
997 4233 1109 4283 lecerunt
1130 4232 1153 4280 L
1222 4234 1239 4284 6
1256 4234 1289 4283 sd
1307 4234 1416 4283 mediam

146 4300 236 4351 litteram
250 4306 272 4352 si
292 4306 332 4354 uis
348 4304 375 4353 A
398 4305 430 4354 ed
448 4305 558 4353 medium
576 4304 683 4354 litteram
708 4318 775 4369 pone
798 4313 929 4369 punctum.
964 4305 999 4353 ita
1020 4305 1089 4364 (nem
1108 4301 1146 4363 B)
1171 4304 1248 4353 debes
1273 4304 1417 4353 discernere

146 4373 230 4431 quaudo
247 4375 339 4439 plenus
359 4385 398 4424 est
414 4383 439 4425 et
457 4377 555 4439 integer
573 4390 663 4424 sensus
683 4377 705 4423 si
722 4376 761 4423 uis
778 4374 832 4424 BG
899 4374 916 4425 9
935 4382 1057 4436 quantum
1075 4372 1173 4423 dixeris
1191 4380 1287 4422 tentum
1305 4375 1417 4439 supersit

146 4442 257 4492 tuntum
275 4444 371 4494 dixeris
389 4456 414 4493 et
431 4453 529 4494 tuntum
546 4445 658 4509 supersit
674 4444 730 4493 AB
784 4445 815 4495 ll
831 4449 890 4505 post
907 4444 1024 4507 ponimns
1043 4443 1068 4493 in
1081 4444 1133 4505 fine
1145 4445 1254 4508 popinae
1272 4444 1335 4493 daec
1352 4442 1414 4497 add,

146 4514 189 4559 nior
202 4529 287 4578 usurp..
307 4514 391 4563 dictae
410 4523 492 4564 entem
510 4516 641 4580 positurae
662 4514 702 4564 uel
721 4515 780 4577 quin
793 4515 892 4579 punctis
906 4514 997 4577 positis
1016 4513 1169 4561 adnotantur
1183 4512 1222 4561 uel
1239 4513 1299 4575 quin
1311 4512 1347 4561 ihi
1366 4526 1415 4561 uox

146 4596 181 4643 pro
199 4583 326 4633 interuallo
345 4585 514 4634 distinctionis
531 4586 674 4650 deponitur.
693 4584 741 4634 has
755 4586 826 4647 greci
845 4582 924 4632 thesis
943 4584 1012 4633 latini
1030 4583 1157 4647 posituras
1174 4594 1267 4631 nocent
1337 4580 1370 4631 13
1390 4591 1416 4631 ut

146 4662 193 4714 prta
208 4654 285 4702 oratio
299 4650 355 4704 esth
374 4664 402 4704 ut
420 4664 481 4721 pute
495 4669 557 4719 pers
572 4655 692 4704 orationis
709 4654 768 4713 BC,
788 4670 834 4707 om.
853 4653 878 4702 A
949 4652 981 4703 15
1000 4650 1143 4719 qtronsquc]
1166 4652 1217 4705 (dc.
1234 4654 1259 4703 in
1278 4652 1352 4705 coeit.
1371 4654 1380 4701 l
1400 4653 1413 4702 l
1437 4692 1443 4703 ,

67 4718 74 4733 “
200 4722 297 4773 abutere
310 4724 357 4773 Ba
373 4726 478 4776 abutero
498 4725 519 4774 0
532 4726 606 4774 nhute
623 4725 648 4773 A
703 4722 818 4791 turnus]
841 4732 898 4773 tuos
919 4723 942 4771 A
1002 4724 1034 4773 17
1051 4723 1155 4772 iactauit
1173 4722 1255 4772 ABG
1305 4718 1412 4789 nihilne]

148 4789 229 4843 nitito
294 4794 326 4845 18
348 4792 442 4861 siquis]
464 4796 514 4845 Cic.
534 4796 610 4846 divin.
627 4797 652 4843 tn
667 4796 760 4847 Caeeil.
781 4795 821 4844 ll
895 4794 928 4843 19
941 4800 984 4842 arnt
999 4808 1085 4843 eorum
1102 4792 1176 4843 nea
1200 4800 1225 4841 et
1242 4802 1269 4840 ut
1287 4807 1373 4843 eornm
1391 4794 1415 4841 A

148 4861 291 4914 minentan
343 4864 433 4915 ronti
449 4864 528 4914 ubiA
543 4864 755 4915 uhiBnbietG
806 4866 839 4917 27
855 4862 1019 4915 dieetABC
1069 4862 1103 4914 29
1115 4861 1189 4913 colon
1201 4877 1246 4913 oar.
1261 4862 1294 4923 A,
1308 4865 1367 4913 odd.
1383 4864 1414 4913 a*
