3525 5600
667 369 902 432 littllllllll'lvlll
1372 365 1431 430 123

1261 490 1281 532 y.
1294 477 1369 518 so-er
1384 475 1405 516 L.

157 571 216 624 tuor
236 558 362 620 sedecim
378 560 426 620 isti
439 565 517 629 sunt,
534 557 814 640 proceleumaticus,
838 558 1032 639 dispondeus,
1050 557 1208 628 diiambus,
1233 556 1430 626 ditrochaeus,

157 665 261 725 ionicus
282 663 391 731 maior,
408 663 526 724 ionicus
541 665 649 732 minor,
668 664 855 742 antispastus,
876 659 1076 730 choriambus,
1095 667 1232 740 quattuor
1254 677 1381 739 paeones
1403 667 1432 719 et

157 772 284 844 quaturor
300 765 421 843 epitriti.
438 766 487 826 isti
502 770 573 826 sunt
588 765 690 842 viginti
701 771 731 825 et
743 772 810 825 octo
827 763 927 843 pedes,
940 765 997 825 iam
1015 763 1051 824 de
1068 765 1199 844 quinque
1216 761 1334 842 syllabis
1352 770 1382 822 ει
1394 761 1431 821 de

158 885 202 928 sex
221 865 338 946 syllabis
358 884 419 927 non
440 874 511 929 sunt
531 866 631 946 pedes,
647 866 700 928 sed
715 865 901 946 appellantur
921 867 1075 946 synzygiae
1100 864 1326 946 [declinationes
1341 882 1430 944 quae·

136 967 239 1049 adam].
251 975 284 1029 ut
297 976 367 1048 puta
384 970 575 1030 insanissimi:
591 971 622 1031 iu
637 972 730 1031 sanis
745 970 771 1030 si
785 970 827 1030 mi
842 970 971 1049 quinque
987 975 1063 1038 sunt,
1077 985 1136 1028 non
1152 985 1310 1047 possumus
1324 967 1431 1046 pedem

156 1071 246 1131 dicere
261 1089 326 1132 esse
340 1073 371 1132 in
383 1070 440 1132 boc
452 1071 553 1142 verbo,
566 1071 617 1133 sed
633 1072 758 1133 dicimus
772 1073 950 1152 synzygiam.
968 1089 1027 1151 quo
1043 1070 1150 1131 modol
1165 1071 1276 1131 insanis
1287 1068 1432 1130 molossus

157 1181 208 1242 est,
229 1173 295 1233 sind
315 1172 432 1236 iambus
453 1185 507 1235 est.
552 1192 623 1252 ergo
644 1176 703 1235 iam
725 1185 854 1253 conputo
876 1172 952 1234 duos
979 1172 1079 1253 pedes.
1113 1171 1173 1253 [vel
1197 1172 1233 1234 de
1254 1171 1312 1233 illis
1335 1170 1431 1251 dupli-

156 1272 253 1354 cibus}
295 1275 342 1334 vel
364 1275 402 1337 de
425 1275 537 1336 duabus
557 1274 677 1355 syllabis
699 1275 745 1336 rel
767 1275 805 1336 de
826 1275 921 1337 tribus
937 1273 981 1335 vel
1002 1273 1038 1336 de
1054 1281 1193 1354 quattuor
1207 1273 1326 1356 syllabis
1341 1274 1432 1354 pedes

156 1395 214 1437 esse
233 1383 369 1456 possunt,
394 1377 451 1438 hoc
473 1384 518 1440 est
540 1397 632 1459 nsque
653 1378 691 1438 ad
712 1385 851 1459 quatbror
873 1375 998 1458 syllabas
1020 1377 1110 1456 pedes
1132 1377 1284 1446 dicuntum
1308 1394 1323 1436 a
1345 1377 1431 1456 quin·

128 1481 282 1558 equolam
304 1487 334 1539 et
355 1498 407 1540 sex
429 1482 584 1562 synzygiae
606 1480 752 1542 dicuntur.
797 1479 849 1540 sed
870 1481 949 1540 scire
968 1485 972 1555 Ι
993 1479 1084 1540 debes
1107 1480 1244 1560 quoniam
1264 1479 1301 1540 de
1317 1478 1432 1540 duabus

157 1580 263 1662 syllabis
291 1586 431 1660 quattuor
458 1590 572 1644 mutum
600 1581 761 1651 babemus,
790 1582 828 1643 de
855 1582 951 1643 tribus
980 1589 1048 1642 octo
1070 1589 1196 1652 tantum,
1227 1580 1265 1642 de
1293 1587 1432 1658 quattuor

158 1683 284 1744 sedecim.
329 1681 367 1744 de
388 1685 518 1764 rynibque
540 1686 660 1763 triginta
682 1683 741 1745 duo
762 1687 851 1756 liunt,
880 1685 919 1746 de
946 1703 998 1746 sex
1026 1685 1175 1761 sexaginta
1199 1689 1338 1760 quattuor
1360 1683 1434 1744 liunt

158 1787 309 1865 synzygiae.
333 1795 378 1847 est
400 1784 476 1846 liber
504 1785 541 1848 de
569 1789 730 1868 synzygiis;
760 1787 813 1848 sed
841 1786 913 1847 nibil
943 1787 1050 1856 relert,
1079 1783 1165 1848 iaeile
1193 1785 1250 1846 boc
1277 1803 1433 1864 possumus

158 1891 232 1948 scire.
275 1893 345 1970 puta
367 1907 446 1968 pone
469 1889 619 1968 quiaque:
663 1888 701 1949 de
728 1891 858 1966 quinque
887 1888 1004 1967 quando
1031 1891 1086 1950 ista
1108 1886 1207 1950 brevis
1235 1895 1278 1948 est
1299 1889 1381 1967 prior
1404 1895 1434 1948 et

129 2005 250 2051 somnes
269 1990 389 2068 longae,
413 2009 483 2051 ecce
505 2008 565 2052 nna
586 1993 739 2071 synzygia;
768 1989 885 2070 rynando
907 1993 979 2052 istae
1007 1988 1114 2050 breves
1135 1998 1216 2058 sunt,
1239 1989 1269 2050 id
1293 1996 1337 2050 est
1359 1989 1433 2050 duae

158 2093 272 2171 primae,
296 2099 325 2152 et
346 2100 464 2152 ceterae
485 2091 606 2170 longae,
630 2111 700 2154 ecce
722 2092 814 2154 altera
836 2093 988 2173 synzygia3
1011 2093 1129 2172 qnando
1151 2095 1223 2154 istae
1246 2099 1306 2153 tres
1326 2092 1433 2153 breves

158 2203 219 2255 suut
238 2201 266 2255 et
286 2202 404 2256 ceterae
425 2193 545 2272 longae,
573 2195 693 2275 quando
714 2201 852 2276 quattuor
872 2193 994 2273 longae,
1022 2193 1072 2256 illa
1094 2192 1192 2255 brevis
1215 2202 1260 2258 est
1298 2213 1316 2247 s
1339 2195 1432 2254 varie-

157 2305 225 2357 tates
242 2298 322 2377 ipsae
343 2315 403 2357 non
426 2298 601 2377 perveniunt
623 2299 679 2358 nisi
701 2315 794 2378 usque
822 2296 859 2358 ad
880 2298 1000 2375 triginta
1023 2296 1097 2358 duas
1119 2297 1234 2376 species
1255 2296 1431 2376 pentasylla-

159 2397 260 2460 barum.
287 2400 360 2460 item
383 2400 539 2459 varietates
560 2397 815 2480 hexasyllabarnm
837 2417 899 2460 non
921 2399 1098 2478 perveniunt
1118 2399 1175 2460 nisi
1191 2415 1283 2476 usque
1298 2397 1335 2458 ad
1350 2417 1432 2460 sexa-

130 2501 230 2578 sginta
251 2508 387 2580 quattuor
409 2501 533 2581 speeies.
577 2503 620 2560 vis
640 2502 719 2563 scire
741 2519 845 2562 rerum
868 2519 947 2570 esse,
977 2503 1116 2580 quoniam
1146 2501 1201 2562 boc
1226 2509 1272 2562 est
1291 2499 1431 2561 naturali·

158 2610 210 2672 ter,
231 2621 284 2664 nec
304 2602 373 2682 plus
394 2611 480 2684 potes
501 2603 652 2664 inveniret
684 2621 754 2664 ecce
787 2603 825 2664 dc
847 2601 996 2682 disyllabis
1018 2602 1075 2664 boc
1098 2601 1220 2681 colligis.
1266 2603 1340 2664 duae
1363 2610 1434 2664 sunt

158 2703 282 2783 syllabae.
324 2705 396 2785 quid
419 2707 462 2765 ris
484 2723 550 2766 esse
571 2706 641 2766 istas
662 2702 807 2785 syllabast
835 2713 887 2790 aut
913 2704 1016 2766 ambae
1045 2705 1150 2766 breves
1172 2713 1254 2774 sunt,
1284 2722 1354 2766 ecee
1376 2723 1432 2766 una

162 2810 278 2887 species;
310 2818 362 2870 aut
384 2808 488 2870 ambae
510 2807 615 2887 longae
636 2815 720 2878 sunt,
743 2826 814 2869 ecce
836 2806 928 2869 altera
950 2810 1079 2887 speciem
1103 2814 1152 2869 aut
1173 2810 1256 2887 prior
1278 2807 1375 2869 brevis
1391 2814 1434 2868 est

159 2916 184 2969 et
203 2910 343 2990 posterior
363 2909 466 2989 longa;
489 2920 540 2971 aut
560 2912 643 2989 prior
664 2910 752 2989 longa
775 2918 821 2971 est
843 2918 872 2971 et
894 2911 1041 2989 posterior
1063 2909 1170 2971 brevis.
1215 2912 1314 2971 inveni
1337 2909 1432 2979 aliam,

130 3013 181 3070 ssi
199 3020 286 3090 potes.
330 3010 469 3092 quiequid
491 3012 615 3084 dixeris,
639 3013 698 3074 buc
721 3013 873 3091 redigitur.
921 3030 1025 3073 omnes
1047 3015 1163 3074 numeri
1184 3013 1334 3077 varietatis
1355 3014 1434 3073 intra

159 3122 284 3191 quadum
305 3116 421 3195 species
443 3116 616 3177 consistunt.
640 3122 692 3177 ,ει
719 3134 778 3195 quo
806 3114 895 3177 modo
923 3114 1052 3176 diximus
1074 3114 1110 3175 de
1133 3112 1296 3195 disyllabis,
1326 3114 1368 3175 sie
1397 3112 1433 3173 de

160 3214 318 3295 trisybabis,
341 3218 385 3279 sic
407 3216 444 3277 de
464 3216 671 3297 tetrasyllabis.
715 3219 789 3279 istae
810 3227 880 3279 sunt
902 3217 1065 3297 synzygiae.
1097 3214 1111 3298 Ι.

235 3318 360 3381 Diximus
381 3321 462 3381 arsin
485 3327 515 3379 et
535 3319 633 3381 tbesin
655 3319 767 3382 babere
790 3320 918 3399 aliquam
940 3322 1095 3381 rationem.
1142 3327 1274 3398 tempora
1297 3320 1328 3381 in
1350 3317 1433 3398 pedi·

160 3418 208 3479 bus
230 3422 401 3499 tripertitam
425 3420 535 3482 babent
556 3420 738 3501 divisionem.
784 3429 835 3498 aut
861 3438 957 3499 aequa
985 3422 1091 3483 dicitur
1119 3420 1238 3492 divisio,
1262 3429 1312 3483 aut
1334 3420 1431 3500 dupla,

133 3528 204 3581 aaut
223 3522 352 3603 sescupla
374 3522 496 3599 dicitur,
519 3541 575 3585 nec
596 3533 682 3603 potes
702 3526 837 3585 invenire
859 3522 945 3585 aliam
969 3523 1151 3585 divisionem.
1194 3525 1269 3587 istae
1290 3532 1352 3585 tres
1367 3532 1434 3584 sunt

162 3629 275 3691 uatum,
297 3642 391 3704 aequa
412 3625 500 3704 dupla
527 3626 671 3703 sescupla.
722 3644 815 3705 aequa
844 3625 953 3688 dicitur
985 3634 1014 3685 et
1035 3624 1191 3707 dactylica;
1221 3644 1297 3706 quae
1327 3625 1433 3686 dicitur

161 3722 249 3803 dupla,
272 3725 377 3787 dicitur
404 3736 434 3787 et
460 3726 602 3795 iambicam
632 3728 768 3809 sescupla
796 3727 905 3789 dicitur
933 3736 963 3789 et
990 3729 1141 3807 paeonica.
1186 3728 1350 3798 videamus,
1376 3745 1433 3805 quo

160 3826 246 3885 nodo.
287 3846 362 3907 qnae
385 3836 429 3889 est
450 3845 557 3906 aequa,
580 3847 656 3909 quae
678 3829 780 3909 dupla,
804 3849 878 3909 quae
902 3827 1055 3909 sescupla?
1078 3848 1171 3910 aequa
1195 3829 1303 3915 dicitur
1319 3829 1431 3900 divisio,

161 3930 283 4005 quotiens
303 3937 347 3991 tot
369 3937 504 4009 tempora
526 3930 615 3993 habet
636 3934 723 4002 arsis,
747 3940 818 4011 quot
840 3938 869 3992 et
890 3931 994 3992 thesis.
1039 3950 1130 3993 unum
1152 3938 1181 3993 et
1204 3950 1294 3993 unum
1315 3938 1433 4013 tempus

218 4104 234 4147 4
250 4100 430 4150 declinationes
448 4100 572 4164 quaedam
590 4101 744 4165 adscriptum
762 4118 819 4153 esse
839 4102 947 4165 uidebo,
966 4110 993 4151 ul
1007 4102 1212 4153 declinationibus
1226 4102 1371 4169 qmbusdam
1389 4118 1432 4152 rso-

160 4170 236 4218 m'nurn
248 4178 271 4220 et
286 4170 416 4221 verboram
433 4174 522 4235 longas
538 4170 711 4222 nemum
727 4172 836 4235 formas,
853 4188 919 4236 quae
929 4173 1068 4239 synzygiae
1085 4172 1238 4235 diceresne,
1255 4174 1323 4237 effici
1337 4174 1431 4223 indica·

160 4248 222 4288 ntro
269 4239 442 4308 bsynzygiss
459 4242 544 4292 Aac
594 4242 669 4291 ivel
688 4243 720 4291 de
738 4242 788 4291 illis
804 4242 960 4307 duplicibus,
979 4243 1028 4291 aial
1042 4244 1121 4306 plura
1137 4243 1183 4292 boe
1201 4246 1256 4296 loeo
1272 4244 1431 4303 exciderunt,

161 4309 190 4357 ad
214 4325 243 4359 ea
268 4327 331 4375 quoe
354 4318 500 4377 sequanum,
525 4309 565 4361 vel
580 4311 612 4361 de
629 4312 728 4361 duabus
746 4312 851 4374 syllabis
868 4311 907 4361 vel
925 4312 957 4361 dc
976 4312 1065 4371 tribus,
1085 4312 1214 4379 adscripta
1234 4329 1290 4364 esee
1307 4313 1430 4363 sidentur.

160 4392 207 4426 nors
225 4388 337 4444 quattuor
359 4389 385 4430 et
407 4396 456 4431 sex
474 4381 627 4447 syllabarum
643 4382 736 4445 pedes,
752 4383 811 4447 puio
828 4381 960 4446 disyllabis
978 4384 1017 4432 uel
1033 4384 1172 4448 tn'sgllabr's
1187 4384 1317 4447 geminatis
1331 4385 1430 4444 fierent,

161 4447 264 4512 duplices
278 4452 399 4503 dicem
412 4453 580 4515 grmruasticr':
600 4451 634 4509 cs.
649 4452 812 4514 infruniti
881 4453 939 4504 9et
957 4451 1005 4501 hoc
1024 4453 1102 4502 estA
1161 4452 1430 4511 ·17ιιιειεενὶεεει,

162 4532 210 4567 ecee
225 4521 335 4570 tertiam
357 4530 447 4583 quarto
465 4522 587 4587 syzygis;
610 4522 743 4571 varietates
760 4523 832 4587 ipsae
848 4524 955 4573 coniecit
972 4522 1165 4575 lindemacus.
1190 4522 1343 4586 sed'plures
1359 4524 1432 4571 etiam

161 4590 283 4639 eoseum
298 4594 354 4641 otior
371 4598 532 4641 motas
547 4589 629 4653 fuisse
646 4592 770 4644 sidentur.
797 4608 876 4657 quare
893 4594 1006 4641 lacunam
1021 4594 1130 4643 indicavi
1213 4589 1245 4642 18
1267 4592 1339 4657 ipsae
1359 4592 1430 4642 BGa

162 4656 242 4720 ipsiA
305 4660 337 4711 21
357 4668 441 4725 potest
458 4662 573 4709 inuenire
591 4661 616 4710 A
633 4670 717 4726 potest
736 4663 844 4711 inueniri
863 4662 915 4711 BG
963 4659 1159 4725 colligitABC
1226 4662 1261 4711 ²2
1278 4677 1336 4711 ecce
1352 4663 1431 4711 altere

163 4726 306 4779 Aooeeslis
318 4731 394 4781 Bon
463 4732 498 4783 26
512 4732 652 4780 consistant
667 4731 718 4781 Ac
785 4733 817 4781 27
836 4729 910 4798 istae]
927 4732 998 4796 ipsae
1014 4730 1098 4783 Aac
1165 4729 1199 4781 32
1216 4732 1349 4781 uideamus
1368 4748 1428 4795 quo-

163 4797 227 4846 modo
242 4809 297 4849 sunt
317 4802 382 4851 istae
402 4815 485 4865 sequa
507 4799 600 4849 dicitur
618 4802 643 4851 Ι,
728 4798 762 4851 34
781 4802 847 4853 arsis
867 4800 940 4866 (quot
958 4801 1019 4851 add.
1037 4799 1067 4866 a)
1093 4810 1117 4851 st
1141 4799 1219 4852 thesis
1240 4816 1320 4865 aequa
1340 4803 1432 4852 dicitnr

165 4863 244 4918 diuisis
261 4884 308 4919 nns
328 4880 353 4921 et
369 4885 446 4920 unum
464 4880 490 4920 et
506 4884 584 4919 uuum
602 4880 702 4936 tempus
721 4870 745 4918 Α
1108 4880 1112 4887 ·

1444 3297 1504 3358 sea,
1519 3299 1552 3345 so

1446 3366 1504 3424 εει,
1521 3367 1549 3414 11
