3525 5600
309 318 372 383 324
779 315 916 410 {ututur
938 313 1132 377 nanturra

309 511 449 577 tiedone,
479 514 615 586 quattuor
643 506 759 585 species
787 502 891 573 babet,
920 522 974 583 per
1002 519 1077 580 quas
1105 501 1307 564 barbarismus
1334 503 1475 572 allicitur,
1502 502 1593 563 idest

309 611 474 672 adiectione
507 607 689 669 detractione
720 607 925 666 immutatione
965 613 995 667 ct
1028 607 1284 666 transmutatione:
1324 604 1449 665 adiectio
1484 603 1590 665 litterae

308 712 439 794 syllabae
474 711 616 790 temporis
649 709 712 770 toni
745 709 951 788 aspirationis,
986 708 1130 768 detractio
1157 706 1273 769 litterae
1299 705 1429 785 syllabae
1462 709 1591 786 temporis

309 816 372 875 toni
400 813 598 893 aspirationis.
644 811 769 872 adiectio
797 809 929 881 litterae,
959 811 1036 871 sicut
1064 808 1280 887 ‘relliquias
1314 809 1505 877 llanaum’,
1532 828 1590 870 cum

308 916 449 994 reliquias
477 933 531 995 par
559 931 650 974 uuum
678 912 687 972 l
716 912 816 973 dicere
844 911 1021 981 debeamus,
1053 918 1083 972 et
1110 910 1277 973 audiveram
1306 930 1362 990 pro
1384 908 1613 982 audieramus

309 1017 413 1096 legites
435 1035 490 1095 pro
513 1015 612 1094 legite.
650 1033 704 1095 per
726 1014 921 1076 adiectionem
945 1014 1089 1095 syllabae,
1113 1021 1146 1074 ut
1167 1017 1252 1074 ‘nos
1273 1011 1415 1075 abiisse
1436 1013 1524 1073 rati'
1544 1033 1592 1094 pro

207 1131 208 1136 ’
264 1201 269 1214 ι
309 1117 415 1178 abisse.
461 1135 515 1198 per
538 1117 732 1179 adiectionem
755 1118 914 1196 temporis,
936 1126 969 1178 ut
997 1115 1160 1178 ‘ltaliam
1187 1115 1263 1176 lato
1290 1115 1502 1194 prolugus’,
1533 1134 1591 1176 cun

308 1219 389 1282 ltalia
413 1227 550 1300 correpta
573 1221 667 1299 prima
689 1217 787 1280 littera
810 1219 910 1280 dicere
933 1219 1103 1280 debeamus.
1148 1220 1220 1279 item
1243 1235 1297 1297 per
1320 1216 1532 1278 detractionem
1551 1215 1591 1276 lit·

309 1329 405 1391 terae,
429 1323 506 1383 siout
529 1321 668 1382 inlatibus
690 1340 745 1401 pro
767 1320 941 1392 infantibus,
965 1329 995 1382 et
1015 1321 1162 1382 nutrirem
1184 1339 1239 1400 pro
1261 1320 1441 1386 nutrieram;
1465 1317 1591 1398 syllabae,

309 1432 342 1483 ut
364 1423 541 1484 salmentnm
565 1443 619 1504 pro
641 1422 819 1484 salsamento
841 1423 886 1483 vel
909 1429 1104 1504 paumeutum
1124 1441 1178 1502 pro
1201 1423 1386 1501 pavimento;
1411 1439 1465 1500 per
1488 1420 1590 1481 detrac·
1604 1440 1621 1474 u

310 1527 422 1590 tionem
446 1527 602 1604 temporis,
627 1531 659 1586 ut
682 1527 808 1586 ‘unius
831 1523 875 1584 ob
899 1528 1047 1587 noxam'
1068 1544 1123 1605 pro
1139 1525 1240 1586 unius:
1264 1525 1296 1584 ni
1318 1524 1398 1584 enim
1420 1520 1528 1603 syllaba
1548 1543 1592 1584 ua·

310 1626 444 1688 turaliter
470 1626 559 1706 longa
589 1636 633 1688 est
661 1633 690 1686 et
717 1625 783 1688 loco
811 1625 910 1688 brevis
937 1634 983 1687 est
1009 1629 1115 1706 posita.
1159 1627 1230 1686 item
1253 1624 1457 1686 immutatione
1479 1625 1591 1695 litterae,

310 1730 386 1789 sicut
407 1728 459 1789 olli
482 1747 536 1809 pro
559 1727 615 1796 illi;
639 1726 783 1809 syllabae,
807 1735 840 1788 ut
861 1731 1021 1808 permicios
1035 1749 1092 1809 pro
1106 1729 1271 1809 pernicies}
1294 1746 1348 1808 per
1370 1729 1591 1788 immutationem

309 1833 469 1910 temporis,
500 1838 532 1892 ut
560 1831 726 1892 ‘lervere
748 1830 965 1901 Leucaten',
995 1849 1063 1892 cunr
1086 1832 1217 1899 terrere,
1247 1833 1272 1891 si
1294 1829 1445 1890 secundae
1466 1830 1591 1907 coniuga-

312 1935 401 1994 tionis
425 1941 478 2004 est,
502 1932 647 2012 producte
670 1931 727 1992 dici
751 1931 871 1995 debeat:
896 1951 931 1993 re
954 1934 1032 1994 enim
1054 1931 1167 2014 syllaba
1189 1930 1278 2010 longa
1300 1941 1345 2012 est
1367 1940 1396 1992 ct
1418 1929 1484 1991 loco
1507 1931 1591 1991 bruris
1603 1951 1621 1989 a

311 2043 356 2095 est
378 2035 481 2112 posita.
520 2033 668 2095 Leucaten
690 2053 760 2094 vero
784 2043 914 2096 montem
937 2035 1010 2095 dicit
1030 2033 1166 2114 Apuliae,
1191 2032 1241 2093 ubi
1263 2030 1374 2094 bollum
1396 2035 1488 2111 gessit
1507 2033 1591 2112 Augu-

311 2144 374 2197 stus
396 2154 464 2196 cum
486 2137 614 2197 Antonio
637 2145 666 2196 et
689 2135 853 2216 Cleopatra.
899 2139 970 2199 item
992 2156 1047 2216 per
1069 2135 1347 2197 transmutationem
1369 2135 1501 2206 litterae,
1528 2137 1592 2195 sicut

311 2238 451 2299 Euandre
479 2257 534 2317 pro
564 2237 702 2298 Euander
725 2236 770 2298 vel
797 2238 953 2318 intrepella
976 2256 1033 2318 pro
1054 2235 1227 2317 interpella;
1250 2255 1305 2317 per
1328 2239 1592 2298 transmutationem

312 2338 458 2420 syllabae,
482 2341 559 2400 sicut
582 2319 737 2419 displicinn
752 2359 807 2419 pro
823 2340 994 2420 disciplina;
1018 2342 1176 2419 temporis,
1199 2346 1232 2398 ut
1253 2340 1345 2419 siquis
1366 2338 1439 2400 deos
1461 2338 1590 2418 producta

310 2444 411 2521 priore
432 2441 542 2522 syllaba
565 2451 594 2504 et
616 2449 754 2520 correpta
776 2443 943 2521 posteriore
968 2445 1148 2522 pronuntiet.
1600 2459 1619 2495 o

871 2543 888 2579 s
953 2543 971 2581 a
1030 2543 1048 2582 a

338 2689 359 2729 a·
373 2677 399 2717 ³⁹
415 2676 437 2716 u·
817 2635 818 2640 Ν
854 2679 903 2741 on
925 2679 1061 2742 ruorrs

396 2797 563 2879 Motalepsis
586 2806 630 2861 est
651 2798 739 2861 dictio
761 2800 906 2877 gradatim
929 2818 1057 2880 pergens
1079 2797 1116 2861 ad
1135 2798 1166 2860 id
1182 2797 1260 2878 quod
1284 2798 1428 2868 ostendit,
1451 2806 1483 2859 ut
1502 2801 1588 2878 ‘spe-

311 2899 436 2961 luncis
458 2900 604 2963 abdidit
627 2904 735 2963 atris'
760 2908 790 2976 et
883 2908 886 2913 ’
1156 2958 1159 2962 ,

438 3051 441 3057 ,
463 3010 545 3082 post
567 3002 710 3083 aliquot
733 3022 806 3065 mea
831 3022 945 3082 regna
968 3005 1094 3065 videns
1116 3002 1281 3065 mirabor
1304 3006 1454 3064 aristas.

311 3123 366 3183 per
389 3106 494 3165 aristas
517 3123 610 3166 annos
633 3125 669 3166 ex
692 3105 837 3166 fructibus
852 3115 1018 3186 computat:
1041 3126 1111 3168 nam
1125 3126 1179 3187 per
1195 3107 1300 3166 aristas
1316 3124 1422 3184 grana,
1445 3124 1500 3186 per
1513 3120 1619 3183 graneo

313 3208 382 3267 anni
405 3208 561 3285 significati
585 3216 668 3279 sunt,
692 3226 747 3286 pro
764 3208 893 3287 eoquod
915 3208 1039 3286 singulis
1060 3210 1147 3271 annis
1169 3228 1185 3270 a
1208 3216 1288 3269 terra
1310 3207 1499 3287 colliguntur.
1525 3207 1590 3267 dicta

313 3316 410 3368 autem
440 3309 608 3389 metalepsis
638 3308 675 3369 ab
705 3328 740 3370 eo
768 3310 846 3389 quod
875 3311 1027 3389 praecedit
1053 3310 1084 3371 id
1113 3310 1190 3390 quod
1222 3312 1371 3390 sequitur,
1406 3318 1439 3370 ut
1465 3307 1591 3370 ‘scelus

314 3411 541 3490 expendisse
563 3414 801 3471 merentem':
826 3411 923 3473 scelus
946 3414 1024 3472 enim
1047 3415 1146 3491 posuit
1167 3432 1223 3492 pro
1244 3431 1349 3492 poena.
1394 3414 1465 3473 item
1489 3413 1590 3472 Persius

465 3514 578 3591 inque
601 3531 728 3573 manus
751 3513 908 3575 chartae
930 3515 1143 3593 nodosaque
1166 3516 1268 3574 veuit
1289 3514 1443 3576 arundo:

313 3632 381 3674 uam
409 3633 463 3694 per
494 3632 613 3675 manum
642 3613 745 3685 verba,
776 3633 830 3694 por
858 3616 1036 3677 arundinem
1065 3616 1182 3677 litterae
1210 3617 1391 3695 significatae
1413 3625 1491 3678 snut.
1531 3618 1619 3677 iterna

314 3716 407 3774 Varro
431 3721 580 3794 ‘ponam
602 3715 788 3778 bisulcam
812 3725 846 3778 et
869 3717 1183 3780 crebrinodosam
1205 3718 1452 3779 arundinem’.

383 3918 552 3987 lrelliquiae]
579 3922 658 3987 Verp.
678 3921 742 3975 Aen.
768 3924 778 3971 l
801 3922 834 3973 30
904 3920 998 3989 dnos]
1025 3925 1104 3987 Verp.
1121 3922 1187 3976 Aea.
1210 3924 1282 3973 1125
1352 3922 1367 3971 7
1393 3922 1500 3991 ltaliam]
1522 3922 1588 3984 Verp.

312 3989 403 4043 Aeni
424 3994 440 4040 2
511 3992 541 4043 ll
563 3991 649 4057 unius]
675 3993 753 4056 Verp.
773 3993 837 4041 Aen.
858 3992 920 4042 140
1008 3994 1040 4044 ll
1063 3991 1172 4059 servaro]
1195 3995 1272 4058 Verp.
1292 3993 1357 4046 Aen.
1376 3994 1435 4049 vui
1453 3994 1502 4044 677
1562 3991 1589 4039 22

312 4059 453 4128 speluncis]
478 4062 556 4127 Very.
577 4061 641 4114 Aen.
668 4064 676 4110 l
698 4062 732 4113 60
801 4064 833 4111 2⁴
854 4060 923 4128 post]
946 4066 1027 4129 Verp.
1049 4063 1129 4113 bacol.
1151 4066 1173 4127 l,
1192 4063 1225 4113 ru
1295 4066 1330 4113 au
1349 4063 1467 4128 singulos
1486 4059 1589 4111 annosll

384 4132 416 4181 27
440 4128 533 4197 scelus]
560 4134 639 4197 Verp.
655 4131 718 4182 Aen.
739 4132 759 4179 ll
778 4131 829 4183 ‘2¹29
883 4132 917 4181 ‘28
934 4133 991 4182 item
1010 4134 1113 4183 Persius
1132 4134 1209 4196 inque
1227 4134 1310 4183 editor
1325 4134 1452 4183 Romanus
1468 4134 1522 4181 ilern
1538 4145 1589 4195 pros

314 4214 395 4263 usque
413 4201 510 4252 codex:
526 4203 601 4255 Pera.
621 4210 671 4252 sot·
691 4201 716 4263 3,
735 4202 763 4253 ll
853 4202 885 4253 31
909 4204 1037 4253 Varronis
1054 4202 1132 4253 verba
1145 4207 1241 4254 suturis
1259 4203 1346 4255 tribrdt
1361 4204 1510 4253 Alexander
1526 4200 1589 4249 Riese

313 4272 611 4323 metamaucensem
628 4270 688 4321 XXl
706 4272 746 4336 (a.
763 4270 843 4335 1866)
859 4288 887 4334 p.
903 4273 961 4338 112,
979 4273 1114 4325 ebolinmbo
1133 4290 1208 4324 verm
1222 4275 1259 4323 ita
1273 4274 1397 4333 restituto,
1417 4275 1505 4338 ponam
1522 4268 1588 4319 bisul-

274 4362 276 4367 ·
314 4356 370 4390 cem
390 4350 414 4391 et
432 4338 488 4407 ipse
506 4342 712 4393 crebrindddsam
729 4342 883 4391 Arrindinem
