3525 5600
315 345 378 410 526
827 343 1094 426 [crisenonis]

316 533 424 599 Vatic.
449 531 528 596 1491
554 537 586 606 (l.
604 534 765 596 libemnius
779 536 953 596 Palaemon.
986 533 1093 596 Omnia
1115 539 1237 597 nomina
1262 571 1298 581 -
1318 539 1485 613 plenissime
1502 541 1578 600 licta.

319 673 355 683 -
386 638 527 698 Aemilius
547 637 656 714 Asper.
692 638 751 697 Ars
772 644 817 697 est
839 671 879 684 -
899 637 976 698 baba
1003 654 1076 698 uua.
1113 635 1184 698 cod.
1208 633 1316 699 Vatic.
1343 634 1425 699 1492
1450 641 1581 704 Immalis
1690 676 1691 685 ι

318 737 393 821 (sat.
417 738 446 815 l,
470 733 543 799 215.
566 735 597 815 6,
617 734 695 819 452)
718 739 756 798 ete
777 741 937 800 Polemone
959 741 1056 815 inquit
1078 741 1233 816 ‘doctique
1254 740 1425 802 Polemonis
1445 747 1539 802 artes’.
1559 754 1581 805 cl

318 845 361 904 M.
374 843 488 904 Fabius
503 841 707 913 Quintilianus
727 843 758 901 in
773 842 852 903 libro
867 843 1083 902 institutionum
1099 845 1174 902 artis
1189 845 1344 904 oratoriae
1358 838 1450 922 (inst.
1465 839 1525 924 14,
1537 844 1581 925 io)
1690 908 1691 935 .

318 1065 339 1115 1.
359 1064 371 1112 l
390 1063 471 1128 Capri
486 1063 644 1128 pneumatici
660 1077 712 1112 ars.
749 1059 802 1123 Quo
824 1061 943 1111 ducit-
960 1063 998 1111 ad
1018 1063 1203 1113 similitudinem
1222 1065 1352 1113 stelionum
1372 1061 1382 1127 Η
1406 1064 1426 1114 1.
1443 1068 1458 1116 3
1474 1066 1581 1130 Aurelius.

318 1148 424 1199 Domino
442 1174 472 1184 -
491 1149 584 1198 diuinis
605 1143 614 1211 ΗΗ
636 1146 657 1199 i.
676 1149 691 1198 5
715 1145 743 1207 Q.
760 1145 887 1196 rbcmnius
909 1147 1053 1211 palaemon.
1086 1146 1173 1197 Omnia
1194 1173 1229 1183 —
1249 1149 1394 1212 plenissime
1415 1150 1487 1203 dictu
1503 1147 1542 1215 Η1.
1558 1155 1582 1202 12

318 1234 441 1283 Donatus.
470 1231 651 1284 Barbarismus
669 1239 707 1282 cst
724 1248 774 1282 una
791 1247 855 1296 pars
873 1257 906 1267 —
923 1231 994 1281 uenit
1010 1232 1047 1282 ad
1061 1231 1137 1282 urbes
1159 1229 1169 1296 ΗΗ
1191 1233 1211 1282 1.
1230 1235 1262 1283 15
1280 1231 1386 1283 Sentius
1409 1235 1581 1287 munimentis.

319 1317 406 1369 Oratio
425 1318 518 1368 dicitur
536 1320 643 1368 elocutio
660 1343 694 1354 -·
712 1316 745 1366 de
766 1317 961 1366 interiectione
979 1319 1084 1368 contulit
1100 1333 1199 1367 semem
1217 1317 1253 1366 ci.
1273 1316 1351 1382 Scrg.
1369 1318 1399 1366 in
1415 1317 1483 1367 Dan.
1500 1335 1522 1383 p.
1537 1322 1582 1382 181,

319 1406 351 1454 23
370 1399 378 1468 ΗΗ
396 1402 416 1457 1,
435 1403 468 1452 24
486 1403 606 1453 Aemilius
625 1417 711 1468 asper.
743 1401 797 1452 Ars
814 1407 852 1451 est
870 1428 904 1436 —-
921 1417 971 1450 uua
986 1399 996 1468 Η
1015 1403 1036 1452 1.
1053 1403 1086 1451 28
1109 1402 1243 1452 Ternutius
1260 1417 1344 1455 uana.
1369 1402 1457 1452 Metra
1471 1411 1584 1454 nocam-

319 1488 419 1538 eantica
434 1487 595 1565 inserantur:
618 1487 714 1538 isidor.
734 1487 811 1550 138,
832 1487 889 1534 1—
900 1486 932 1535 15
950 1485 959 1550 Η
977 1485 995 1537 1.
1015 1489 1048 1538 28
1066 1486 1197 1551 Mcprobii
1213 1489 1365 1551 opusculum,
1396 1487 1512 1537 Dubitare
1527 1495 1585 1539 seni-

320 1589 374 1624 nem
391 1573 505 1623 arbitror
519 1565 643 1624 ¹tbcodere
657 1573 696 1636 fili
712 1599 745 1608 -
764 1572 882 1636 epitritus
899 1579 1020 1636 quartus:
1042 1570 1119 1621 Mali.
1138 1570 1243 1622 Theod.
1263 1587 1290 1636 p.
1309 1573 1359 1621 525
1377 1585 1437 1636 sqq.
1459 1571 1499 1622 ed.
1514 1573 1585 1626 (iaici.

320 1654 329 1724 ΗΗ
346 1658 366 1708 1.
384 1659 417 1709 81)
434 1657 519 1708 Mallii
535 1658 654 1709 tbeodari
669 1673 722 1707 ars.
748 1656 857 1706 Metram
875 1657 1026 1722 dactylicum
1042 1681 1075 1690 —
1092 1657 1266 1720 trapissimus:
1284 1657 1320 1709 ih.
1340 1672 1368 1721 p.
1381 1658 1432 1707 537
1443 1672 1499 1723 sqq.
1514 1658 1521 1719 Η
1535 1659 1551 1708 i.
1560 1663 1585 1709 32

320 1743 425 1809 Serpius
442 1759 550 1794 staurus.
571 1743 715 1793 Clarissimo
732 1741 815 1792 albino
835 1767 865 1774 -
884 1743 986 1791 intende
1003 1740 1128 1791 laborem.-
1146 1740 1224 1793 Serv.
1241 1739 1274 1790 de
1293 1745 1365 1790 cent.
1385 1746 1462 1794 metr.
1480 1757 1503 1806 p.
1519 1745 1585 1794 458-

320 1829 380 1893 464,
401 1829 428 1877 11
449 1824 458 1893 ΙΙ
480 1827 500 1879 1.
521 1830 554 1879 34
576 1827 718 1893 Pompeius.
743 1825 924 1876 Barbarismus
941 1833 980 1876 est
996 1851 1030 1862 -
1048 1826 1195 1890 appellatur
1211 1825 1404 1876 barbarolexis:
1422 1827 1536 1892 Pompeii
1551 1846 1586 1878 ex·

322 1916 417 1978 cespis
435 1908 443 1978 ΗΗ
461 1912 481 1963 1.
501 1913 534 1963 35
552 1911 693 1964 Memoriae
713 1950 740 1966 ..
759 1925 856 1977 nanque
874 1912 906 1961 cle
924 1912 1021 1962 licteris
1039 1939 1070 1947 —
1089 1926 1123 1960 an
1139 1909 1265 1961 meliboei:
1288 1911 1354 1960 Mai.
1375 1911 1457 1962 class.
1474 1918 1539 1962 auct.
1554 1914 1587 1965 111

322 2015 349 2064 p.
367 1997 417 2048 504
434 2012 492 2062 sqq.
519 1993 528 2063 ΗΗ
554 1997 574 2048 1.
597 1999 630 2048 st
652 1997 782 2047 Mamimus
808 1997 955 2047 uicturinus.
987 1997 1126 2061 Liquentia
1146 2021 1181 2031 -
1202 1997 1273 2046 ultra
1296 2011 1361 2046 una:
1386 1996 1459 2050 Max.
1481 1998 1545 2048 Vici.
1567 2015 1587 2063 p.

323 2083 456 2134 1963-74
474 2079 482 2147 Η
501 2080 519 2132 1.
538 2083 571 2133 40
589 2081 694 2148 Serpius
711 2083 743 2132 cle
761 2083 896 2131 elementis.
921 2081 1013 2131 Litera
1030 2083 1099 2131 dicta
1116 2087 1200 2132 est—
1211 2097 1277 2132 cano
1294 2082 1393 2130 troiae:
1413 2081 1486 2147 Serg.
1501 2081 1530 2132 de
1545 2081 1587 2132 lin

324 2171 376 2218 etc.
395 2183 422 2233 p.
440 2167 576 2218 475-485
592 2163 601 2230 ΗΗ
618 2167 639 2220 i.
657 2168 690 2216 43
708 2167 826 2218 Donatus
843 2168 934 2216 iunior.
956 2165 1017 2218 Vae
1034 2175 1073 2217 est
1091 2191 1124 2202 -
1140 2173 1276 2216 commata:
1293 2165 1364 2216 Dan.
1383 2183 1411 2232 p.
1424 2167 1588 2230 sot-stem

321 2249 330 2319 ΗΗ
348 2253 368 2302 i.
381 2252 415 2303 45
433 2251 548 2305 Albinus.
573 2252 735 2316 Principalss
751 2258 841 2317 partes
859 2252 983 2302 arationis
999 2257 1057 2301 sunt
1075 2266 1162 2301 nomen
1174 2257 1199 2300 et
1211 2251 1314 2301 uerbum
1325 2250 1404 2300 —de
1422 2251 1588 2301 interiectione
1611 2251 1616 2262 '

322 2337 428 2388 callidos
445 2337 555 2388 bomines
573 2344 599 2387 et
614 2337 705 2387 similia
727 2332 736 2402 ΗΗ
757 2337 776 2388 1.
794 2338 827 2387 ts
848 2336 930 2388 l'ocas
944 2338 1130 2402 prasnnuaticus.
1160 2337 1214 2386 Ars
1230 2352 1285 2385 mea
1302 2363 1336 2372 —
1353 2337 1393 2386 bis
1408 2338 1496 2386 sinilia
1510 2336 1517 2399 Η
1532 2336 1549 2386 1.
1564 2339 1589 2386 58

323 2425 413 2473 Artem
434 2439 496 2474 uera
518 2423 652 2474 latinitatis
669 2448 701 2457 ·-
723 2429 927 2474 consecuturum:
952 2421 1101 2472 Diomedes
1124 2437 1151 2486 p.
1170 2421 1313 2471 iss—sis
1329 2417 1339 2485 ΙΙ
1356 2421 1377 2471 1,
1398 2422 1446 2472 113
1463 2420 1491 2481 Q.
1507 2423 1591 2471 tuentii

322 2509 410 2560 scauri
430 2509 471 2574 de¹
485 2507 652 2574 ortomapbia
673 2509 709 2558 acl
730 2507 845 2558 tbesssan.
876 2505 1011 2558 Scribendi
1027 2533 1058 2542 -
1077 2512 1105 2556 ut
1125 2507 1217 2572 squilla
1239 2522 1320 2572 neque
1336 2521 1415 2570 prae:
1435 2505 1494 2556 Ter.
1509 2505 1589 2558 Smer.

322 2610 349 2660 p.
367 2593 518 2644 2249-54.

392 2693 533 2746 coavat.
549 2695 614 2746 1482
640 2693 809 2746 Vetustissimi
826 2697 902 2760 capri
916 2697 1074 2760 pransmaiiti
1084 2693 1149 2746 liber
1159 2695 1341 2760 elepantiaruns
1357 2696 1399 2744 uel
1416 2693 1590 2759 artboprapliac

324 2781 421 2847 incipit.
459 2779 511 2842 Qua
530 2780 600 2830 ducit
616 2781 789 2831 -stellarum
805 2777 814 2845 Η
832 2781 929 2846 Incipit
945 2780 1012 2833 liber
1028 2781 1138 2846 apraetii
1154 2781 1186 2831 de
1203 2781 1377 2832 emendatione
1394 2782 1469 2845 capri
1483 2779 1551 2831 libelli
1563 2781 1592 2829 ad

324 2866 467 2932 pontificem
490 2864 631 2915 serberiam
650 2867 796 2929 proemium.
832 2866 940 2918 Domino
958 2894 988 2903 -
1008 2868 1041 2917 de
1056 2866 1174 2931 precibus
1191 2866 1292 2920 diuini.
1328 2882 1400 2917 arsen
1417 2866 1500 2924 estas
1514 2866 1591 2915 codun

325 2950 486 3001 scelestissimi
502 2950 577 3015 capri
593 2952 750 3014 prantmatici
767 2952 948 3015 elepantiarum
965 2959 991 3001 et
1008 2952 1190 3016 artoprapbiae
1212 2948 1222 3015 ΗΗ
1243 2950 1386 3001 Polemonis
1401 2951 1547 3016 manuatim
1559 2965 1591 2999 ue·

325 3036 455 3087 tustissimi
471 3036 503 3086 de
519 3032 636 3100 partibus
653 3037 777 3087 orationis
794 3036 867 3089 liber.
904 3034 991 3086 Omnia
1007 3060 1040 3072 -
1058 3038 1127 3085 dicta
1147 3033 1156 3101 Η
1180 3036 1277 3101 Incipit
1293 3052 1339 3086 ars
1356 3036 1446 3087 donati
1459 3036 1593 3100 praenasci

326 3124 351 3171 in
368 3121 540 3185 compendium
556 3122 664 3171 reducta
680 3124 755 3171 semel
771 3128 949 3187 postremoque
967 3137 1056 3172 rursus
1073 3122 1182 3171 redacta
1197 3122 1223 3171 in
1235 3122 1432 3186 compendiatum
1442 3128 1468 3171 et
1480 3122 1553 3185 prino
1567 3121 1592 3169 de

327 3208 442 3258 aratione
462 3242 489 3259 ..
508 3204 583 3255 llatia
601 3207 694 3257 dicitur
712 3208 818 3258 elocutio
836 3232 869 3241 —
886 3208 1059 3271 compendium
1074 3210 1155 3256 seruit
1169 3207 1326 3270 prasumatici
1342 3223 1378 3257 ese
1393 3208 1546 3273 praumatus
1556 3206 1592 3254 do·

327 3293 381 3342 nati
393 3293 452 3354 finit
467 3291 593 3355 feliciter:
612 3291 647 3341 cl.
668 3290 746 3357 Serg.
764 3292 793 3340 in
811 3291 881 3343 Dan.
902 3307 929 3356 p,
941 3293 1001 3358 487,
1017 3295 1050 3343 28
1068 3291 1076 3356 Η
1093 3292 1182 3355 Asper
1198 3294 1375 3357 prmmutcus
1387 3318 1417 3327 -
1430 3307 1478 3342 uua
1493 3288 1501 3355 Η
1517 3289 1594 3340 Carisi

325 3378 481 3443 pranuuatici
497 3392 541 3427 ars
559 3376 655 3441 incipit.
690 3383 715 3426 et
732 3376 794 3427 baec
817 3377 932 3427 omniae
954 3378 1068 3427 monade
1085 3379 1191 3427 collecta
1208 3378 1335 3429 uidentur.
1370 3394 1428 3426 narn
1447 3391 1535 3443 queam
1553 3377 1591 3424 iste

327 3464 388 3513 dicit
406 3462 532 3513 diomedes
550 3462 618 3511 dicit.
657 3460 849 3527 Caniupatianes
873 3476 936 3527 quas
955 3463 1045 3525 praeci
1064 3463 1187 3527 amppias
1204 3463 1336 3526 appellant
1351 3469 1412 3512 sunt
1429 3463 1495 3527 apud
1510 3467 1592 3510 rosam

326 3549 410 3613 prima
429 3562 480 3611 per
501 3562 524 3596 a.
562 3550 711 3610 sequuntur
734 3545 868 3611 quaedem
892 3562 925 3595 cx
947 3545 1065 3597 disemis
1087 3546 1276 3610 grammaticis
1299 3552 1432 3613 excerpts
1452 3574 1484 3582 —
1500 3548 1592 3597 adami

327 3633 427 3700 quidam
444 3637 454 3680 ι
472 3638 499 3681 ιιι
516 3632 555 3681 lac
573 3646 715 3696 quanquam
731 3633 798 3681 lacte
815 3632 902 3682 melius
919 3632 1021 3682 dicatm
1037 3637 1065 3681 ιιι
1081 3639 1121 3682 ιιι
1137 3632 1209 3696 apud
1225 3634 1323 3682 ennius
1339 3635 1366 3683 in
1383 3632 1517 3683 annalibus.

413 3731 479 3787 (iod.
498 3732 597 3797 Regin.
618 3732 683 3782 1818
707 3732 726 3783 1.
749 3734 763 3781 1
785 3734 917 3784 Pm'sciam
934 3734 1092 3798 prmamatici
1112 3734 1247 3785 clarissimi
1267 3734 1332 3785 liber
1354 3736 1386 3785 de
1408 3732 1592 3786 ἀεοιίιιαιὶιιιιιι

325 3820 438 3884 feliciter
454 3819 551 3883 incipit.
588 3815 675 3867 Omnia
693 3844 724 3855 —
742 3820 871 3868 inuenies:
888 3818 1025 3869 Priscian.
1043 3817 1078 3867 de
1096 3833 1166 3871 nom.
1187 3824 1239 3869 etc.
1256 3836 1284 3885 p.
1302 3820 1438 3872 448-456
1454 3818 1463 3887 Η
1480 3821 1498 3870 i.
1515 3820 1542 3869 18
1556 3818 1591 3866 la·

327 3906 423 3955 uenalis
441 3904 473 3954 de
489 3906 622 3967 palemone
639 3928 672 3939 -
688 3905 832 3968 plenissime
850 3905 920 3954 dicta
936 3901 944 3968 ΗΗ
963 3904 982 3954 1.
998 3901 1031 3954 34
1050 3904 1131 3968 Capri
1146 3908 1302 3969 grammatici
1319 3908 1480 3957 uetustissimi
1493 3912 1590 3967 artopra·

328 3991 386 4057 pbie
402 3990 456 4042 sine
475 3990 655 4054 elepantierum
672 3988 767 4039 libellus
783 3990 895 4052 feliciter
911 3989 1009 4053 incipit.
1044 3988 1120 4039 Haec
1141 3991 1184 4039 uia
1201 4015 1234 4025 -
1250 3993 1380 4040 stellarum
1398 3990 1407 4054 Η
1423 3991 1444 4040 1.
1459 3992 1489 4039 41
1507 3988 1593 4039 Eruditi

328 4076 438 4143 aproetii
454 4076 633 4139 elepantiarum
650 4072 746 4124 libellus
762 4073 902 4125 scalaribus
913 4076 1011 4123 mulban
1027 4074 1171 4124 conducens
1185 4074 1299 4137 feliciter
1314 4076 1407 4139 incipit
1422 4076 1458 4125 ad
1471 4074 1591 4125 cacierini

326 4162 471 4226 pontificem
488 4160 519 4210 de
535 4160 657 4223 politione
675 4160 756 4224 capri.
793 4158 915 4209 Libellum
933 4182 965 4195 -
982 4159 1100 4223 precibus
1116 4157 1125 4224 Η
1142 4160 1162 4209 1.
1179 4162 1213 4210 48
1231 4158 1343 4210 Obarisii
1359 4160 1511 4225 praumatici
1524 4164 1592 4207 sems-

329 4248 418 4297 tissimi
437 4260 482 4297 ars
504 4246 598 4309 optima
620 4252 644 4295 et
664 4246 790 4309 perutilis.
827 4244 1021 4307 Daniupationes
1038 4270 1070 4280 -
1088 4246 1115 4293 in
1136 4244 1283 4295 annuimus:
1305 4244 1341 4293 ci.
1364 4240 1593 4301 0052512821

330 4332 349 4382 1.
367 4332 400 4381 58
418 4330 501 4395 Aspri
517 4330 621 4379 maioris
635 4331 800 4394 prammatica
816 4344 885 4381 more
907 4330 1073 4379 uetustissimo
1090 4330 1186 4395 incipit.
1223 4331 1277 4379 Ars
1294 4356 1327 4366 -
1344 4347 1404 4381 uua.
1421 4329 1430 4395 Η
1447 4332 1465 4380 1.
1477 4331 1507 4379 52
1523 4328 1593 4389 Queri·

331 4424 372 4466 tur
388 4424 469 4467 utrium
485 4416 610 4481 perunctia
630 4416 681 4464 sint
703 4414 782 4464 uerba
800 4440 832 4449 -
850 4420 875 4464 et
896 4414 960 4465 baec
979 4428 1030 4479 pro
1049 4419 1184 4477 praesenti
1199 4415 1351 4478 difficultate
1366 4416 1492 4480 sufficiant
1507 4415 1539 4464 ai
1551 4414 1593 4461 laa-

331 4503 387 4553 dem
404 4502 580 4566 omnipotentis
597 4502 640 4551 dei
657 4501 699 4565 qui
716 4500 778 4549 uiuit
795 4508 820 4550 et
838 4507 929 4565 repnat
952 4501 978 4549 in
993 4502 1132 4550 seculorsun
1148 4502 1234 4551 semila
1252 4516 1332 4554 mnen.
1367 4500 1512 4566 Disceptant
1524 4514 1592 4563 pran-

331 4589 416 4639 matici
435 4588 547 4637 nonnulli
569 4593 595 4636 et
616 4586 696 4650 lonps's
720 4584 865 4651 quibusdam
888 4592 916 4635 ut
940 4586 977 4635 ita
999 4586 1110 4635 imerim
1132 4585 1327 4637 theorematibus
1355 4594 1476 4653 peramant
1500 4597 1593 4634 ninam

330 4674 477 4739 parandium
495 4686 582 4722 nomen
599 4686 633 4719 aa
650 4668 751 4720 uerbum
768 4672 802 4720 sit
818 4696 851 4705 -
869 4687 947 4721 meam
962 4672 1112 4720 senteutiam
1130 4674 1222 4724 ualete.
1238 4668 1248 4736 Η
1266 4671 1287 4721 i.
1305 4672 1338 4722 87
1356 4672 1496 4723 Laurentii
1511 4666 1593 4720 Valles

331 4771 427 4809 sersus
443 4753 452 4823 Η
474 4756 493 4807 1.
513 4756 545 4807 lb
567 4756 622 4805 Ars
643 4770 698 4805 mea
715 4780 748 4789 -
765 4756 863 4806 sinilia.
894 4755 997 4806 Plocae
1016 4757 1175 4820 pneumatici
1194 4758 1300 4809 ιἰιιιιινὴ
1321 4760 1355 4809 de
1377 4758 1471 4811 nanim
1489 4763 1513 4805 et
1531 4750 1593 4803 umbo

331 4842 397 4895 liber
414 4842 520 4907 explicit
534 4842 653 4905 feliciter.
