3525 5600
323 343 367 409 50
883 345 1056 410 claudun

349 470 370 510 p.
384 458 441 497 laus.
453 457 478 496 07
491 455 514 496 Ρ.

325 555 408 598 meus
441 542 509 598 tuus
541 555 619 598 suus
643 571 685 578 —
707 535 789 596 llle:
817 534 868 595 ille
901 553 969 596 cnm
997 536 1138 606 diuitum,
1169 553 1227 596 rron
1256 552 1466 616 usquequaque
1500 536 1614 597 linitum

325 647 383 708 est,
407 638 458 699 sed
482 647 552 700 tunc
575 639 703 707 linitum,
727 655 794 698 curn
817 637 853 699 ad
875 645 1063 716 praesentem
1086 638 1223 716 dirigitur
1239 637 1384 707 elocutio;
1407 657 1476 698 oum
1492 656 1561 698 vero
1578 637 1614 697 de

324 741 446 802 absente
468 740 571 800 relatio
600 747 658 807 est,
688 739 794 801 infiniti
822 741 951 819 speciem
980 739 1090 802 babere
1118 741 1306 817 cognoscitur
1334 738 1379 800 vel
1408 740 1505 800 minus
1528 756 1615 817 quam

205 843 397 914 anatoliani
424 877 459 886 -
488 840 733 903 Subiunctiva
764 848 802 902 ut
833 843 909 919 qni:
944 841 1127 904 subiunctira
1156 841 1207 920 qui
1235 843 1274 916 is,
1304 843 1384 922 ‘ipse
1412 849 1458 902 est
1484 838 1535 900 ille
1564 841 1616 918 qui

323 946 469 1024 scripsit',
498 941 662 1023 ε(1111111111
689 943 772 1013 iecit,
796 945 822 1004 is
841 945 928 1004 etiam
952 943 1036 1004 boc'.
1074 945 1100 1003 is
1122 938 1158 1003 ad
1181 950 1278 1006 certas
1301 960 1444 1022 personas
1467 942 1639 1020 dirigitum
1728 952 1729 1020 1

276 1056 310 1104 29
322 1049 388 1124 quis
409 1045 445 1108 ad
468 1048 605 1107 incertas.
628 1077 671 1089 -
691 1045 789 1107 llinus
810 1061 898 1122 quam
920 1045 1002 1106 linita
1023 1053 1092 1106 sunt
1119 1061 1195 1122 quae
1217 1064 1271 1107 nec
1293 1047 1375 1106 linita
1398 1053 1465 1106 sunt
1493 1063 1549 1105 nec
1570 1046 1616 1104 in·
1728 1055 1729 1058 ’

323 1150 411 1210 linita.
449 1166 518 1209 nam
539 1148 596 1208 iste
619 1155 649 1208 et
675 1148 740 1226 ipse
769 1154 799 1208 et
820 1147 858 1208 de
879 1145 1086 1227 praesentibus
1109 1145 1233 1208 dicimus
1256 1155 1285 1208 et
1313 1147 1350 1207 de
1372 1146 1553 1208 absentibus.
1577 1179 1618 1190 —

277 1258 310 1308 11
323 1251 419 1311 Finita
441 1258 510 1310 sunt
532 1248 697 1310 secundum
719 1250 882 1310 linitionem
904 1267 1066 1329 personae,
1090 1257 1122 1309 ut
1144 1251 1186 1309 ait
1206 1248 1333 1318 Plinius,
1357 1250 1471 1312 inlinila
1492 1267 1617 1328 genera·

322 1351 405 1422 liter,
430 1371 465 1412 eo
488 1349 567 1429 quod
589 1350 717 1432 plurima
739 1353 815 1422 sint,
845 1361 880 1412 nt
907 1352 981 1432 quis.
1009 1369 1064 1430 per
1092 1368 1195 1411 omnes
1224 1353 1302 1412 enim
1325 1353 1440 1430 species
1463 1350 1617 1410 nominum

322 1456 429 1524 currit,
458 1461 491 1514 ut
512 1454 577 1533 quis
599 1452 703 1524 bomo,
733 1454 797 1531 quis
820 1470 927 1531 equus,
958 1454 1023 1532 quis
1045 1452 1154 1524 codex,
1181 1451 1271 1534 {quis
1293 1452 1384 1514 color.
1407 1454 1505 1514 minus
1528 1469 1651 1530 quamn

323 1556 405 1617 finita
427 1555 567 1616 dicuntur
590 1573 666 1635 quae
681 1573 741 1615 non
758 1556 925 1633 significant
940 1554 1017 1632 quod
1034 1564 1078 1616 est
1092 1565 1217 1618 certum.
1246 1558 1382 1616 referunt
1397 1556 1476 1615 enirn
1493 1553 1618 1614 eandem

321 1676 498 1737 personam,
514 1657 553 1717 de
567 1675 625 1736 qua
641 1664 709 1717 ante
723 1655 841 1718 locutus
864 1664 925 1728 est,
943 1665 973 1718 et
990 1675 1055 1716 eam
1077 1666 1264 1736 praesentem
1281 1676 1341 1718 non
1358 1675 1424 1718 esse
1438 1657 1618 1734 significant.

228 1751 237 1768 '
324 1797 364 1804 -
375 1761 473 1822 llinus
488 1777 575 1840 quam
588 1759 669 1819 linita
681 1761 859 1838 pronomina
875 1761 996 1840 proprie
1008 1768 1078 1820 sunt
1089 1777 1164 1837 quae
1180 1759 1493 1821 commemorationem
1506 1759 1620 1818 iaciunt

324 1881 427 1924 earum
441 1879 652 1942 personarum,
676 1860 714 1922 de
729 1861 836 1941 quibus
857 1863 916 1922 iam
932 1860 1021 1922 locuti
1036 1879 1148 1922 sumus
1165 1895 1206 1906 —
1221 1861 1337 1923 Probus
1352 1869 1490 1942 quattuor
1504 1861 1621 1940 species

324 1965 394 2024 lecit
414 1971 527 2024 tantum
550 1969 579 2022 et
598 1963 670 2042 ipsis
692 1964 790 2023 omnia
810 1965 986 2042 pronomina
1008 1965 1140 2043 inposuit
1155 1962 1236 2032 Xlll;
1260 1963 1312 2024 sed
1336 1962 1423 2042 longe
1445 1983 1461 2024 a
1484 1964 1618 2032 veritate,
1633 1984 1654 2022 u
1730 1987 1731 2038 1

323 2068 391 2143 quia
413 2064 506 2127 multo
521 2054 607 2143 plura
622 2065 822 2125 inveniuntur.
860 2063 912 2125 sed
929 2066 1011 2143 siqua
1028 2064 1085 2126 alia
1100 2067 1218 2126 inventa
1233 2065 1361 2136 luerint,
1385 2065 1421 2127 ab
1437 2066 1501 2126 istis
1516 2066 1619 2126 oriun-

324 2175 371 2228 tur
392 2165 622 2247 principalibus,
646 2167 713 2244 quia
736 2167 791 2226 ista
813 2167 989 2246 primigenia
1012 2165 1151 2228 dicuntur
1173 2175 1203 2227 et
1225 2187 1261 2228 ex
1283 2170 1355 2248 ipsis
1377 2171 1454 2229 liunt·
1471 2166 1527 2228 alia
1549 2184 1619 2246 pro·

323 2271 458 2339 nomina,
481 2276 515 2328 ut
536 2269 669 2348 quisquis
691 2269 835 2348 quispiam
851 2269 987 2345 quisnam
1004 2267 1117 2349 aliquis.
1156 2269 1286 2331 linuatus
1302 2269 1413 2358 addidit
1429 2277 1459 2329 ot
1474 2270 1514 2328 ait
1536 2273 1620 2328 ‘sunt

322 2370 379 2432 alia
402 2369 565 2450 qualitatis’
588 2378 618 2430 et
639 2377 739 2452 cetera
767 2368 813 2450 [ut
835 2369 969 2452 quotus]¹
991 2408 1033 2418 -
1053 2371 1229 2433 buticularia
1253 2371 1423 2434 nominibus
1442 2373 1618 2450 iunguntur,

322 2475 392 2554 quia
414 2473 577 2552 iunguntur
599 2471 732 2534 articulis
749 2468 755 2554 Ι
774 2473 965 2534 Graecorum.
1005 2493 1073 2534 nam
1087 2476 1165 2535 inter
1181 2474 1320 2536 articulos
1335 2482 1364 2538 et
1378 2491 1544 2556 pronomen
1560 2471 1616 2532 boc
1632 2495 1655 2532 so

277 2589 312 2638 ao
323 2577 459 2636 interest:
483 2573 598 2636 articuli
613 2570 627 2659 Η
641 2576 734 2636 iuncti
758 2574 928 2636 nominibus
950 2575 1150 2647 declinantur,
1173 2579 1350 2657 pronomina
1365 2575 1435 2638 sola.
1451 2610 1493 2620 —
1507 2575 1616 2636 Cuia-

324 2679 373 2738 tis
402 2679 596 2738 nostratis:
625 2676 699 2738 baec
721 2675 858 2738 dicuntur
880 2677 1001 2756 gentilia
1024 2697 1097 2740 esse.
1136 2681 1215 2740 cuias
1243 2687 1340 2741 autern
1369 2686 1398 2739 et
1425 2679 1530 2740 cuiatis
1558 2677 1617 2738 duo

323 2779 494 2842 nominativi
516 2787 599 2850 sont,
621 2785 654 2841 ut
675 2787 794 2841 nostras
816 2785 846 2840 et
867 2782 1016 2843 nostratis.
1053 2782 1240 2844 incitantem
1265 2789 1294 2843 et
1315 2781 1440 2843 cuiatem
1457 2788 1486 2841 et
1501 2785 1618 2842 nostra·
1732 2800 1733 2851 i

205 2894 265 2957 380,
279 2894 311 2945 lo
324 2890 391 2943 tem.
430 2883 513 2943 cuias
533 2891 631 2943 autem
651 2882 796 2961 significat
816 2884 899 2944 cuius
919 2885 1031 2961 gentis,
1056 2892 1172 2946 nostras
1187 2893 1306 2945 nostrae
1321 2886 1427 2963 gentis.
1444 2916 1484 2929 —
1499 2884 1617 2945 Genera

323 2982 549 3064 pronominibus
570 2986 610 3046 ita
631 2992 664 3044 ut
685 2976 854 3045 nominibus
877 2985 997 3064 quidem
1020 2985 1171 3056 accidunt,
1200 2985 1251 3047 sed
1273 2994 1392 3067 praeter
1414 2987 1615 3067 promiscuum
1631 3008 1655 3046 ss

322 3106 426 3165 genus.
463 3104 561 3164 neque
584 3088 663 3147 enim
684 3104 850 3167 pronomen
871 3088 1074 3167 promiscuum
1096 3088 1222 3150 inveniri
1243 3097 1351 3169 potest.
1373 3086 1523 3149 —Nemo
1546 3105 1615 3166 pro·

324 3206 433 3249 nomen
455 3195 511 3260 est,
537 3196 566 3249 et
587 3188 789 3268 quaerendum
812 3195 872 3259 est,
897 3190 980 3251 cuius
1002 3192 1120 3268 generis
1134 3192 1180 3251 sit.
1218 3192 1297 3269 quod
1319 3191 1484 3252 communis
1498 3188 1628 3267 generis

324 3308 469 3352 essenon
492 3290 702 3369 ambigendum
726 3298 780 3351 est.
818 3290 946 3372 denique
969 3292 1112 3353 feminino
1134 3292 1242 3354 lectum
1265 3300 1310 3353 est
1332 3292 1410 3372 apud
1433 3292 1615 3359 Terentium,

297 3395 383 3454 a‘ur
403 3390 508 3453 illum
535 3409 640 3453 nemo
669 3400 884 3454 nostrarum
914 3395 1106 3472 quisquam
1130 3395 1252 3455 vidit’.
1275 3428 1317 3438 -
1341 3392 1471 3474 [acutus]
1495 3393 1618 3454 Numeri

326 3503 384 3563 est,
408 3494 525 3572 quando
547 3513 601 3573 per
619 3502 635 3555 1
654 3494 808 3565 scribitnr;
829 3493 835 3576 Ι
853 3496 971 3575 qnando
993 3514 1048 3575 per
1070 3498 1104 3573 d,
1129 3498 1247 3575 generis
1270 3504 1314 3557 est
1329 3497 1440 3572 neutri,
1464 3499 1549 3573 ‘quot
1564 3494 1616 3553 bo·
1631 3520 1655 3559 ao

324 3599 420 3658 mines
442 3596 584 3657 occiditl'
609 3598 707 3675 ‘quod
730 3606 774 3658 est
795 3597 886 3658 hocl'
910 3632 951 3643 —
974 3598 1068 3668 Quot
1093 3606 1163 3658 tot:
1193 3606 1265 3677 quot
1293 3606 1320 3659 et
1348 3607 1391 3660 tot
1418 3600 1488 3660 iacit
1510 3604 1618 3674 quotus

324 3707 353 3759 et
385 3705 473 3760 totus.
512 3708 619 3777 quotus
646 3700 773 3761 veroin
800 3698 963 3781 penultima
992 3708 1109 3761 acutum
1138 3698 1243 3769 babet,
1275 3707 1355 3761 totus
1382 3698 1615 3767 circumflexum,

393 3935 748 3991 eou.Bem.vr116-7*.
820 3940 914 3988 21111111
930 3938 1014 3987 souitu
1034 3952 1091 3987 cum
1110 3938 1143 3987 nd
1213 3934 1350 4004 3111111111]
1373 3936 1437 3987 liniti
1502 3936 1616 3987 4111ιὶ110

325 4010 485 4059 subiunctiua
538 4012 578 4061 his
597 4012 653 4076 ipae
723 4006 814 4061 billut
865 4007 1001 4059 bisetium
1071 4008 1197 4074 derigitur
1265 4003 1377 4074 oquae]
1397 4022 1447 4071 qua
1517 4007 1616 4055 iistae

324 4088 349 4129 et
418 4081 518 4130 absenti
586 4080 742 4130 illinionem
811 4077 913 4143 plenius
982 4076 1162 4143 libaminum]
1189 4079 1300 4128 omnium
1323 4094 1392 4131 corr.
1414 4077 1545 4127 nominum

325 4147 357 4199 10
375 4148 467 4215 equus]
487 4165 547 4199 eene
619 4141 648 4199 ll
665 4146 824 4199 reierteuirn
839 4147 929 4198 eadem
1000 4149 1032 4199 12
1049 4156 1210 4213 praesentem
1226 4164 1283 4199 nam
1302 4147 1423 4197 iniectam
1438 4146 1510 4196 linito
1583 4146 1615 4196 la

324 4222 443 4285 propriae
513 4221 547 4271 lb
565 4233 580 4267 a
598 4218 706 4270 baritate
777 4217 809 4268 ld
828 4215 912 4283 plura]
933 4217 1026 4285 plurali
1099 4219 1130 4270 17
1145 4220 1304 4285 primogenio
1371 4217 1407 4269 23
1420 4216 1544 4266 nominati
1556 4222 1616 4265 sunt

392 4291 511 4341 alcuius
530 4291 632 4356 generis
702 4285 815 4353 nostrae]
835 4303 915 4339 nosne
984 4288 1211 4355 astringendum
1281 4294 1341 4354 aput
1410 4287 1445 4338 30
1463 4294 1473 4336 1
1490 4294 1515 4337 et
1532 4286 1549 4336 d
1566 4302 1614 4339 ona.

392 4362 462 4425 quod
479 4359 596 4411 hominen
664 4360 697 4412 at
717 4360 786 4422 quod
801 4366 838 4409 tot
851 4358 921 4421 quod
989 4357 1022 4409 32
1042 4359 1206 4409 eircullexum

396 4568 428 4618 14
446 4564 555 4631 Probus]
575 4566 653 4618 1111111.
669 4573 719 4615 ort.
733 4582 763 4631 p.
776 4565 835 4624 lul,
853 4564 887 4615 lb
957 4563 988 4614 17
1007 4560 1172 4631 primigenia]
1193 4565 1347 4631 primigenia
1368 4578 1434 4626 quae
1452 4562 1514 4615 dicit
1532 4562 1615 4615 Varro

325 4637 457 4700 Pompeius
471 4653 498 4701 p.
515 4635 567 4688 aab
582 4636 622 4686 ed.
643 4636 720 4690 Laud.
774 4636 809 4686 28
827 4634 897 4700 apud
914 4632 1069 4700 Terentium]
1093 4634 1206 4685 Euuueb.
1222 4634 1308 4695 11114,
1330 4634 1363 4686 10
1380 4632 1447 4685 buno
1463 4634 1542 4684 oculis
1561 4634 1616 4683 suia

324 4714 466 4755 nostrarum
485 4721 621 4770 numquam
642 4706 776 4770 quisquam
794 4706 867 4768 vidit,
886 4700 1010 4753 Phaedria
1095 4705 1129 4756 29
1154 4712 1214 4769 quot
1239 4706 1338 4755 numeri
1363 4713 1401 4755 est
1420 4704 1521 4769 quando
1540 4712 1619 4770 pert

324 4776 458 4838 scribitur3
475 4776 576 4840 quando
594 4791 640 4842 per
655 4778 682 4836 d,
701 4775 804 4842 generis
820 4782 861 4825 est
882 4774 964 4822 neutri
984 4772 1122 4825 Putrctir'ns.
1144 4793 1167 4829 u.
1184 4782 1273 4826 acutus
1291 4791 1327 4826 ea:
1342 4775 1505 4827 adnotatione
1523 4775 1555 4825 de
1570 4788 1614 4823 uc-

232 4844 235 4849 ’
323 4854 397 4897 centu
415 4850 584 4909 pronorrriaum
600 4854 692 4911 quotus
710 4853 736 4895 et
753 4852 819 4895 totus
840 4844 938 4894 uidebar
957 4846 1069 4895 relietum
1085 4861 1141 4896 esee
