3525 5600
622 385 857 448 cnnnnnnvtt
1325 383 1389 450 205

1205 506 1227 547 p.
1240 494 1363 534 sss-cti.

122 581 164 639 iste
186 573 302 634 homol’
333 591 393 634 non
420 581 449 634 te
478 579 589 634 terreat
616 575 821 635 nominativus,
866 593 935 636 nam
962 575 1026 654 ipse
1040 583 1099 635 ‘est
1126 591 1213 634 casus
1242 575 1330 634 etiam
1359 576 1388 635 in

121 681 181 740 istis:
204 682 231 736 el
257 676 336 736 cuias
364 677 560 736 nominativus
583 684 640 745 est,
671 684 700 736 et
723 677 828 738 cuiatis
850 676 1048 737 nominativus
1071 683 1123 736 est.
1169 676 1297 736 ‘cuiates
1319 684 1390 736 suut

122 783 157 841 isti
178 777 339 838 homines‘l'
369 776 373 858 Ι
402 795 523 857 possum
552 777 652 839 dicere
681 778 762 838 cuias
785 785 813 837 et
835 780 949 839 cuiatis.
994 777 1064 856 quid
1087 785 1134 838 est
1155 779 1255 839 cuias?
1291 778 1390 839 idest

121 885 185 943 culus
204 880 310 958 gentis,
334 886 368 940 ut
389 881 523 941 ‘nostras
546 887 592 940 est
613 881 670 940 iste
692 878 810 950 bomo’,
838 880 868 941 id
893 888 938 940 est
959 886 1079 940 nostrae
1100 879 1207 958 gentis.
1250 882 1275 940 si
1296 882 1388 942 inter·

104 1001 189 1062 eroges
213 981 294 1042 verbi
323 1000 409 1043 causa
437 981 474 1042 de
501 982 619 1052 Mauro,
649 989 700 1043 aut
728 983 804 1061 siqui
832 1001 880 1043 me
908 983 1072 1059 interroget
1102 983 1174 1044 ‘iste
1197 980 1286 1042 bomo
1308 985 1390 1043 cuias

121 1090 190 1154 estt',
213 1089 347 1145 ‘nostras
369 1086 441 1154 est’,
464 1083 494 1144 id
511 1091 555 1145 est
569 1083 698 1146 llaurns.
729 1081 779 1145 ille
801 1085 995 1162 interrogarit
1009 1093 1144 1162 gentem,
1168 1101 1223 1162 ego
1238 1084 1386 1164 respondi.

120 1188 262 1249 invenimus
283 1187 362 1266 apud
385 1185 544 1267 plerosque
566 1186 753 1267 artigraphos
775 1186 901 1266 produci
916 1185 1023 1246 borum
1038 1187 1248 1264 pronominum
1272 1185 1389 1246 ultimas

120 1288 239 1368 syllabas,
262 1291 347 1350 culeis
369 1292 493 1350 nostris.
539 1287 590 1349 sed
614 1287 726 1366 legistis
749 1289 778 1348 in
807 1285 979 1348 accentibus
1006 1289 1147 1367 quoniam
1169 1288 1258 1349 latina
1289 1286 1388 1365 lingua

120 1395 142 1452 iu
160 1391 259 1451 ultimis
285 1389 406 1469 syllabis
433 1398 587 1451 accentum
609 1408 669 1451 nou
692 1389 790 1451 habet.
835 1389 949 1450 idcirco
971 1407 1031 1449 nou
1053 1389 1196 1450 debemus
1217 1387 1272 1449 hos
1294 1390 1387 1468 sequi,

95 1494 157 1553 net
177 1492 315 1554 debemus
337 1492 437 1554 dicere
459 1493 541 1554 cullas
563 1501 592 1553 et
614 1493 717 1552 culitis
732 1491 866 1555 vitandae
887 1491 1054 1553 calumniae
1075 1509 1171 1552 causa.
1201 1509 1270 1552 tram
1292 1499 1389 1570 potest

119 1595 189 1674 aliqui
209 1593 381 1656 calumniari
403 1593 465 1656 tibi.
510 1594 581 1654 dicit
602 1592 655 1654 tibi
677 1591 727 1654 ille
750 1599 860 1674 ‘qnare
883 1611 943 1654 non
966 1592 1039 1654 dicis
1062 1594 1159 1661 enias,
1184 1594 1236 1654 sed
1258 1593 1389 1662 cuiasi',

119 1706 141 1757 et
158 1697 253 1776 incipis
280 1697 311 1756 in
340 1695 562 1758 altercationem
585 1697 694 1757 venire.
739 1695 807 1756 ideo
830 1696 898 1756 dieo
919 1692 974 1755 tibi
1002 1696 1142 1774 quoniam
1169 1694 1257 1756 latina
1288 1693 1388 1773 lingna

119 1802 141 1859 ln
160 1798 259 1860 ultimis
285 1797 406 1877 syllabis
433 1805 586 1861 accentum
609 1816 670 1858 non
693 1796 793 1858 babet:
826 1807 858 1858 nt
878 1795 966 1859 tollas
987 1795 1209 1876 ambiguitatem
1231 1796 1390 1858 obicientis

119 1901 175 1970 loc,
196 1900 240 1960 dic
262 1901 382 1962 culcitis:
408 1919 495 1962 nemo
519 1902 598 1961 enim
613 1899 685 1960 dicit
707 1901 826 1968 cuiatis;
849 1918 905 1978 per
927 1917 1030 1960 rerum
1053 1906 1188 1960 naturam
1210 1917 1270 1959 non
1293 1905 1391 1977 potest

94 2004 177 2064 uberi
219 2021 289 2081 ergo
311 2001 348 2063 ad
368 2001 440 2062 illud
463 2003 563 2082 potius
585 2001 676 2062 debes
698 2003 867 2062 consentire
896 2008 926 2060 et
952 1999 1025 2061 illud
1054 2002 1085 2060 in
1115 2018 1170 2060 usn
1199 1999 1324 2070 babere,
1354 1999 1390 2060 de

120 2123 165 2184 quo
183 2124 267 2166 nemo
291 2103 413 2166 dubitat.
459 2113 488 2166 et
509 2103 583 2166 illud
605 2103 715 2166 lectum
737 2110 783 2166 est
805 2111 834 2164 et
856 2101 939 2163 illud.

186 2207 257 2268 Sunt
284 2216 438 2287 praeterea
467 2205 564 2287 aliqua
591 2207 768 2287 pronomina
796 2223 871 2285 qnae
895 2203 1036 2266 inchoant
1058 2204 1270 2275 elocutionem,
1293 2203 1390 2284 aliqua

119 2327 177 2387 quae
197 2307 376 2371 subnectunt
392 2307 603 2370 elocutionem·
629 2307 771 2369 inchoant
786 2307 983 2368 elocutionem
998 2288 1067 2376 ista,
1088 2309 1169 2386 quls;
1192 2307 1389 2387 subjnectunt,

119 2412 145 2469 is.
169 2419 233 2489 puta
255 2413 339 2491 ‘quis
354 2412 464 2489 estqui
480 2411 742 2472 lecitininriami'
763 2411 805 2470 ita
826 2408 966 2470 dicimus:
982 2407 1131 2488 numquid
1151 2427 1271 2488 possum
1290 2408 1391 2470 dicere

93 2513 171 2590 s‘qut
189 2513 256 2574 lecit
276 2515 416 2574 iniurium
439 2521 483 2573 est
504 2513 605 2592 quisi'
628 2531 682 2591 per
703 2530 804 2572 rernm
821 2519 957 2572 naturam
981 2530 1040 2572 non
1063 2518 1161 2590 potest
1182 2511 1260 2581 lieri,
1284 2510 1337 2572 sed
1360 2513 1390 2570 ln

118 2611 271 2674 inchoandis
305 2613 523 2676 elocutionibus
555 2615 684 2694 ponitur.
730 2622 759 2676 el
787 2632 804 2674 e
837 2613 988 2674 contrario
1020 2614 1045 2674 is
1077 2611 1275 2690 subiungitur.
1319 2621 1389 2692 puta

118 2717 185 2793 ‘quis
205 2722 247 2776 est
269 2718 320 2794 qui
341 2718 413 2778 iecit
434 2717 591 2778 iniuriam?
620 2717 760 2778 Ciceroi'
782 2734 841 2778 non
864 2723 950 2796 potes
972 2724 1002 2776 tn
1026 2711 1125 2774 dicere
1148 2715 1238 2793 ‘quis
1260 2715 1334 2784 est’,
1358 2722 1390 2774 nt

119 2821 280 2889 consentias,
309 2819 362 2881 sed
390 2818 490 2879 dicere
517 2818 608 2881 hahes
630 2822 673 2881 ‘is
695 2825 767 2881 est’.
813 2836 886 2897 ergo
909 2836 996 2898 quern
1019 2817 1056 2879 ad
1079 2816 1200 2878 modum
1224 2816 1273 2878 illa
1297 2820 1389 2898 parti-

119 2920 170 2979 cula
189 2920 319 2991 inchoat,
344 2923 386 2981 sic
408 2922 465 2983 ista
487 2919 646 2983 subnectit.

92 3038 109 3076 n
187 3022 256 3083 Sunt
278 3022 374 3102 aliqua
397 3024 573 3101 pronomina
596 3042 671 3104 quae
698 3042 761 3085 rem
784 3030 972 3103 praesentem
994 3021 1173 3098 significant,
1198 3029 1230 3081 ut
1252 3020 1389 3091 diximus,

119 3123 156 3183 lic
180 3124 245 3187 baec
273 3126 344 3194 boc;
373 3134 440 3187 sunt
468 3126 564 3207 aliqua
593 3144 668 3207 quae
695 3126 788 3203 magis
816 3126 991 3203 significant
1037 3121 1095 3183 boe
1122 3121 1192 3201 qnid
1214 3126 1253 3183 sit
1275 3126 1389 3194 nescio;

119 3227 197 3285 omnis
220 3245 267 3287 res
295 3236 347 3288 aut
372 3245 514 3307 praesens
542 3236 588 3289 est
614 3236 665 3289 aut
692 3246 751 3287 non
779 3236 826 3287 est
854 3244 1012 3306 praesens3
1037 3227 1131 3303 magis
1153 3244 1295 3305 praesens
1317 3226 1388 3304 quid

120 3336 154 3387 est
172 3332 273 3389 nescio.
319 3329 371 3389 sed
395 3328 462 3391 dico
486 3339 598 3399 tamem
621 3328 693 3391 illud
716 3329 782 3390 dico
804 3328 882 3406 qrrod
905 3327 997 3389 voluit
1019 3328 1202 3407 exprimere,
1227 3330 1324 3389 minus
1346 3337 1391 3389 ta·

120 3446 174 3489 nen
194 3430 260 3491 illud
283 3431 370 3501 dixit,
395 3449 483 3510 qnam
505 3449 633 3509 aequum
656 3438 710 3495 est.
744 3429 827 3491 verbi
849 3448 937 3491 causa
959 3428 1005 3489 lac
1027 3429 1076 3488 llio
1097 3429 1248 3491 bominem
1272 3449 1336 3492 esse
1358 3433 1389 3491 in

95 3528 184 3600 nluro,
205 3532 252 3592 sed
275 3532 364 3603 loris,
394 3542 423 3594 et
449 3532 574 3595 alterum
603 3532 652 3595 bic
675 3552 740 3594 csse
763 3539 965 3612 praesentem,
988 3539 1021 3591 ut
1042 3532 1080 3592 sit
1100 3550 1243 3611 praesens
1264 3531 1314 3593 ille
1337 3535 1389 3609 qni

122 3630 179 3693 loris
199 3641 250 3703 est,
274 3636 312 3695 sit
334 3638 428 3715 magis
448 3653 591 3715 praesens
612 3634 662 3697 ille
685 3636 736 3715 qui
758 3634 806 3695 hic
830 3641 883 3694 est.
917 3631 987 3713 [qua
1002 3632 1150 3711 rationei]
1172 3642 1295 3713 propter
1317 3636 1390 3695 istas

123 3732 281 3797 elocutiones
301 3735 352 3798 ille
380 3739 434 3808 ait,
464 3747 637 3817 praesentes
664 3754 810 3817 personae
837 3745 907 3797 sunt
928 3734 976 3795 bic
1000 3735 1073 3795 llaec
1096 3734 1166 3805 boe,
1189 3737 1283 3813 magis
1305 3754 1390 3816 prae-

123 3843 203 3897 sentes
228 3846 295 3899 sunt
323 3856 426 3901 eccum
454 3856 554 3901 eccam
583 3838 682 3901 ellum.
727 3856 783 3918 qna
811 3840 927 3899 ratione
949 3836 1010 3897 dixi
1032 3838 1126 3916 magis
1148 3845 1337 3916 praesentes,
1362 3846 1392 3898 et

125 3935 194 3997 talem
214 3943 453 4019 conparationem
475 3941 533 4003 ieci
556 3942 620 4003 eius
642 3942 692 4021 qui
715 3942 788 4001 loris
811 3948 856 4001 est
878 3941 981 4018 etqui
1004 3939 1086 4001 intus
1108 3940 1171 4000 esti
1193 3947 1318 4019 propter
1339 3940 1389 4001 ad-

102 4036 200 4100 srerhii
223 4040 479 4123 coniunctiolnem.
525 4062 595 4105 ecce
622 4060 698 4121 quae
726 4062 794 4124 pars
817 4044 959 4105 orationis
982 4043 1044 4103 esti
1076 4041 1250 4103 adverbium
1272 4050 1317 4104 est
1338 4041 1391 4103 de-

126 4144 300 4206 monstrantis.
331 4164 420 4225 quem
444 4144 480 4206 ad
503 4145 625 4206 modum
641 4144 707 4206 dico
732 4145 838 4206 cllum?
862 4145 936 4207 nihtt
959 4146 1106 4223 significat
1128 4142 1216 4205 ellum
1240 4146 1299 4205 nisi
1321 4164 1391 4206 ecee

128 4258 402 4273 --————-

179 4312 282 4381 2cuias]
302 4316 375 4364 cuins
394 4315 451 4366 AB
503 4324 527 4365 et
545 4316 635 4366 cuiatis
653 4316 738 4367 ABG
756 4326 780 4365 et
797 4317 922 4365 eulatesa
992 4314 1205 4381 3possumnsG
1255 4325 1280 4363 et
1299 4316 1390 4365 cuiatis

127 4380 144 4427 A
158 4386 280 4435 eteniatee
302 4384 391 4435 nea*
461 4386 478 4437 5
504 4388 575 4437 cuins
596 4387 674 4436 estc
742 4386 881 4453 iproduel
899 4388 941 4436 Ga
958 4385 1076 4450 producit
1093 4385 1118 4434 A
1137 4385 1278 4449 producere
1296 4386 1322 4436 B

127 4448 212 4503 lenias
229 4453 356 4505 nostrisG
372 4456 442 4506 cuins
459 4466 559 4505 nostras
571 4456 631 4508 AB.
648 4458 674 4505 iu
686 4458 790 4523 reliquis
806 4458 976 4522 pronominum
989 4456 1079 4519 fornace
1095 4461 1169 4504 notae
1187 4463 1330 4505 ucrentmou
1346 4462 1391 4506 aut

126 4522 214 4574 emesae
237 4527 259 4575 in
283 4525 409 4576 codicibus
432 4534 476 4577 aut
501 4535 591 4589 norrea
620 4526 767 4589 adscriptae
794 4534 851 4577 suut
937 4525 971 4576 10
989 4525 1033 4575 sed
1058 4525 1179 4573 debemus
1198 4525 1283 4574 dicere
1302 4526 1391 4575 cuiatis

126 4588 216 4656 Lonpen
231 4596 259 4644 dc
273 4612 375 4660 porum.
391 4601 437 4649 lot.
454 4598 601 4660 praeceptis
620 4612 685 4661 petae
705 4597 742 4646 ad
757 4604 885 4647 accentum
900 4603 1015 4659 spectant
1029 4594 1150 4662 (Bonane
1167 4610 1193 4646 a.
1212 4595 1293 4661 1857)
1310 4612 1337 4660 p,
1356 4594 1390 4645 55

184 4663 370 4716 labicanens
388 4682 462 4717 nemo
480 4666 549 4721 enlm
564 4666 626 4716 dicit
640 4668 730 4718 eulatie
745 4667 791 4717 Ab
811 4667 852 4717 dic
870 4666 966 4715 cuintes
981 4680 1055 4715 nemo
1073 4666 1141 4713 enim
1160 4665 1220 4714 dicit
1239 4667 1336 4716 enimes
1349 4665 1391 4715 Ba

127 4727 160 4777 dio
174 4732 256 4783 eulatia
272 4750 343 4785 nemo
362 4737 429 4785 enlm
448 4736 509 4787 dicit
530 4738 625 4787 cuiates
644 4738 665 4788 0
749 4738 782 4787 17
800 4745 931 4802 praeterea
950 4734 1127 4799 eliquesco
1145 4744 1277 4799 praeterea
1295 4736 1347 4786 alle
1365 4736 1390 4784 A

184 4802 250 4853 eoin
266 4820 309 4856 orn.
329 4805 388 4856 AB
457 4809 491 4859 25
510 4816 569 4859 snut
587 4808 674 4870 aliqua
690 4807 765 4858 Bne
782 4814 841 4857 sunt
860 4807 910 4857 alle
928 4807 953 4856 A
1022 4802 1057 4855 29
1075 4804 1161 4867 queml
1183 4805 1287 4867 quodC
1356 4804 1390 4857 35

129 4882 183 4931 quiae
198 4888 239 4924 om.
251 4875 280 4941 A,
292 4875 351 4927 add.
363 4894 380 4927 α
