3525 5600
357 431 420 499 520
900 435 1100 498 nvuvsrtrtt

387 555 407 596 p.
420 543 522 586 nott-rs
535 541 558 584 r.

859 639 908 701 DE
931 639 1144 702 eluricum

441 758 521 820 llaec
544 777 612 840 pars
634 760 775 820 orationis
797 766 828 819 et
849 778 864 820 a
888 757 980 819 verbo
1002 760 1111 839 accipit
1131 768 1247 840 partem
1270 767 1338 820 eta
1361 759 1494 821 nomine:
1517 779 1618 843 nunqu
1706 792 1707 795 ¹

357 843 426 904 inde
455 846 644 924 participium
672 845 791 906 dicitur·
836 846 897 905 erit
924 853 1021 905 autern
1054 843 1129 904 haec
1159 863 1229 924 pars
1263 846 1407 904 orationis
1435 847 1466 905 in
1494 853 1618 925 praesenti

357 938 490 1007 tempore
518 931 549 989 in
581 947 633 990 ens
663 937 691 989 et
719 932 750 990 in
778 947 831 991 ans
853 927 994 1008 syllabas,
1018 936 1051 989 ut
1072 928 1175 1006 legens
1198 948 1313 998 ornans,
1336 930 1437 990 lutuno
1459 939 1579 1010 tempore
1596 935 1618 992 in

359 1033 425 1083 rus,
448 1021 481 1074 ut
509 1014 611 1092 legens
639 1014 783 1086 lecturus,
813 1032 915 1075 amans
938 1010 943 1095 Ι
967 1021 1131 1083 amaturus,
1160 1016 1191 1074 in
1218 1015 1382 1094 praeterito
1403 1014 1498 1074 lectus
1518 1025 1636 1081 amatuss

356 1103 457 1159 l'uturo
479 1099 622 1177 legendus
645 1100 797 1160 annandus.
841 1099 925 1159 rides
946 1099 1023 1160 lianc
1045 1106 1161 1178 partem
1188 1102 1333 1161 orationis
1354 1101 1399 1159 ire
1422 1117 1477 1178 per
1498 1107 1617 1180 tempora.

356 1185 456 1243 omnia
483 1183 556 1244 haec
585 1205 600 1245 a
630 1183 721 1245 verbo
749 1192 916 1245 mutuatur:
957 1203 1023 1244 nam
1051 1183 1142 1244 verbo
1169 1187 1348 1245 conveniunt
1374 1191 1518 1262 tempora.
1557 1187 1617 1266 qnod

356 1277 455 1328 autem
479 1269 645 1329 declinatur
668 1288 722 1348 per
744 1287 844 1337 casus,
868 1269 924 1328 lnoc
946 1288 962 1330 a
985 1271 1104 1329 nomine
1128 1276 1294 1330 mutuatur:
1325 1287 1393 1330 uam
1415 1269 1565 1330 declinatio
1581 1290 1616 1330 ca·

356 1354 448 1414 sunlis
471 1354 506 1414 ad
530 1372 636 1414 nomen
658 1356 801 1434 pertinet,
826 1361 857 1412 ut
878 1354 929 1414 liic
952 1354 1053 1431 tegens
1080 1354 1170 1414 liuius
1191 1353 1318 1431 legentis
1339 1353 1409 1415 huic
1432 1352 1538 1431 legenti
1558 1356 1616 1416 hunc

357 1438 504 1514 legentem
528 1458 544 1499 o
566 1439 669 1516 legens
691 1437 727 1500 ab
749 1440 806 1499 hoc
828 1439 955 1516 legente.
986 1457 1058 1516 ergo
1073 1439 1150 1518 quod
1173 1439 1246 1498 llaec
1267 1458 1336 1518 pars
1358 1441 1500 1500 orationis
1521 1441 1559 1499 rel
1577 1459 1643 1519 pern

356 1530 488 1602 tempora
516 1523 559 1582 vcl
589 1542 642 1603 por
670 1543 755 1584 casus
782 1526 894 1593 currit,
923 1525 1113 1602 participium
1142 1532 1277 1594 vocatur,
1309 1524 1388 1603 quod
1410 1532 1522 1602 partem
1542 1528 1617 1604 capiat

356 1610 493 1678 nominis,
523 1616 637 1687 partem
667 1607 762 1669 verbi.
801 1627 857 1669 non
886 1606 1034 1668 laboriosa
1064 1625 1134 1688 pars
1162 1610 1388 1678 odorationis,
1412 1609 1616 1669 sedintelleotn
1707 1638 1708 1681 ι

356 1692 461 1753 facilis
507 1712 574 1754 nam
603 1696 753 1773 praesenti
782 1702 915 1773 tempore
945 1695 1006 1754 exit
1027 1695 1058 1753 in
1080 1711 1133 1753 ans
1155 1701 1185 1753 et
1207 1695 1238 1752 in
1261 1705 1329 1763 ens,
1352 1701 1386 1754 ut
1406 1712 1507 1754 amans
1527 1694 1615 1771 legens,
1707 1694 1708 1699 ’

355 1779 456 1838 futuro
479 1778 583 1856 agendi
606 1779 820 1854 significatione
844 1781 874 1838 in
897 1773 963 1848 rus,
988 1785 1022 1838 ut
1037 1785 1187 1838 amaturus
1203 1778 1349 1848 lecturus:
1372 1779 1615 1857 apatiendisigni·
1707 1768 1708 1831 l

355 1864 489 1923 tentione
513 1865 543 1923 in
566 1871 612 1923 tus
635 1866 717 1925 etin
740 1863 810 1933 due,
839 1870 872 1926 ut
899 1872 1014 1924 amatus
1042 1863 1193 1941 legendus.
1231 1882 1302 1924 sane
1325 1865 1425 1942 ipsum
1447 1866 1643 1942 praeteritmnn
1707 1898 1708 1911 ι

356 1955 473 2027 tempus
496 1947 593 2008 tribus
616 1947 740 2028 syllabis
758 1950 951 2017 terminatur,
976 1950 1006 2007 in
1027 1955 1091 2017 tus,
1114 1956 1147 2008 ut
1169 1950 1300 2028 scriptus
1322 1949 1433 2018 lectus,
1461 1951 1493 2009 in
1513 1968 1570 2016 sus,
1592 1959 1616 2008 ut
1707 1948 1708 2015 ἶ

355 2035 470 2093 occisus
497 2036 590 2102 visus,
621 2035 650 2094 in
677 2053 746 2105 xus,
776 2040 809 2094 ut
836 2035 924 2102 lutus3
953 2033 1019 2112 plus
1046 2051 1105 2092 non
1133 2036 1276 2093 invenies.
1320 2051 1409 2110 ergo,
1440 2040 1474 2094 ut
1499 2034 1615 2100 diximus,
1707 2042 1708 2081 ι

355 2136 497 2198 praesens
519 2121 550 2178 in
572 2137 625 2179 ens
647 2127 677 2179 et
700 2121 730 2178 in
753 2136 820 2187 ans,
844 2118 978 2178 luturunt
1000 2119 1030 2177 in
1053 2136 1119 2201 rus,
1142 2120 1337 2197 praeteritum
1360 2121 1392 2178 in
1420 2126 1481 2187 tus,
1508 2119 1616 2178 loturum
1707 2134 1708 2167 t

353 2213 471 2284 tompus
499 2204 532 2262 in
560 2202 623 2262 dus.
668 2213 736 2264 sunt
764 2221 834 2262 sanc
863 2205 997 2273 nomina,
1026 2221 1102 2283 quac
1131 2221 1203 2263 sono
1231 2204 1387 2282 participia
1409 2211 1557 2281 putantur,
1576 2203 1616 2262 sed

354 2289 473 2348 uomina
506 2294 585 2348 sunt.
635 2289 793 2367 participia
826 2289 907 2348 enim
940 2287 990 2347 illa
1023 2295 1093 2348 sunt
1122 2305 1198 2367 quae
1227 2307 1243 2347 a
1270 2287 1371 2347 verbis
1398 2290 1529 2356 veniunt,
1557 2297 1583 2347 ut
1603 2303 1645 2345 aen

353 2373 419 2450 lego
447 2372 548 2450 legens
575 2373 705 2434 lecturus
734 2374 828 2434 lectus
858 2372 1017 2450 legendus;
1046 2373 1195 2433 tunicatus
1222 2378 1253 2432 et
1279 2372 1412 2450 galeatus
1439 2381 1469 2432 et
1495 2373 1618 2452 clipeatus

353 2465 383 2518 et
406 2465 575 2538 tropaeatus
597 2459 715 2518 nomina
738 2465 815 2527 sunt„
839 2476 899 2517 nou
922 2459 1089 2537 participia,
1112 2459 1181 2536 quia
1204 2476 1263 2518 non
1285 2478 1302 2518 a
1323 2456 1415 2517 verbo
1436 2461 1560 2517 veniunt.
1583 2465 1618 2516 est

353 2561 444 2603 unum
473 2544 662 2622 participium
690 2545 843 2623 praeteriti
873 2545 1016 2622 temporis
1044 2545 1077 2602 in
1103 2543 1184 2602 omni
1213 2544 1305 2603 latino
1332 2561 1484 2610 sermone,
1505 2543 1575 2622 quod
1593 2544 1618 2600 iu

353 2629 478 2688 lormam
499 2629 627 2688 nominis
657 2625 716 2708 [vel
739 2626 984 2708 declinationem]
1009 2645 1184 2688 conversum
1207 2635 1265 2696 est,
1285 2635 1319 2686 ut
1339 2634 1385 2686 est
1405 2635 1547 2686 mortuus.
1584 2635 1619 2686 est

353 2714 432 2773 enim
461 2711 497 2773 ab
526 2731 560 2772 co
588 2713 665 2792 qund
693 2719 736 2772 est
764 2714 892 2782 morior,
923 2721 952 2774 ct
979 2713 1170 2792 participium
1193 2713 1349 2792 praeteriti
1372 2714 1515 2791 temporis
1534 2714 1562 2773 in
1582 2720 1648 2771 tnss

353 2800 435 2858 exire
465 2796 566 2859 debuit
594 2818 647 2878 per
675 2816 766 2859 unum
795 2818 828 2868 u,
857 2817 916 2859 non
944 2816 1000 2878 per
1027 2798 1095 2860 duo.
1139 2818 1206 2859 nam
1237 2797 1289 2858 ubi
1317 2800 1468 2875 getninata
1493 2817 1513 2858 u
1536 2798 1619 2858 littera
1708 2821 1709 2878 j

353 2886 383 2943 in
400 2884 582 2944 nominativo
604 2892 662 2954 est,
687 2902 794 2945 nomen
817 2892 876 2954 est,
901 2902 960 2945 non
976 2884 1182 2964 participium,
1206 2892 1239 2946 ut
1253 2884 1352 2943 fatuus
1367 2885 1514 2960 ingennus
1528 2884 1620 2943 arduus

353 2968 480 3028 carduus
502 2970 626 3045 exiguus
649 2968 769 3039 beluus,
794 2976 826 3029 ut
848 2969 952 3029 Cicero
975 2969 1064 3038 dixit,
1088 2975 1118 3028 et
1140 2966 1218 3029 talia.
1262 2976 1364 3029 contra
1388 2969 1519 3045 regulam
1544 2969 1619 3047 parti·
1708 3023 1709 3032 ,

352 3054 499 3133 cipiorum
528 3061 661 3114 mortuus
691 3062 812 3133 putatur
840 3073 906 3115 esse
934 3055 1141 3134 participium,
1164 3053 1216 3114 sed
1239 3054 1271 3113 in
1293 3054 1351 3113 rim
1374 3053 1560 3133 regulamque
1577 3071 1620 3111 no

352 3140 439 3199 minis
460 3156 634 3199 conversum
656 3146 710 3199 est.
1629 3150 1648 3188 ἰ
1708 3137 1709 3206 l

817 3306 866 3369 ΒΕ
888 3308 1168 3371 cunuucrrout:

436 3428 611 3489 Coniunctio
639 3436 685 3489 est
712 3445 781 3508 pars
809 3430 954 3490 orationis
975 3436 1098 3489 nectens
1119 3428 1320 3507 ordinansque
1342 3430 1529 3488 sententiam.
1559 3445 1621 3486 eon·

352 3514 497 3573 iunctionl
520 3513 657 3573 accidunt
673 3514 766 3591 llgura
781 3513 853 3573 ordo
869 3521 1008 3593 potestas.
1046 3514 1138 3591 ligura
1162 3521 1207 3573 est
1228 3532 1286 3593 qua
1308 3519 1432 3592 apparet
1454 3513 1542 3591 ligma
1560 3515 1622 3572 slm-

351 3596 418 3678 plen
441 3600 488 3659 nel
507 3602 678 3674 conposito,
709 3598 760 3659 sed
789 3599 943 3678 equidem;
972 3599 1046 3660 ordo
1067 3617 1126 3678 quo
1147 3606 1285 3679 apparet.
1308 3617 1384 3678 quae
1406 3600 1545 3678 praeponi
1565 3606 1651 3657 tan-³³

351 3692 411 3743 tum
435 3684 530 3763 possit
556 3691 692 3755 ulnam,
722 3702 795 3764 quae
818 3681 983 3764 suhiuulgi,
1013 3690 1046 3744 ct
1072 3702 1144 3763 que,
1168 3701 1244 3764 qnae
1266 3686 1411 3762 praeponi
1433 3692 1464 3744 et
1485 3682 1620 3758 subiungi.

351 3777 382 3829 ut
405 3776 434 3828 et
456 3770 465 3828 i
488 3770 558 3829 itur.

435 3786 568 3915 Pellestas
591 3855 830 3915 coniunctionum
853 3856 885 3915 in
907 3856 1038 3935 quinque
1060 3856 1177 3933 species
1200 3852 1353 3914 dividitur.
1396 3861 1466 3915 sunt
1487 3854 1561 3914 enim
1580 3871 1621 3911 co

351 3938 497 4019 pulatlvae
521 3946 551 3999 et
571 3958 629 4018 que
653 3945 698 4000 ast
720 3947 750 4000 at
773 3947 875 4019 atque,
900 3938 1096 3999 disiunctione
1118 3948 1169 4001 aut
1188 3958 1223 3999 ve
1239 3938 1285 3998 vel
1306 3956 1380 3999 neve
1402 3958 1461 3999 nee
1480 3956 1571 4019 neque
1590 3954 1622 3996 an

350 4030 464 4093 utrum,
493 4022 655 4104 expletivae
683 4023 803 4105 quidem
832 4024 970 4105 equidem
998 4032 1096 4085 autem
1119 4031 1216 4085 tamen
1239 4042 1328 4104 porro
1350 4024 1490 4087 videlicet
1509 4022 1653 4105 proindett

350 4109 479 4189 denique
502 4111 620 4190 utique,
644 4108 775 4171 causales
797 4112 822 4171 si
845 4112 903 4171 etsi
924 4112 1043 4171 tametsi
1065 4112 1182 4171 etiamsi
1205 4110 1352 4191 siquidem
1372 4110 1489 4189 quando
1502 4108 1624 4189 quando

349 4194 470 4273 quidem
499 4198 572 4275 quin
600 4197 764 4275 quinetiam
792 4197 838 4256 sin
865 4198 1004 4257 sinetiam
1032 4214 1209 4275 quamquam
1241 4197 1376 4275 quamvis
1407 4197 1553 4256 sinautem
1579 4210 1626 4251 seu

349 4281 412 4340 sive
434 4298 503 4340 nam
526 4298 652 4359 namque
671 4282 730 4341 nisi
754 4281 838 4341 nisisi
861 4283 941 4341 enim
963 4282 1073 4341 etenim
1095 4280 1149 4341 sed
1170 4290 1204 4341 ut
1225 4289 1381 4359 praeterea
1402 4281 1516 4341 interea
1530 4296 1626 4359 quarn·

417 4450 434 4499 2
453 4464 510 4500 nam
527 4450 619 4501 deinde
637 4449 662 4500 F
733 4448 749 4501 3
767 4450 830 4500 haec
844 4464 903 4515 pars
922 4452 1043 4502 orationis
1061 4450 1195 4502 haedina
1211 4466 1272 4519 pars
1288 4450 1364 4501 huius
1382 4451 1502 4501 orationis
1519 4450 1566 4505 Fe

348 4518 474 4569 duldens
492 4520 517 4568 F
585 4517 631 4588 ire]
658 4536 715 4571 esse
734 4535 764 4577 ς,
784 4536 831 4575 om,
851 4522 877 4570 F
945 4521 1092 4571 incerto
1112 4530 1239 4571 mutantur
1257 4520 1282 4570 F
1348 4522 1492 4571 8rnutatnr
1509 4518 1537 4568 F
1602 4514 1628 4564 ll

348 4605 455 4640 oeensns
472 4605 539 4643 corr.
561 4591 658 4640 occisus
676 4590 702 4639 F
752 4590 785 4642 19
803 4588 914 4657 tempus]
933 4606 1035 4657 semper
1053 4591 1098 4646 Fu
1156 4592 1289 4658 participio
1308 4591 1473 4641 mutantan
1532 4590 1568 4637 22
1586 4594 1631 4634 tro-

347 4668 438 4724 peatus
457 4661 481 4710 F
492 4660 656 4727 troplneentus
674 4672 691 4716 ς
749 4669 786 4711 est
807 4676 884 4711 unum
903 4662 1064 4727 participium
1082 4662 1212 4725 praeteriti
1232 4664 1355 4728 temporis
1372 4661 1398 4711 in
1418 4676 1464 4709 uus
1482 4658 1554 4724 qnod
1566 4656 1630 4706 extre

348 4729 468 4786 debuits
536 4732 571 4783 25
590 4731 658 4795 quod
678 4732 771 4780 morior
787 4731 813 4780 F
879 4734 915 4781 ‘20
932 4732 1013 4781 llttern
1031 4731 1261 4785 nominatians
1330 4730 1474 4782 28bellnns
1493 4745 1513 4786 ς
1572 4725 1633 4775 dixit

349 4805 375 4847 nt
394 4794 494 4849 talin'F
510 4800 574 4850 dixit
589 4802 614 4849 ln
631 4814 662 4851 ns
685 4806 711 4848 nt
730 4798 817 4850 talium
834 4814 851 4857 ς
938 4802 971 4853 :tt
989 4802 1072 4867 llgnm
1088 4812 1127 4851 est
1144 4816 1209 4865 qnae
1227 4811 1334 4867 apparet
1357 4801 1440 4867 ligura
1462 4798 1577 4865 simplex
1591 4793 1633 4842 ced

349 4866 393 4924 Fs‘
463 4870 496 4919 35
514 4866 574 4935 qno]
595 4870 662 4933 qnod
680 4870 705 4919 F
718 4884 862 4935 ‚qnoques
943 4872 978 4923 39
1001 4881 1076 4935 atque
1098 4871 1166 4935 quod
1184 4872 1353 4921 disiunctione
1366 4872 1391 4919 F
1469 4864 1548 4934 neve]
1569 4860 1634 4915 nef

421 4938 453 4989 41
472 4936 684 5007 qonndoquldem]
706 4940 821 5003 equidem
840 4940 885 4997 re,-
