3525 5600
241 273 263 340 6
804 273 980 341 stenem!

240 463 268 526 is
292 461 394 544 enim,
418 461 497 526 dum
518 459 639 527 librum
660 483 682 526 a
702 483 754 526 me
776 483 950 528 excussum
972 484 1044 528 esse
1067 461 1187 544 nescit,
1217 461 1335 528 iterum
1357 483 1431 526 cum
1452 460 1530 526 Put-

241 563 323 630 schii
344 563 486 629 editione
507 561 681 648 diligenter
702 586 776 629 enm
798 564 937 630 contulit
959 575 992 630 et
1013 587 1089 630 suas
1105 565 1241 630 schedas
1258 564 1444 629 humaniter
1464 584 1530 628 me-

241 688 316 730 cum
336 667 601 732 communicavit.
644 666 763 753 quibus
786 667 973 753 conparatis
997 689 1070 732 cum
1092 668 1133 732 ii·
1161 689 1244 755 quae
1266 689 1326 752 ego
1350 667 1530 753 exscripse-

240 789 311 833 ram
332 767 493 855 quaedam
515 791 599 855 qnae
620 791 726 834 meam
749 767 955 854 diligentiam
976 769 1129 854 fugerant
1150 769 1271 836 inveni.

327 868 522 938 Cledonium
535 871 571 935 in
584 871 666 936 urbe
682 870 966 958 Constantinopoli
988 882 1093 938 artem
1114 873 1362 957 grammaticam
1384 871 1533 938 docuisse

241 982 275 1037 et
297 973 492 1058 dignitatem
513 972 671 1040 habuisse
685 973 826 1039 Romani
841 974 1000 1039 senatoris
1016 973 1185 1061 inscriptio
1201 971 1279 1040 libri
1294 960 1398 1040 docet.
1432 995 1533 1062 quare

242 1095 281 1138 ea
301 1097 431 1162 quoque
452 1097 537 1163 quae
559 1075 600 1140 de
628 1074 742 1141 schola
761 1077 796 1140 in
818 1073 980 1162 Capitolio
1007 1076 1121 1143 habita
1142 1087 1276 1142 narrata
1297 1086 1374 1141 sunt
1394 1099 1427 1163 p.
1453 1075 1534 1142 1866

242 1185 331 1242 reete
352 1176 401 1242 ita
421 1177 729 1264 interpretabimur,
752 1188 789 1243 ut
811 1176 1004 1242 Oledonium
1027 1175 1159 1265 publico
1182 1200 1315 1244 munere
1337 1177 1534 1265 professoris

240 1280 321 1344 artis
344 1279 577 1366 grammaticae
598 1280 633 1344 in
655 1277 817 1366 Capitolio
840 1279 988 1345 functum
1010 1303 1082 1346 esse
1104 1281 1263 1346 dicamus.
1293 1303 1396 1368 neque
1419 1279 1534 1347 dubito

242 1383 321 1470 quin
349 1403 392 1446 ex
417 1383 469 1447 his
495 1381 578 1469 ipsis
601 1381 737 1464 scholis,
764 1381 884 1469 quibus
906 1381 960 1448 ille
982 1391 1084 1448 artem
1109 1383 1232 1450 Donati
1254 1382 1463 1470 interpretari
1485 1405 1535 1450 so-

242 1483 351 1565 lebat,
380 1483 464 1549 liber
495 1506 591 1571 quem
618 1484 777 1549 habemus
805 1483 963 1569 originem
991 1484 1132 1550 duxerit.
1176 1485 1306 1551 exhor
1335 1485 1422 1550 enim
1444 1484 1535 1550 fonte

242 1585 456 1673 repetendum
477 1594 529 1650 est
549 1583 648 1668 illud,
672 1585 764 1672 quod
782 1583 922 1671 plurima
944 1587 1082 1673 quaein
1105 1585 1253 1652 Oledonii
1275 1585 1359 1653 libro
1382 1586 1537 1672 leguntur

243 1709 317 1754 cum
344 1687 559 1775 amplioribus
586 1687 842 1770 commentariis,
871 1709 953 1776 quos
982 1687 1091 1754 Servii
1120 1687 1172 1754 vel
1200 1688 1308 1774 Sergii
1334 1698 1368 1753 et
1388 1688 1536 1775 Pompeii

242 1790 431 1857 nominibus
452 1790 628 1877 inscriptos
650 1788 825 1868 habemus,
849 1790 1067 1855 consentiunt.
1110 1813 1187 1855 nam
1214 1814 1278 1856 non
1305 1789 1406 1856 solum
1428 1815 1535 1857 rerum

242 1892 277 1956 in
298 1891 348 1958 his
371 1892 464 1958 libris
487 1892 683 1957 traditarum
698 1902 732 1957 et
745 1892 883 1956 rationis
901 1891 1092 1979 disputandi
1113 1894 1258 1958 maxima
1272 1904 1322 1958 est
1344 1893 1536 1976 similitudo,

242 2017 326 2082 qnae
348 1994 481 2081 quidem
501 1994 586 2060 libro
608 1994 749 2076 Donati,
772 2016 869 2080 quem
892 1993 1010 2060 ducem
1033 1996 1136 2061 secuti
1159 2005 1250 2077 sunt,
1274 1996 1375 2062 tribui
1397 2005 1535 2082 poterat,

243 2096 302 2162 sed
330 2099 430 2161 etiam
461 2097 577 2162 eadem
596 2096 667 2161 fere
688 2094 924 2162 vocabulorum
946 2096 1098 2185 exempla
1119 2105 1152 2163 et
1173 2107 1320 2163 veterum
1343 2099 1537 2184 scriptorum

178 2268 181 2273 ,
243 2199 432 2265 testimonia
453 2198 496 2264 ad
517 2197 648 2284 regulas
670 2197 859 2285 probandas
882 2197 1051 2286 adscripta
1073 2210 1164 2281 runt,
1188 2210 1286 2287 atque
1302 2221 1343 2264 ex
1358 2199 1440 2287 ipsis
1456 2201 1536 2264 artis

242 2300 429 2389 praeceptis
452 2300 613 2388 quaedam
638 2299 798 2366 similibus
821 2300 933 2366 vorbis
956 2311 1114 2388 concepta
1134 2302 1296 2366 invenias.
1330 2325 1467 2392 quarum
1489 2324 1538 2367 re-

242 2399 314 2470 r'um
347 2426 422 2469 cum
449 2401 592 2490 plurima
618 2400 770 2491 exempla
795 2424 855 2489 per
882 2425 1010 2470 omnem
1033 2401 1183 2469 Oledonii
1210 2401 1330 2470 librum
1360 2403 1537 2491 deprehen·
1638 2389 1641 2399 ¹

244 2505 379 2588 dantur,
402 2517 472 2570 tum
494 2503 590 2570 facile
613 2504 751 2592 adparet
771 2503 820 2569 ita
840 2513 1053 2592 conparatum
1077 2528 1148 2571 esse
1170 2528 1245 2570 eum
1268 2528 1478 2588 consensum,
1501 2518 1540 2573 ut

244 2630 283 2672 aa
305 2629 390 2695 quae
411 2607 562 2672 similiter
584 2606 673 2693 apud
695 2605 769 2673 illos
791 2607 1024 2692 grammaticos
1052 2609 1176 2694 scripta
1198 2618 1275 2674 sunt
1296 2630 1403 2696 neque
1424 2631 1444 2674 a
1466 2607 1538 2674 Ole-

243 2710 343 2776 donio
372 2732 415 2775 ex
442 2707 571 2774 illorum
592 2707 687 2773 libris
714 2709 783 2794 peti
804 2731 910 2795 neque
932 2707 974 2772 ad
996 2707 1069 2776 illos
1093 2733 1134 2775 ex
1157 2709 1307 2774 Cledonii
1328 2708 1412 2776 libro
1437 2723 1538 2775 trans·

242 2813 324 2879 ferri
345 2812 528 2899 potuerint,
559 2810 618 2876 sed
645 2810 755 2897 pqtius
777 2834 820 2876 ex
841 2814 1005 2877 communi
1027 2813 1117 2879 fonte
1147 2824 1179 2877 et
1200 2811 1243 2878 ad
1264 2814 1350 2877 hunc
1372 2824 1404 2880 et
1426 2812 1469 2878 ad
1489 2836 1538 2878 re·

244 2914 350 3003 liquos
378 2916 572 3001 interpretes
601 2911 751 2997 derivata
777 2912 853 2978 sint.
898 2912 963 2979 alia
995 2915 1082 2980 enim
1114 2938 1135 2980 a
1162 2912 1319 2982 Gledonio
1352 2917 1471 2980 rectius
1505 2926 1539 2981 ct

244 3017 376 3083 uberius
398 3038 497 3103 quam
519 3016 561 3081 ab
582 3014 647 3080 illis
669 3015 793 3081 tradita
815 3025 908 3097 sunt,
931 3016 1011 3095 alia,
1034 3040 1117 3105 quae
1132 3041 1153 3083 a
1167 3015 1323 3083 Oledonio
1345 3018 1464 3081 omissa
1485 3016 1538 3083 vel

245 3126 398 3205 corrupta
425 3129 515 3200 sunt,
543 3118 674 3203 integra
700 3127 917 3183 servaverunt
942 3117 1001 3183 illi.
1047 3120 1131 3185 vidit
1152 3119 1214 3184 hoc
1241 3142 1346 3206 nuper
1368 3122 1537 3205 Augustus

241 3220 429 3285 Wilmanns
459 3219 500 3286 de
528 3220 624 3285 Varr.
653 3220 727 3287 libr.
758 3244 897 3305 gramm.
925 3244 957 3308 p.
984 3222 1060 3303 110,
1095 3224 1152 3308 qui
1180 3244 1254 3287 cum
1280 3221 1315 3285 in
1343 3222 1539 3309 quibusdam

245 3322 403 3387 Varronis
424 3322 616 3407 fragmentis
638 3324 725 3388 hunc
747 3344 941 3388 consensum
963 3324 1175 3409 interpretum
1189 3323 1313 3389 Donati
1336 3325 1539 3388 animadver-

246 3425 353 3510 tisset,
377 3446 487 3489 omnes
503 3448 545 3489 ex
559 3448 624 3490 uno
641 3424 819 3512 eodemque
835 3425 980 3491 doctiore
995 3427 1225 3490 commentario
1241 3426 1401 3507 hausisse,
1425 3424 1539 3490 alium-

247 3548 311 3614 que
332 3524 443 3613 plura,
467 3524 566 3589 alium
589 3527 745 3611 pauciora
765 3527 842 3590 indo
864 3528 1044 3615 sumpsisse
1067 3528 1279 3593 existimavit.
1309 3552 1415 3614 nequo
1430 3538 1540 3592 tamen

246 3630 282 3693 in
307 3651 373 3693 uno
402 3640 434 3693 et
461 3628 614 3693 continuo
642 3629 835 3715 antiquioris
863 3630 1066 3714 grammatici
1094 3629 1178 3694 libro
1202 3630 1427 3711 haecomnia,
1457 3651 1541 3715 cquae

162 3800 167 3817 Ι
246 3740 413 3817 tamquam
435 3730 554 3795 veteris
576 3732 743 3796 doctrinae
765 3729 922 3818 reliquiae
943 3754 1029 3795 nune
1044 3730 1132 3818 apud
1146 3730 1258 3818 plures
1282 3731 1432 3817 dispersa
1454 3740 1540 3814 sunt,

248 3831 326 3900 olim
352 3833 526 3898 coniuncta
552 3832 655 3897 fuisse
682 3834 961 3916 confirmaverim,
991 3832 1048 3897 sed
1076 3835 1238 3898 constanti
1267 3832 1450 3898 scholarum
1479 3856 1541 3897 usu

246 3937 373 4001 factum
400 3956 471 4001 esse
501 3935 632 4001 videtur
657 3947 695 4000 ut
723 3959 763 4001 ea
789 3959 873 4022 quae
902 3959 921 3999 e
947 3935 1114 4021 magistris
1142 3936 1374 4019 grammaticae
1397 3934 1476 3999 artis
1499 3936 1541 4000 do
1608 3970 1614 3982 ·

247 4037 373 4103 Donati
393 4034 478 4102 libro
502 4039 626 4123 scripta
647 4036 699 4102 vel
722 4036 841 4102 scholis
864 4046 1040 4123 praecepta
1066 4047 1176 4119 erant,
1205 4036 1239 4101 id
1262 4036 1348 4125 quod
1371 4037 1406 4100 in
1428 4038 1541 4123 primis

247 4162 290 4204 ex
312 4138 462 4204 Cledonii
489 4128 573 4204 libro
596 4138 812 4225 intellegitur,
841 4140 885 4205 ad
913 4149 1062 4226 posteros
1084 4150 1346 4226 propagarentur
1368 4148 1401 4203 et
1422 4140 1461 4203 iis
1485 4140 1542 4225 qui

247 4250 363 4327 postea
391 4244 425 4307 in
453 4241 569 4305 eodem
596 4240 707 4305 labore
735 4242 956 4307 versabantur
983 4254 1091 4307 certae
1120 4240 1232 4327 copiae
1260 4250 1393 4325 paratae
1421 4251 1541 4323 essent,

248 4342 367 4430 quibus
388 4344 436 4409 ita
458 4344 651 4424 utebantur,
680 4353 716 4408 nt
738 4353 773 4407 et
799 4344 990 4431 disputandi
1013 4343 1160 4408 ordinem
1182 4366 1202 4407 a
1224 4343 1388 4429 prioribus
1403 4342 1541 4408 'institu-

248 4454 318 4511 tum
339 4456 553 4532 sequerentur
576 4456 608 4510 et
629 4468 712 4533 quae
735 4446 777 4511 ab
800 4445 865 4511 illis
889 4446 1064 4511 memoriae
1087 4445 1219 4529 prodita
1235 4456 1329 4511 erant
1344 4455 1539 4532 repeterent.

247 4550 360 4635 itaque
381 4546 425 4611 ad
440 4546 632 4614 Oledonium
654 4570 783 4635 qnoque
805 4554 948 4612 maxima
971 4570 1047 4633 pars
1071 4570 1183 4612 eorum
1206 4570 1289 4634 qnae
1311 4545 1365 4612 ille
1388 4570 1430 4611 ex
1452 4557 1541 4611 vete·

247 4672 320 4715 rum
347 4650 543 4735 scriptorum
569 4649 663 4715 libris
692 4650 843 4715 exhibuit
874 4660 907 4713 et
940 4646 980 4712 dc
1014 4670 1161 4713 sermone
1194 4648 1388 4736 antiquioris
1421 4648 1540 4713 aetatis

247 4750 432 4839 disputarit
452 4751 493 4815 iis
517 4772 600 4837 qnae
622 4750 700 4817 olim
721 4753 756 4815 in
771 4750 894 4816 Donati
917 4758 1019 4815 artem
1041 4749 1198 4815 adnotata
1220 4758 1253 4814 et
1274 4772 1335 4814 usu
1357 4746 1541 4815 scholarum
