3525 5600
689 423 761 486 tus
789 423 896 486 lbi
1377 421 1442 487 tub

180 528 346 583 possesor.
1262 530 1416 584 plausit.

158 609 218 670 volo
241 611 321 672 volas
342 609 484 671 velivolus
513 608 607 689 (unde
631 614 745 670 ‘mare
768 609 1018 690 velivolum'),
1048 632 1063 672 a
1087 613 1192 689 frango
1214 613 1375 689 naufragus
1397 611 1440 670 vel

158 714 332 791 navilragus.
377 715 407 773 in
437 731 486 772 um
515 730 632 792 qnoque
661 713 706 772 vel
735 715 767 772 in
796 731 875 782 rum,
906 720 937 772 nt
966 712 1040 772 vado
1068 711 1153 793 [boe]
1178 713 1285 774 vadum
1309 711 1370 793 [vel
1392 713 1440 772 bic

158 833 202 874 ras
223 814 315 876 buius
337 812 449 893 vadis],
479 813 579 893 scalpo
607 814 770 893 scalprum,
799 815 891 876 luicio
920 815 1063 883 lulcrum,
1093 818 1183 892 iungo
1211 817 1323 894 iugum.
1367 815 1441 875 liunt

157 925 221 976 eto
244 916 322 978 tlnali
350 922 465 976 tantum
494 917 606 977 reiecta
635 915 671 976 de
700 915 799 976 verbis
826 917 946 976 nomina
969 918 1000 976 in
1023 933 1057 974 er
1079 914 1259 987 desinentia,
1282 924 1316 978 nt
1337 936 1354 976 a
1375 917 1441 976 lero

135 1017 197 1077 uvel
219 1035 292 1095 gero
325 1019 477 1097 conposita
504 1016 612 1078 lucifer
640 1019 789 1094 corniger.
834 1020 921 1087 item,
945 1019 1079 1098 quamvis
1102 1036 1182 1088 rara,
1207 1019 1281 1079 llunt
1302 1026 1401 1080 tamen
1424 1037 1440 1078 a

157 1119 252 1180 vorbis
275 1121 406 1188 nomina,
429 1138 505 1198 quae
529 1120 707 1198 incentivam
730 1118 929 1198 paenultimae
952 1121 996 1180 vel
1020 1121 1289 1200 antepaenultimae
1312 1119 1439 1198 syllabae

155 1220 234 1281 verbi
264 1229 473 1282 consonantem
503 1228 570 1281 ante
598 1220 760 1280 clausulam
787 1221 900 1282 babent
926 1225 1095 1292 nominum,
1123 1230 1158 1282 nt
1185 1225 1215 1283 in
1242 1240 1280 1282 en
1302 1229 1333 1282 et
1354 1224 1385 1281 in
1407 1239 1441 1281 os

155 1332 182 1383 ot
203 1325 234 1383 in
258 1341 295 1384 ex
317 1329 348 1384 et
368 1325 400 1383 in
424 1341 478 1402 eps
500 1332 529 1383 ot
551 1325 582 1383 in
612 1341 645 1384 es
669 1321 713 1402 [et
735 1325 766 1384 in
789 1341 844 1383 cen
866 1331 897 1384 et
918 1325 950 1384 in
972 1343 1026 1402 pos
1048 1331 1079 1384 et
1100 1326 1130 1384 in
1153 1341 1210 1402 pex
1233 1329 1264 1382 et
1286 1325 1316 1382 in
1339 1324 1388 1382 lex
1410 1331 1441 1382 et

156 1428 182 1484 in
205 1443 276 1503 ceps
298 1432 328 1484 et
343 1426 374 1484 ln
398 1423 453 1484 box
477 1432 506 1485 et
530 1427 560 1486 in
583 1422 645 1503 ses]
670 1424 846 1494 desinentia,
871 1432 903 1485 nt
925 1444 941 1485 a
964 1443 1039 1486 cano
1062 1428 1212 1496 cornicen,
1236 1425 1338 1486 liticen
1362 1424 1440 1486 tubi·

122 1545 206 1586 ncen
229 1527 338 1587 fidicen
362 1525 488 1595 tibicen,
513 1545 527 1588 a
552 1545 629 1605 pono
651 1545 785 1606 compos,
816 1526 854 1586 ab
882 1529 995 1606 aspicio
1024 1545 1149 1606 auspex,
1179 1548 1195 1589 a
1225 1528 1302 1587 laeio
1332 1527 1440 1586 artilex

156 1630 267 1708 opilex,
291 1647 307 1688 a
328 1628 412 1706 capio
435 1631 587 1707 municeps
609 1631 758 1708 particeps
780 1646 902 1707 auceps
927 1628 964 1688 ab
986 1628 1085 1689 obicio
1107 1629 1199 1699 oben:
1222 1631 1265 1689 sic
1285 1629 1441 1708 praesideo

155 1749 287 1811 praeses,
312 1730 429 1791 resideo
452 1747 549 1798 resae,
574 1729 696 1789 desideo
718 1731 817 1800 deses,
841 1733 963 1810 quiesco
985 1732 1080 1810 quies.

236 1833 259 1893 t
282 1832 445 1912 praeterito
468 1849 584 1911 qnoque
607 1832 741 1910 perlecto
763 1831 809 1892 vel
832 1833 926 1910 magis
941 1831 978 1893 ab
993 1834 1140 1893 infinitivo
1154 1833 1255 1893 lutnro
1270 1833 1441 1894 derivantur

154 1933 308 2008 generales
330 1933 449 2012 quidem
473 1933 699 1993 terminationes
720 1933 789 2002 bae,
819 1935 848 1994 in
871 1934 985 2003 culum,
1008 1935 1040 1994 in
1067 1941 1213 2005 mentum,
1242 1936 1273 1994 in
1296 1953 1379 2004 men,
1409 1937 1439 1995 ln

121 2035 235 2104 altilis,
260 2037 291 2094 in
314 2037 371 2104 tio,
395 2037 426 2094 iu
450 2041 510 2103 tor,
535 2037 566 2095 in
588 2037 661 2104 trix,
684 2037 715 2094 in
740 2036 829 2105 tivus,
852 2038 883 2096 in
905 2037 965 2104 sio,
988 2038 1020 2096 in
1035 2054 1100 2106 sor,
1124 2039 1155 2096 in
1178 2035 1291 2105 sibilis,
1315 2038 1346 2096 in
1369 2036 1439 2106 tilis,

153 2140 181 2196 in
205 2139 304 2196 ticius.
342 2145 371 2198 et
393 2143 460 2197 ante
484 2143 546 2196 tum
568 2136 688 2215 quidem
711 2138 850 2199 infinitivi
873 2140 969 2218 posita
991 2138 1101 2210 vocalis
1123 2137 1169 2198 vel
1191 2155 1357 2198 consonans
1378 2157 1439 2198 ser·

154 2245 237 2298 catur
260 2239 350 2298 otiam
373 2239 403 2297 in
427 2236 677 2308 derivationibus,
708 2241 737 2298 in
760 2238 875 2310 culum,
907 2242 937 2300 in
964 2247 1110 2308 mentum,
1139 2241 1170 2299 in
1199 2257 1282 2309 men,
1311 2241 1341 2299 in
1371 2240 1441 2301 bilis

80 2387 82 2390 .
154 2339 359 2400 desinentibus
382 2338 554 2399 nominibus
576 2343 738 2401 mutatione
761 2349 823 2402 tum
838 2340 969 2421 syllabae
991 2343 1096 2400 ineas
1117 2341 1209 2410 lacta,
1234 2350 1266 2402 nt
1287 2342 1439 2402 oraculum

153 2440 329 2502 miraculum
350 2442 621 2520 propugnaculum,
645 2442 869 2504 fundamentum
887 2440 900 2523 ll
915 2449 1121 2502 ornamentum
1144 2451 1360 2503 sacramentnm
1376 2463 1439 2504 mn·
1518 2518 1521 2522 A

110 2545 317 2604 marimentnm
346 2542 520 2604 alimentum
548 2545 779 2615 incrementum,
809 2543 942 2605 solamen
975 2545 1110 2606 foramen
1142 2561 1305 2623 purgamen
1333 2545 1438 2606 llamen

154 2645 299 2724 liquamen
323 2653 473 2706 certamen
499 2643 618 2724 [agmen
642 2643 791 2724 fragmen]
816 2663 940 2706 acumen
966 2648 1118 2707 munimen
1141 2645 1266 2716 llumeu;
1295 2649 1339 2707 sic
1360 2667 1438 2709 ama·

153 2755 213 2807 tunt
236 2749 281 2808 ire
310 2744 461 2816 sonabilis,
492 2745 640 2809 laudatum
669 2746 843 2817 laudabilis,
872 2740 985 2809 statum
1009 2747 1141 2819 stabilis,
1170 2756 1281 2809 nantum
1311 2748 1438 2816 mobilis,

153 2856 252 2909 troium
282 2848 407 2918 nobilis,
435 2848 567 2909 anditum
597 2848 747 2911 audibilis.
792 2852 823 2909 in
852 2850 976 2929 reliquis
1005 2857 1104 2911 autom
1133 2853 1163 2911 in
1193 2853 1234 2910 tio
1263 2850 1308 2911 vel
1335 2854 1366 2913 in
1393 2861 1439 2912 tor·

153 2952 197 3010 vel
220 2953 251 3010 in
274 2952 334 3011 trix
362 2950 408 3011 vel
435 2951 466 3010 in
494 2952 572 3010 tivns
599 2950 644 3009 vel
668 2952 698 3011 in
727 2953 772 3012 sio
800 2952 845 3012 vel
874 2953 905 3013 in
927 2970 978 3012 sor
1005 2952 1050 3012 vel
1073 2954 1104 3012 in
1131 2951 1231 3013 sibilis
1256 2952 1301 3012 vel
1323 2954 1354 3013 in
1377 2954 1438 3014 tilis

117 3070 139 3109 as
153 3052 197 3112 vel
225 3052 257 3111 in
284 3052 374 3111 licius
402 3050 608 3112 desinentibus
634 3052 806 3115 nominibus
833 3062 901 3114 ante
923 3054 1085 3115 clausulam
1113 3056 1265 3115 nominum
1289 3056 1438 3116 invenitur

152 3154 260 3214 vocalis
283 3154 328 3214 vel
351 3171 531 3223 consonans,
561 3170 635 3232 quae
663 3160 732 3214 ante
759 3162 821 3215 tum
848 3156 896 3216 vel
923 3174 989 3217 snm
1012 3157 1044 3215 in
1071 3156 1173 3216 lutnro
1194 3156 1333 3217 infinitivi
1355 3156 1437 3219 verbi

150 3264 229 3325 erat,
258 3257 422 3317 mutatione
449 3272 499 3315 um
521 3254 654 3335 syllabae
682 3257 713 3315 in
736 3256 905 3334 praedictas
930 3258 1007 3318 lacta
1034 3258 1283 3339 terminatiolnes,
1312 3265 1345 3317 ut
1370 3277 1437 3337 pro

152 3355 231 3418 batiu
258 3356 405 3417 invocatio
434 3356 563 3417 laudatio
591 3356 739 3434 obrigatio
767 3358 894 3419 elevatio
919 3361 1073 3438 usurpatio
1105 3361 1243 3439 aequatio
1269 3359 1439 3421 observatio

150 3456 296 3518 exhibitio
325 3460 451 3521 munitio
484 3458 574 3519 dictio
608 3457 696 3519 lectio
730 3459 857 3530 auditio;
880 3462 953 3521 item
981 3460 1108 3525 bellator
1136 3461 1288 3530 bellatrix,
1318 3470 1439 3523 venator

114 3582 138 3617 ao
150 3560 298 3628 venatrix,
327 3558 419 3619 lnltor
447 3558 565 3629 lnltrix,
594 3562 689 3621 victor
711 3562 832 3631 victrix,
863 3566 972 3641 petitor
993 3565 1131 3643 petitrir,
1160 3562 1277 3623 auditor
1299 3564 1437 3634 auditrix,

151 3663 280 3723 nutritor
302 3662 404 3721 nutrix
426 3663 526 3721 minus
549 3679 605 3722 una
621 3660 733 3741 syllaba
748 3670 871 3743 propter
886 3664 1079 3744 euphoniam,
1102 3666 1176 3725 item
1190 3664 1295 3724 doctor
1310 3666 1436 3736 doctrix,

218 3864 231 3914 l
252 3864 320 3913 unde
330 3880 376 3917 om.
388 3864 428 3913 P:
447 3865 628 3929 Verp.1len.l
647 3867 699 3917 2⁶24
754 3866 893 3933 uarrlregus
907 3867 947 3918 nel
965 3869 1145 3935 neuilmguoc
1162 3866 1303 3937 naufragus
1320 3872 1361 3921 uel
1376 3886 1435 3922 unu·

150 3932 246 3999 begins
260 3934 285 3982 P
300 3934 439 4000 uarriragus
458 3936 496 3984 uel
517 3934 656 4001 naufragus
668 3937 692 3986 B
704 3936 853 4001 nanilmgns
868 3939 887 3999 s
895 3938 1034 4004 nurilrogus
1046 3956 1098 3987 cum
1108 3942 1194 4003 plocen
1207 3941 1247 3989 uel
1264 3941 1415 4007 nauilragus
1430 3952 1439 3993 t

218 4004 234 4053 2
256 4002 296 4051 vel
316 4004 341 4052 in
362 4016 416 4051 rum
437 4018 482 4054 om.
500 4004 537 4069 P,
554 4005 615 4058 add.
633 4014 643 4057 t
658 4008 713 4055 sine
733 4008 757 4055 in
776 4022 830 4056 rum
850 4010 885 4062 nl,
902 4022 934 4059 m.
953 4009 1014 4057 add.
1033 4009 1059 4057 B
1130 4011 1195 4058 nario
1215 4012 1355 4073 (πρῶτον,
1377 4012 1438 4077 linc)

150 4072 285 4123 nadtrmB
355 4072 470 4139 3iungo
487 4082 497 4124 t
515 4076 576 4141 iugo
595 4090 663 4129 oorr.
684 4076 762 4142 lungo
781 4077 806 4126 B
823 4078 885 4144 iugo
903 4079 990 4139 Pecs.
1007 4094 1036 4142 p.
1057 4076 1126 4129 also
1183 4079 1439 4147 blneilereoruiger

150 4141 1308 4284 tellitttllttlttittttt³‘tttl‘tlstatutt*ttttt”statilia
1325 4151 1438 4271 {llll

151 4280 222 4329 acerbi
241 4282 266 4331 P
318 4281 420 4332 suin
439 4294 560 4334 es-et
579 4286 604 4333 in
625 4301 666 4335 ses
685 4285 770 4338 omli
823 4285 973 4352 lilapouo
990 4302 1094 4354 compos
1111 4290 1233 4353 imposB
1292 4289 1324 4337 ab
1339 4238 1437 4355 lapisto

151 4350 213 4403 Btl'
226 4351 257 4399 ab
276 4352 481 4416 auspicioPsa
502 4356 589 4419 specio
604 4356 707 4405 coniecit
718 4355 904 4405 Lindmronaue
959 4357 989 4408 ll
1008 4358 1139 4407 obiicioP
1192 4357 1222 4407 tt
1242 4359 1267 4407 in
1284 4361 1379 4409 meniu
1398 4362 1437 4411 sio

150 4420 175 4467 in
194 4420 230 4469 tio
243 4421 268 4469 in
288 4429 327 4469 tor
342 4418 382 4470 uel
401 4424 427 4472 in
442 4423 493 4473 trlx
513 4426 538 4473 iu
554 4439 597 4475 sor
614 4426 639 4475 in
658 4427 726 4475 tiuns
746 4425 770 4473 in
790 4424 850 4475 bilis
865 4426 893 4475 in
911 4426 967 4476 silis
986 4427 1011 4475 ln
1030 4427 1071 4476 ilis
1088 4430 1116 4477 in
1133 4428 1197 4477 icius
1215 4436 1241 4477 et
1257 4429 1352 4479 anteB
1405 4431 1437 4481 18

149 4490 288 4539 mutatione
303 4499 354 4539 tum
367 4492 479 4555 syllabae
497 4494 522 4543 iu
538 4508 581 4545 ess
598 4493 665 4544 laeta
677 4510 721 4545 oro
734 4494 861 4544 oraculum
873 4503 883 4545 t
936 4512 978 4546 um
991 4496 1031 4545 uel
1043 4505 1097 4546 tom
1110 4496 1221 4561 syllabae
1236 4498 1261 4547 B
1313 4498 1379 4549 lacta
1390 4516 1436 4550 orn.

149 4558 206 4608 BP
274 4558 468 4611 continentum
486 4564 652 4615 colementum
671 4566 852 4616 incrementum
866 4564 1016 4617 loramenP
1032 4566 1180 4617 alimentum
1198 4576 1352 4618 momentum
1371 4571 1436 4619 sole

150 4627 334 4679 men-foramen
348 4631 374 4680 B
391 4631 431 4682 alo
445 4632 591 4683 alimentum
611 4635 695 4685 increo
710 4634 750 4684 uel
764 4636 877 4685 inereseo
894 4637 1075 4687 incrementum
1090 4637 1158 4686 solor
1170 4636 1285 4687 solamen
1299 4638 1355 4689 lom
1371 4639 1437 4689 lora·

151 4707 232 4747 ment
283 4701 314 4750 ’21
335 4708 462 4751 certamen
480 4718 572 4753 numen
593 4703 685 4753 dunren
698 4704 724 4754 B
742 4715 865 4755 terramen
882 4704 955 4771 lrago
975 4705 1105 4772 lragamen
1119 4721 1225 4757 acumen
1244 4708 1336 4757 llnmen
1355 4712 1453 4760 muni·-

149 4783 207 4817 men
227 4770 332 4819 lenimen
348 4778 358 4820 t
409 4774 442 4823 22
461 4772 497 4822 ire
515 4788 561 4823 orn.
580 4773 604 4821 P
654 4775 688 4824 24
705 4784 729 4825 et
746 4776 770 4823 in
784 4776 821 4825 sio
841 4784 865 4823 et
883 4775 909 4825 in
926 4792 970 4827 sor
982 4778 1007 4825 in
1025 4775 1091 4827 ibilis
1108 4777 1132 4825 in
1151 4777 1209 4827 silis
1227 4787 1251 4827 et
1270 4780 1295 4827 in
1310 4779 1350 4829 ilis
1368 4790 1393 4829 et
1412 4781 1436 4828 iu

150 4838 216 4890 icius
235 4837 259 4887 B
322 4841 355 4891 27
374 4842 399 4891 in
418 4842 558 4908 praedictas
572 4842 684 4907 syllabas
697 4843 763 4895 laetu
776 4846 951 4895 terminatione
963 4848 988 4897 P
1054 4848 1087 4896 28
1104 4846 1241 4913 obrigatio]
1259 4850 1401 4917 obiurgatio
1420 4865 1436 4908 ς

149 4907 297 4975 irrigatlos
351 4910 491 4979 nsrrrputio]
511 4914 638 4963 snsnratio
658 4914 682 4961 B
752 4913 785 4963 30
802 4915 902 4966 auditor
923 4916 1033 4967 auditrix
1051 4919 1142 4972 om.P
