3525 5600
548 421 552 427 ’
640 400 876 466 1101111111111111
1345 395 1409 462 243

1223 519 1245 562 p.
1258 507 1348 550 ser-as
1362 506 1384 548 r.

148 604 220 660 metra
238 591 365 672 scripsit.
390 608 478 669 quem
494 589 666 652 admodum
688 588 782 651 habes
805 589 924 651 diceret
951 588 1146 650 Terentianus
1167 586 1217 648 ille
1239 588 1361 657 dicitur;
1384 588 1411 648 si

147 698 202 760 velis
220 695 424 756 derivationem
446 692 514 754 inde
536 693 649 762 lacere,
673 691 818 770 numquid
842 692 977 772 sequitur
999 692 1143 752 rationem
1158 691 1263 752 istam?
1286 690 1337 751 sed
1353 689 1411 750 boc

146 805 317 877 contemptum
341 802 387 856 est
408 813 495 857 causa
518 794 686 874 euphoniae
710 792 800 872 [male
823 787 956 874 sonantl.
989 811 1061 872 ergo
1084 791 1222 854 adverbia
1244 799 1296 853 aut
1316 810 1332 852 a
1356 809 1409 852 uo-

145 899 250 963 niuibns
274 897 403 977 propriis
430 904 606 966 nascuntur,
638 904 671 957 ut
697 894 810 956 Tullius
837 894 988 964 Tulliane,
1015 903 1067 955 aut
1094 893 1131 956 ab
1159 892 1356 974 appellativis,
1379 901 1412 953 ut

127 1005 229 1064 edoctus
248 999 345 1070 docte,
369 997 466 1061 clarus
489 998 584 1069 clare,
608 1007 658 1060 aut
679 1016 694 1059 a
717 996 877 1066 vocabulo,
902 1004 934 1058 ut
950 998 1057 1058 ostium
1073 997 1204 1058 ostiatim
1227 994 1410 1075 [absolutum

145 1113 190 1176 εει,
214 1104 241 1162 ιε
266 1099 449 1180 appellativis
476 1099 555 1162 nulla
583 1099 728 1162 dubitatio
757 1093 831 1180 est];
865 1103 918 1160 aut
944 1106 1026 1160 certe
1056 1118 1072 1160 a
1101 1100 1411 1180 pronomine‚,meus

145 1206 256 1274 meatim,
285 1213 351 1264 tuus
379 1203 491 1264 tuatim.
537 1211 567 1263 et
594 1200 668 1263 nihil
696 1200 774 1262 aliud
808 1203 953 1280 significat
981 1203 1099 1263 meatim
1128 1203 1230 1264 tuatim
1260 1202 1316 1262 nisi
1344 1217 1411 1260 meo

144 1327 222 1375 move,
244 1315 290 1366 tuo
313 1323 406 1366 more.
452 1311 524 1384 puta
552 1305 690 1366 ‘meatim
718 1304 846 1365 lecisti’:
885 1303 955 1384 qnid
985 1312 1029 1365 est
1056 1305 1191 1364 ‘meatim
1214 1304 1346 1364 lecisti'l
1382 1301 1411 1362 id

144 1419 179 1472 est
200 1426 260 1468 meo
287 1424 386 1476 more;
419 1408 541 1467 ‘tuatim
569 1406 692 1477 lecisti',
720 1405 751 1466 id
779 1412 825 1467 est
847 1415 897 1468 tuo
925 1424 1017 1467 more.
1062 1407 1134 1467 item
1156 1424 1173 1468 a
1197 1404 1352 1474 vocabulo,
1381 1411 1414 1463 ut

117 1513 233 1572 roostium
265 1510 402 1570 ostiatim.
448 1508 500 1570 sed
534 1515 564 1568 et
589 1509 696 1570 ostium
725 1525 833 1569 nomen
868 1516 921 1570 est.
967 1507 1037 1586 quid
1066 1525 1138 1587 ergo
1164 1510 1305 1578 interest,
1334 1505 1412 1586 quod

143 1613 200 1672 dicit
218 1629 320 1672 nomen
344 1617 374 1671 et
396 1609 589 1672 vocabulum?
612 1608 682 1690 quid
697 1611 838 1671 interest?
861 1609 940 1688 quod
963 1627 1073 1672 nomen
1096 1608 1157 1670 vult
1179 1628 1245 1670 esse
1267 1608 1411 1679 animalis,

142 1711 295 1774 vocabulum
322 1710 384 1774 vult
412 1729 477 1774 esse
505 1714 550 1773 rei
577 1709 752 1773 inanimalis.
799 1717 868 1792 puta
897 1713 1005 1773 ostium
1027 1713 1157 1774 lenestra
1179 1712 1291 1791 paries,
1315 1713 1413 1772 omnia

141 1818 184 1875 ista
208 1811 344 1876 vocabula
371 1820 450 1875 sunt.
496 1833 512 1874 ε
540 1815 689 1876 contrario
717 1815 743 1874 si
771 1812 882 1876 dixeris
911 1812 1017 1874 doctus
1039 1813 1152 1884 clarus,
1175 1814 1232 1875 ista
1253 1815 1319 1893 ipsa
1340 1831 1413 1892 quo-

142 1919 205 1977 niam
224 1923 347 1996 possunt
367 1924 397 1976 et
417 1917 448 1978 in
471 1916 623 1976 hominem
646 1915 753 1978 cadere
769 1924 799 1978 et
812 1917 843 1976 in
858 1935 924 1978 rem
938 1915 1129 1979 inanimalem
1149 1914 1271 1986 cadere,
1295 1917 1413 1976 nomina

114 2025 204 2078 εεεει.
243 2015 385 2078 vocabula
408 2035 480 2096 ergo
502 2035 604 2079 rerum
627 2025 696 2078 sunt
719 2016 723 2097 1
746 2017 949 2080 inanimalium
972 2019 1103 2098 propria.
1139 2019 1247 2079 ostium
1270 2018 1413 2078 ostiatim:

141 2121 310 2180 ‘ostiatim
343 2127 464 2179 totum
497 2119 683 2200 oppidum
707 2118 967 2200 compilatim’.
1012 2122 1085 2180 item
1117 2106 1135 2182 a
1167 2119 1271 2188 verbo,
1304 2121 1414 2181 cursim

140 2223 255 2282 strictim.
298 2241 315 2282 a
338 2222 459 2282 nomine
482 2228 512 2282 et
534 2221 625 2284 verbo
647 2221 749 2292 simul,
773 2221 980 2302 pedetemtim,
1006 2220 1103 2302 [quasi
1125 2239 1179 2300 pes
1201 2227 1231 2282 et
1251 2221 1354 2300 teneo]
1377 2219 1415 2283 ab
1489 2230 1493 2236 ’

142 2342 169 2382 eo
188 2323 258 2401 quod
280 2330 325 2384 εει
346 2341 400 2404 pes
423 2332 453 2384 et
476 2331 578 2393 teneo;
602 2325 752 2401 utrimque
767 2324 876 2386 lactum
893 2331 939 2384 est
953 2322 1160 2403 pedetentim,
1184 2322 1213 2383 id
1238 2329 1282 2384 est
1304 2324 1414 2385 sensim

139 2427 191 2486 sine
209 2427 434 2487 intermissione.
465 2427 537 2488 item
559 2424 718 2505 indulgens
738 2424 929 2503 indulgenter
951 2427 1006 2496 ait,
1035 2443 1105 2488 ecce
1128 2443 1144 2485 a
1166 2426 1324 2506 participio
1346 2443 1412 2485 nas·

114 2529 217 2594 scitur,
238 2525 267 2586 id
290 2535 334 2588 est
357 2546 426 2588 ecce
441 2526 613 2589 adverbium
637 2527 715 2607 quod
738 2546 755 2588 a
777 2529 935 2608 participio
957 2535 1058 2590 natum
1081 2534 1133 2588 est.
1165 2533 1275 2605 negant
1295 2544 1414 2596 omnes;

140 2627 206 2689 solus
225 2627 354 2690 Donatus
376 2629 465 2690 audet
487 2629 544 2690 hoc
566 2629 681 2698 dicere;
706 2631 833 2709 sumpsit
855 2627 1012 2691 consilium
1035 2649 1052 2690 a
1074 2630 1180 2710 Capro.
1226 2637 1359 2691 ceterum
1381 2647 1415 2688 re

140 2748 196 2790 rera
216 2747 272 2790 non
295 2729 384 2792 debet
405 2731 487 2792 nasci
509 2729 682 2792 adverbium
698 2749 714 2791 a
730 2732 902 2813 participio;
927 2738 957 2793 et
975 2731 1123 2813 decipitur
1145 2732 1280 2805 nomine,
1304 2739 1335 2792 et
1348 2731 1416 2792 ideo

139 2832 186 2893 boc
205 2840 293 2913 putat.
323 2833 448 2912 legimus
469 2834 500 2895 lu
522 2835 668 2914 principio
692 2852 756 2895 esse
779 2836 899 2896 nomina
921 2836 1027 2897 eudem
1050 2842 1080 2897 et
1100 2836 1265 2915 participia.
1301 2834 1415 2895 idcirco

140 2934 263 3014 indulgeo
289 2934 447 3015 indulgens
474 2937 664 3017 participium
688 2942 746 3009 est,
777 2944 806 2997 et
828 2956 888 2998 nou
911 2938 982 2999 vidit
1008 2939 1148 3016 quoniam
1170 2935 1228 2999 hoc
1248 2939 1348 3017 ipsum
1369 2927 1415 2996 in·

111 3034 246 3114 indulgens
272 3043 372 3116 potest
399 3056 464 3099 esse
494 3044 524 3099 ει
555 3055 674 3099 nomen.
718 3037 797 3099 unde
825 3046 950 3119 apparet
976 3040 1115 3123 quoniam
1136 3046 1234 3119 potest
1255 3047 1286 3100 et
1306 3056 1415 3100 nomen

140 3139 206 3197 csse?
241 3140 483 3218 conparationem
517 3141 636 3220 recipit;
679 3141 749 3201 lacit
784 3143 861 3202 enim
896 3139 1100 3219 indulgentior
1130 3141 1414 3219 indulgentissimus.

139 3240 158 3297 si
184 3242 367 3321 participium
406 3250 499 3311 esset,
544 3260 603 3303 non
642 3244 791 3322 reciperet
829 3244 1085 3323 conparationem:
1128 3244 1300 3322 conparatio
1337 3244 1416 3303 enirn

139 3342 236 3401 nomini
273 3342 394 3413 accidit,
432 3362 592 3433 numquam
629 3346 796 3423 participio.
842 3345 915 3422 ergo
951 3344 1069 3425 quando
1101 3343 1304 3424 indulgentior
1337 3345 1416 3413 lecit,

140 3458 188 3537 non
217 3442 317 3505 videor
350 3444 562 3507 derivationem
596 3447 683 3507 istam
712 3445 842 3507 adverbii
871 3445 991 3509 trabere
1019 3468 1036 3509 a
1068 3448 1240 3527 participio,
1276 3447 1330 3508 sed
1357 3456 1417 3509 tra·

112 3538 199 3603 abere
224 3563 240 3605 a
268 3549 399 3609 nomine.
446 3556 490 3608 est
517 3555 614 3609 tamen
648 3548 770 3609 validior
798 3567 848 3609 res
877 3566 952 3627 quae
980 3547 1088 3628 probat
1115 3567 1175 3609 non
1205 3568 1270 3611 esse
1296 3551 1416 3629 partici-

139 3646 215 3721 pium.
261 3665 337 3725 quae
360 3668 409 3710 res
430 3648 538 3729 probat
564 3667 624 3710 non
655 3668 719 3711 esse
749 3651 957 3731 participium?
980 3669 1068 3712 omne
1090 3651 1278 3731 participium
1302 3659 1418 3730 tempus

139 3744 214 3809 babet
240 3750 305 3811 sine
333 3748 432 3812 dubio.
479 3749 597 3831 quando
625 3750 691 3813 dico
720 3748 937 3834 ‘indulgenlter
964 3753 1050 3822 leci',
1080 3753 1164 3813 cuius
1191 3755 1333 3832 temporis
1356 3755 1418 3813 esti

140 3850 268 3929 numquid
306 3853 450 3933 significat
486 3861 535 3915 aut
571 3870 714 3933 praesens
750 3862 868 3934 tempus
905 3862 957 3917 aut
982 3856 1177 3937 praeteritum
1214 3862 1332 3935 tempus
1367 3862 1419 3915 aut

139 3950 274 4015 futurum?
317 3956 444 4019 cuiusvis
482 3957 624 4035 temporis
662 3962 720 4027 est,
760 3966 831 4037 puta
868 3956 1059 4037 indulgenter
1091 3958 1225 4019 tacturus
1257 3976 1338 4028 sum,
1372 3959 1418 4017 in·

115 4050 280 4131 adelgerto
315 4057 387 4128 ieci,
424 4056 615 4137 indulgenter
652 4059 738 4119 lacio.
785 4076 856 4119 ecce
895 4057 1014 4139 [qnare]
1052 4058 1244 4138 indulgenter
1280 4061 1419 4137 congruit

140 4155 261 4218 omnibus
284 4159 479 4239 temporibus.
518 4158 571 4221 sed
594 4158 751 4239 indulgens
773 4162 939 4240 praesentis
959 4163 1102 4240 temporis
1125 4169 1170 4223 est
1192 4169 1315 4223 tantum.
1346 4178 1419 4239 ergo

141 4270 187 4331 quo
206 4257 294 4319 modo
315 4269 414 4341 potest
436 4262 501 4323 fleri
524 4270 557 4323 ut
578 4263 765 4343 participium
788 4263 954 4341 praesentis
968 4264 1113 4342 temporis
1135 4263 1223 4324 iaciat
1244 4260 1417 4323 adverbium

197 4481 355 4535 dratioista
374 4484 457 4535 Anu
543 4484 718 4535 babsolutum
737 4484 880 4535 estBCc:
901 4492 940 4535 εει
957 4500 1005 4537 om.
1024 4484 1049 4535 A
1134 4484 1167 4536 to
1183 4484 1257 4535 sedet
1273 4482 1418 4549 hospicium

140 4552 255 4603 comoed
273 4564 298 4603 et
315 4554 407 4605 ostium
426 4554 451 4603 A
514 4553 582 4618 quod
600 4554 693 4604 dicitur
711 4568 803 4604 nomeu
821 4553 930 4618 Bquod
948 4554 1010 4604 dicit
1027 4554 1243 4604 internomendl
1311 4553 1419 4617 liquid

142 4619 230 4670 interest
246 4624 315 4686 quod
333 4637 424 4674 nomen
441 4623 514 4675 uua
533 4624 583 4673 nisi
602 4624 670 4687 quod
689 4639 779 4674 nomen
799 4624 822 4673 A
895 4625 928 4675 14
946 4633 1054 4691 possum
1071 4624 1097 4673 in
1121 4624 1249 4673 bominem
1265 4623 1352 4674 ABG

143 4688 162 4737 in
181 4706 228 4741 rem
246 4694 380 4743 animalem
399 4693 482 4745 ABG
550 4694 582 4745 15
601 4695 705 4761 proprie
724 4694 807 4745 ABG
873 4693 985 4745 hostium
1002 4692 1133 4744 hostiatim
1151 4693 1293 4754 (hostiatim
1315 4692 1375 4744 add.
1391 4694 1420 4754 a)

142 4768 208 4809 totum
225 4762 345 4828 oppidum
358 4763 410 4813 AB
429 4765 520 4814 ostium
540 4764 651 4814 ostiatim
666 4772 744 4815 totum
763 4763 868 4829 opidum
881 4764 917 4816 O:
934 4766 985 4817 dic·
998 4767 1024 4813 ln
1039 4765 1119 4819 Verr.
1136 4772 1185 4814 act.
1204 4778 1256 4815 sec.
1270 4764 1315 4815 1111
1333 4766 1376 4825 21,
1388 4762 1421 4815 53

143 4894 148 4905 ¹
200 4830 230 4881 18
247 4833 475 4897 utrumqueABC
525 4832 559 4884 23
578 4835 666 4883 eadem
684 4834 825 4886 orn.ABG
875 4834 910 4885 34
928 4835 1042 4886 cuiusuis
1061 4833 1133 4885 Bca
1153 4834 1226 4883 cuius
1244 4833 1269 4881 A
1323 4831 1420 4884 turen

144 4897 263 4967 indulgens
280 4930 314 4940 -
329 4904 389 4971 244,
410 4904 423 4955 l
443 4904 600 4970 temporibus
619 4918 664 4958 om.
687 4904 720 4967 A,
737 4905 798 4955 add.
819 4920 835 4953 a

1155 4955 1218 5052 ro*
