3525 5600
211 1609 270 1672 aaa,
286 1611 319 1660 ao

213 1679 271 1738 aaa,
287 1679 319 1728 aa

340 401 400 466 178
907 401 1061 466 runaut!

364 524 386 566 p.
401 514 488 554 lau—88
502 511 525 552 l„

422 589 578 653 Praeterea
607 599 675 652 sunt
702 590 798 669 aliqua
828 592 949 652 nomina
970 591 1173 654 enuntiatione
1194 591 1370 670 singularia,
1393 591 1543 652 intellectu
1565 591 1628 672 plu·

336 692 421 762 ralia,
447 701 478 754 ιιι
501 701 544 754 est
565 692 693 773 populus
716 711 788 771 gens
810 695 910 754 contio
933 693 1100 756 multitudo.
1146 695 1245 755 omnia
1267 695 1323 755 ista
1346 695 1547 763 enuntiatione
1570 696 1627 755 sin-

335 795 449 874 gularia
477 803 560 866 sunt,
589 794 741 858 intellectu
770 794 911 875 pluralia:
941 815 1002 856 non
1031 799 1109 857 enim
1138 803 1277 857 constant
1304 796 1341 857 de
1363 795 1496 875 singulis.
1540 805 1628 857 aute
1672 818 1676 823 ·

334 900 485 960 contrario
513 899 715 960 enuntiatione
743 896 881 977 pluralia,
912 896 1063 961 intellectu
1086 898 1260 978 singularia,
1283 907 1317 960 nt
1337 898 1469 961 Athenae
1491 899 1628 979 Mycenae

333 1001 443 1061 Cumae
466 997 586 1062 Thebae
609 999 734 1062 Puteoli.
779 1000 852 1062 llaec
874 1000 917 1063 sic
939 1001 1091 1072 dicuntur,
1123 1002 1208 1082 quasi
1229 999 1354 1081 pluralia
1375 1003 1443 1062 sint.
1487 1009 1556 1062 sunt
1578 1017 1651 1061 aua

332 1112 392 1164 tem
415 1104 534 1164 nomina
558 1103 674 1163 numeri
697 1109 812 1164 tantum
834 1103 923 1165 modo
945 1102 1084 1184 pluralis,
1113 1111 1256 1184 quantum
1284 1104 1319 1164 ad
1342 1103 1463 1165 Latinos
1484 1105 1627 1183 pertinet;

333 1212 465 1267 ceterum
494 1204 570 1285 apud
594 1207 724 1266 Graecos
753 1207 920 1268 invenimus
947 1206 1050 1275 aliter,
1079 1205 1136 1267 bae
1157 1204 1278 1267 Thebae
1306 1214 1336 1268 et
1362 1207 1436 1268 baec
1457 1205 1575 1275 Tlrebe,
1600 1213 1630 1266 ut

332 1315 377 1370 est
399 1311 454 1370 ‘te
477 1325 638 1389 quoque,
661 1309 833 1388 peritura
856 1307 1013 1370 Thebe',
1037 1310 1151 1370 radant
1171 1307 1223 1368 illi.

880 1493 929 1540 DE
950 1492 1081 1540 movim

416 1597 524 1676 Figura
554 1598 584 1658 in
613 1597 784 1660 nominibus
813 1605 864 1658 aut
891 1596 1016 1677 simplex
1046 1603 1091 1668 est
1113 1605 1163 1660 aut
1184 1600 1349 1679 conposita.
1396 1597 1522 1678 simplex
1543 1607 1591 1659 est
1613 1613 1662 1657 atu

330 1704 451 1768 natura,
480 1699 510 1760 id
538 1707 582 1760 est
611 1719 685 1779 quae
710 1699 713 1780 Ι
738 1700 774 1760 de
801 1718 859 1761 una
882 1718 916 1760 re
938 1705 1068 1770 constat,
1093 1707 1126 1760 nt
1142 1699 1267 1793 ‘doctum
1301 1702 1469 1781 conposita,
1493 1719 1570 1780 quae
1593 1699 1629 1758 de

330 1799 444 1862 duabus
473 1808 589 1862 constat
616 1800 723 1872 rebus,
754 1819 828 1882 quae
857 1802 966 1881 accipit
993 1809 1147 1872 ornatum,
1174 1810 1207 1863 ut
1233 1801 1379 1864 indoctus.
1425 1799 1552 1882 simplex
1577 1809 1629 1870 est

243 1887 251 1897 ¹
329 1921 405 1982 quae
432 1921 520 1964 unam
549 1921 613 1964 rem
643 1902 747 1974 babet,
782 1903 906 1983 duplex,
935 1923 1011 1984 quae
1039 1905 1076 1966 de
1104 1905 1219 1967 duabus
1246 1903 1339 1966 rebus
1365 1912 1495 1974 constat,
1524 1903 1554 1963 id
1575 1889 1630 1964 'est

329 2006 492 2085 conposita.
537 2003 627 2066 babes
655 2007 685 2066 in
710 2012 777 2068 'arte
805 2005 910 2074 Probi,
940 2006 969 2066 id
999 2015 1044 2068 cst
1070 2008 1213 2068 institutis
1239 2007 1347 2086 ipsius,
1375 2006 1432 2067 boc
1454 2013 1629 2066 tractatum:

330 2109 371 2168 ait
393 2109 453 2177 sic,
482 2108 602 2168 nomina
631 2109 729 2169 omnia
757 2127 845 2188 posse
867 2109 997 2187 conponi
1019 2108 1064 2168 rel
1093 2127 1128 2169 ex
1151 2127 1211 2171 non
1233 2107 1440 2188 intellegendis
1463 2107 1531 2188 (boc
1554 2106 1663 2168 scut-u

330 2217 391 2272 tum
422 2211 480 2285 est)
504 2207 549 2270 vel
577 2229 613 2270 ex
642 2210 766 2288 integiie
789 2208 835 2270 vel
865 2229 900 2270 ex
923 2212 1073 2289 corruptis
1096 2210 1263 2286 (hoobene
1285 2209 1377 2289 dixit).
1425 2215 1477 2270 ‘ex
1500 2228 1562 2270 non
1586 2210 1630 2269 iu·

331 2310 522 2388 tellegendis'
538 2310 744 2373 stultissimum
760 2318 813 2372 est.
845 2321 917 2392 puta
932 2313 1085 2374 columna:
1109 2313 1176 2374 colu
1191 2321 1289 2392 potest
1305 2311 1415 2374 babere
1431 2310 1629 2381 intellectum,

329 2413 414 2474 ‘colu
442 2413 570 2474 leminea
598 2413 759 2477 Parcarum
784 2414 902 2493 dirupta
911 2417 930 2484 ’,
955 2422 984 2475 et
1005 2401 1077 2494 pu'ta
1098 2418 1124 2477 si
1147 2414 1227 2478 dicas
1249 2414 1336 2476 ‘colu
1358 2415 1534 2482 Parcarum,
1559 2432 1629 2492 per·

329 2523 418 2576 eunte
446 2513 548 2584 coln’;
578 2534 646 2576 ecce
676 2514 767 2576 babes
796 2515 980 2577 intellectum
1010 2519 1081 2578 eius.
1127 2536 1196 2578 mua
1219 2515 1293 2579 nibil
1315 2517 1470 2596 significat
1515 2515 1573 2574 boc
1607 2517 1631 2574 si
1717 2589 1719 2600 γ

328 2611 456 2679 volueris
478 2618 578 2698 sequi,
602 2619 699 2678 omnia
717 2617 836 2678 nomina
853 2619 1007 2698 conposita
1030 2628 1128 2690 erunt,
1151 2635 1353 2700 quaecumque
1376 2618 1500 2678 suntin
1523 2635 1628 2678 rernm
1641 2633 1663 2670 eu
1718 2683 1719 2694 p

327 2727 442 2781 natura.
472 2737 633 2801 numquam
658 2721 736 2780 enim
760 2718 829 2780 licet
851 2718 905 2780 tibi
928 2720 1043 2780 relerre
1065 2739 1130 2782 rem
1152 2724 1245 2802 ipsam
1269 2719 1305 2781 ad
1329 2718 1545 2801 etymologiam,
1571 2721 1630 2780 nisi
1718 2701 1719 2762 ἶ

326 2825 389 2902 ipsa
419 2820 593 2902 etymologia
623 2826 770 2883 consentit
796 2825 841 2885 rei
869 2822 1036 2904 principali.
1082 2824 1149 2885 colu
1179 2824 1258 2885 aliud
1287 2830 1341 2885 est.
1386 2821 1531 2903 numquid
1560 2822 1629 2882 ideo

328 2926 404 2986 dicta
434 2923 569 2986 columna
599 2932 656 2996 est,
687 2924 765 3005 quod
796 2923 887 2985 babet
916 2926 1062 3002 originem
1090 2945 1107 2987 a
1136 2924 1222 2988 colui
1252 2944 1323 3005 ergo
1353 2942 1422 2986 cum
1449 2924 1523 2985 illud
1545 2923 1629 2986 aliud

327 3029 486 3105 significet,
517 3025 574 3085 hoc
601 3024 679 3087 aliud
709 3026 866 3105 significet,
900 3044 991 3107 quere
1014 3027 1080 3087 dico
1102 3029 1290 3108 conpositum
1312 3034 1358 3089 est
1378 3044 1488 3087 nomen
1512 3045 1549 3086 ex
1573 3028 1630 3107 inl·

328 3136 411 3208 tegra
435 3137 464 3189 et
486 3137 637 3208 corrupto,
662 3148 728 3189 curn
750 3132 849 3209 ipsum
873 3137 1001 3210 elymum
1025 3147 1086 3189 non
1109 3128 1218 3190 babeat
1239 3146 1398 3190 commune
1420 3146 1489 3189 cum
1511 3130 1628 3207 princi·
1641 3142 1664 3180 τε

327 3231 405 3311 palii
434 3238 463 3291 et
490 3230 569 3309 quod
598 3249 658 3292 non
687 3229 776 3291 babet
803 3250 962 3293 commune
990 3248 1058 3291 cum
1080 3232 1238 3312 principali
1260 3240 1406 3312 elymum,
1438 3232 1629 3309 conpositum

327 3352 387 3395 non
417 3340 470 3395 cst.
515 3351 585 3412 ergo
614 3331 670 3392 boc
698 3335 865 3410 sequimur,
901 3340 934 3394 ut
960 3331 1013 3394 itta·
1038 3333 1172 3393 dicamus
1201 3342 1355 3413 corrupta,
1389 3350 1465 3412 quac
1492 3330 1628 3394 resoluta

327 3444 451 3515 possunt
478 3436 542 3497 lteri
569 3436 694 3513 integra.
731 3433 832 3516 [aliae]
856 3436 932 3496 liunt
959 3437 1131 3515 conpositae
1153 3436 1265 3513 figurae
1288 3453 1323 3495 ex
1346 3434 1464 3497 duobus
1486 3436 1627 3513 integris,

326 3545 358 3598 ut
380 3536 599 3605 suburbanarum
630 3555 665 3597 ex
688 3535 805 3599 duobus
828 3539 992 3617 corruptis,
1016 3538 1189 3605 utelllca13
1218 3556 1256 3598 ex
1278 3544 1422 3616 corrupto
1444 3545 1475 3597 et
1495 3537 1647 3615 integrm.

327 3648 358 3701 ut
380 3636 588 3719 nugigerulus;
613 3658 647 3699 ex
670 3640 786 3719 integro
810 3648 839 3700 et
861 3646 1018 3719 corrupto,
1042 3646 1074 3699 ut
1095 3636 1236 3701 insulsus.
1281 3646 1311 3699 et
1332 3657 1366 3698 re
1389 3656 1458 3699 aera
1480 3636 1531 3697 illa
1553 3656 1626 3717 pos·
1640 3654 1664 3692 aa

326 3748 395 3803 sunt
417 3741 474 3803 dici
498 3748 651 3821 corrupta,
675 3759 749 3820 quae
774 3742 893 3803 luerunt
914 3744 1045 3820 integrm
1075 3741 1105 3801 in
1128 3742 1279 3803 communi
1302 3742 1390 3801 etiam
1412 3757 1553 3800 sermone
1583 3743 1628 3800 sic

324 3842 478 3905 habemus.
524 3842 666 3921 numquid
693 3861 851 3923 possumus
879 3844 979 3907 dicere
1008 3843 1122 3903 birrum
1150 3850 1325 3922 corruptum
1355 3860 1434 3909 esse,
1465 3842 1522 3902 nisi
1553 3844 1627 3919 quia

326 3946 381 4006 luit
403 3944 537 4024 integra?
559 3946 601 4006 sic
624 3946 712 4007 ctiam
735 3964 794 4007 non
817 3964 976 4026 possumus
998 3946 1099 4007 dicere
1120 3952 1220 4024 partes
1235 3950 1391 4025 corruptas
1414 3961 1479 4003 esse
1500 3945 1532 4003 iu
1555 3962 1627 4004 ora·

394 4132 538 4199 bpluralia
562 4147 631 4187 cerr.
652 4132 727 4198 plura
743 4133 768 4181 Α
840 4130 856 4182 d
878 4132 994 4197 pluralis]
1015 4133 1154 4199 singularia
1170 4131 1253 4184 ABG
1321 4128 1392 4197 tlte]
1410 4132 1477 4184 Stel.
1500 4128 1579 4185 raca.
1602 4130 1628 4180 X

325 4204 376 4255 aaa
395 4214 418 4252 te
439 4212 522 4253 tamen
543 4202 647 4261 infelix,
667 4204 761 4267 inquit,
782 4204 944 4267 perituraque
963 4202 1049 4252 'lhebe
1121 4204 1153 4253 12
1173 4202 1272 4267 accepit
1285 4201 1341 4251 AB
1413 4202 1445 4251 13
1461 4200 1493 4251 de
1504 4216 1551 4253 ore.
1573 4200 1628 4252 ΒΘ

398 4274 428 4323 la
447 4274 472 4323 in
487 4282 540 4321 arte
559 4270 642 4337 Probi]
663 4274 739 4325 instit.
760 4280 812 4323 art.
829 4288 856 4335 p.
871 4273 916 4335 53,
935 4273 968 4324 18
1020 4272 1053 4323 18
1071 4273 1174 4339 dirupta
1188 4271 1272 4323 ΑΒΘ
1286 4272 1402 4337 disrupta
1420 4287 1438 4321 a
1454 4271 1546 4320 dirirna
1565 4271 1645 4328 colu,

324 4345 428 4395 coniecit
446 4342 639 4397 diadematibus.
671 4344 720 4392 duo
744 4346 858 4406 eoeerapla
882 4343 915 4393 ab
938 4344 994 4407 ipae
1011 4345 1173 4407 grammatico
1187 4344 1250 4405 ficta
1271 4342 1385 4392 videntia
1403 4342 1537 4404 adscripta
1556 4357 1626 4401 esee,

324 4414 380 4463 colu
401 4422 485 4479 potest
504 4412 598 4464 babere
617 4412 786 4475 intellectum,
805 4421 831 4463 ut
849 4422 909 4480 puta
929 4416 952 4464 si
972 4413 1043 4463 dicas
1061 4412 1137 4465 ‘colu
1157 4412 1268 4461 leminea
1285 4412 1420 4461 Parcarum
1429 4416 1446 4473 ³,
1467 4412 1626 4461 ‘Parcarum

324 4484 533 4551 pereunlecolu'
585 4484 831 4535 22consenserit0
899 4483 1067 4533 columaliud
1086 4493 1125 4534 est
1142 4482 1224 4534 ΑΒΘ
1281 4482 1625 4547 tisorlmseeonpositum

323 4570 380 4604 esse
400 4568 490 4604 nornen
579 4554 612 4605 25
630 4553 764 4619 principali
780 4568 848 4604 corr.
869 4553 1011 4619 principale
1026 4554 1051 4602 Α
1140 4554 1173 4603 26
1191 4562 1216 4601 et
1233 4553 1301 4615 qnod
1319 4566 1370 4601 uon
1392 4552 1468 4601 habel
1485 4566 1626 4602 commune

324 4640 380 4673 cnm
395 4624 535 4690 principale
552 4639 608 4675 cum
635 4622 750 4674 ethoemn
771 4624 797 4673 B
820 4632 844 4674 et
865 4626 933 4686 qaod
952 4637 1003 4673 non
1022 4623 1098 4673 habet
1115 4636 1249 4673 commuue
1266 4622 1407 4722 principale
1426 4638 1484 4672 cum
1502 4620 1624 4671 aetbemo

325 4694 346 4745 Θ
362 4709 418 4743 cum
438 4703 535 4744 etoemo
554 4694 580 4743 Α
598 4704 622 4744 et
641 4694 708 4758 quod
727 4708 778 4743 non
796 4692 873 4743 habet
889 4708 1067 4747 commun...
1086 4696 1232 4756 (commune
1251 4707 1307 4741 carn
1327 4708 1345 4741 rt
1364 4694 1375 4755 )
1394 4692 1536 4758 principale
1554 4693 1623 4745 udal.

324 4778 340 4811 u
410 4763 444 4814 28
459 4764 508 4813 alie
525 4766 550 4814 ia
566 4766 644 4815 litura
662 4765 703 4816 A:
720 4765 792 4814 traria
814 4767 853 4815 aet
871 4773 898 4813 ut
918 4772 977 4829 pule
995 4766 1051 4813 olba
1066 4766 1186 4826 seriptum
1201 4762 1395 4825 subeeoidetur
1464 4778 1497 4811 ex
1519 4763 1626 4811 duobus

323 4834 430 4899 integris
449 4832 481 4883 a*
500 4849 531 4883 ex
549 4835 647 4885 duabus
667 4835 771 4900 integris
789 4835 905 4901 partibus
923 4832 1008 4883 ΑΒΘ
1076 4834 1111 4885 29
1130 4832 1292 4884 suburbanus
1309 4832 1364 4883 ΒΘ
1431 4830 1466 4881 30
1480 4832 1626 4898 nugigeru-

323 4903 363 4953 lus
382 4903 433 4953 ΑΘ
502 4902 534 4955 31
554 4902 665 4971 bierunt]
684 4913 742 4955 sunt
760 4904 840 4955 ABG
910 4902 945 4955 32
957 4904 1072 4969 sortasse
1086 4903 1214 4972 myrrham
1234 4910 1379 4969 corruptam
1395 4916 1452 4951 esse
