3525 5600
292 337 355 404 542
805 336 1075 419 [reclusionis]

318 461 339 501 p.
353 450 411 490 ima.
426 451 450 490 re
463 447 485 488 r.

376 529 544 590 Pronomen
566 526 644 607 qnod
668 526 777 588 dicitur
799 527 878 588 idem
901 535 932 587 et
953 526 1117 587 masculino
1147 534 1178 586 et
1199 533 1307 587 neutro
1329 527 1437 586 servit:
1466 544 1529 586 nam
1547 533 1573 586 et

293 616 371 675 idem
388 614 475 674 laonio
491 614 601 673 dieitur
624 619 653 672 et
675 613 754 672 idem
778 620 904 691 tempus.
935 615 961 672 is
983 629 1145 690 pronomen
1169 615 1212 670 sie
1234 609 1414 679 declinabis,
1438 612 1465 670 is
1485 611 1572 681 bomo,

294 704 359 760 eius
381 701 408 759 ei
432 717 499 758 eum
523 697 559 757 ab
583 716 632 765 eo,
657 704 686 756 et
707 697 863 777 pluraliter
891 699 912 756 ii
936 716 1039 756 eorum
1061 698 1107 756 eis
1129 697 1174 756 rel
1196 698 1235 756 iis
1257 715 1308 756 eos
1330 698 1375 756 eis
1396 695 1443 755 rel
1464 698 1514 764 iis;
1535 698 1572 757 le-

293 787 438 845 mininum
462 803 495 843 ea
519 785 583 842 eius
611 783 639 840 ei
667 801 732 842 earn
762 782 798 840 ab
827 801 875 852 ea,
906 791 935 842 et
962 781 1117 861 pluraliter
1139 800 1191 842 eae
1215 800 1317 842 earum
1339 783 1384 840 eis
1405 779 1451 840 rel
1472 783 1509 840 iis
1529 801 1572 842 eas

293 873 337 930 eis
361 870 405 929 vel
428 871 481 938 iis;
505 877 643 928 nentrum
666 867 696 926 id
720 869 785 927 eius
807 871 835 927 ei
859 869 889 928 id
912 866 949 928 ab
973 887 1021 936 eo,
1051 874 1081 926 et
1108 866 1263 945 pluraliter
1291 885 1325 926 ea
1353 885 1457 926 eornm
1477 868 1513 926 iis
1533 869 1594 927 reis

293 957 338 1015 eis
361 973 394 1014 ea
417 955 455 1012 iis
478 953 523 1012 vel
545 955 599 1012 eis
644 953 712 1012 ideo
735 952 813 1013 volui
836 953 892 1012 boc
915 970 1079 1032 pronomen
1110 952 1289 1011 declinatum
1312 969 1392 1021 esse,
1422 953 1490 1032 quia
1512 952 1575 1012 iacit

293 1039 441 1118 aliquibus
465 1037 666 1106 dubietatem,
691 1041 852 1116 praecipue
875 1040 907 1098 in
930 1039 1098 1097 accusativo
1120 1056 1200 1097 casu.
1246 1037 1323 1096 tande
1346 1039 1372 1096 si
1396 1035 1452 1096 tibi
1474 1040 1575 1098 mentio

293 1127 384 1185 luerit
399 1125 528 1184 riorninis
542 1121 686 1182 neutralis
709 1125 740 1182 iu
763 1125 930 1203 accusativo
953 1122 1111 1199 singulari,
1135 1124 1179 1182 sic
1202 1122 1292 1191 dicis,
1316 1129 1439 1201 utputa
1463 1125 1530 1201 ‘per
1549 1123 1575 1183 id

293 1209 434 1288 templum
457 1211 668 1276 transeamus',
698 1207 770 1286 ‘per
799 1208 829 1267 id
858 1208 980 1286 pelagus
1008 1209 1181 1284 inrigemus
1192 1211 1211 1275 ³,
1235 1207 1359 1286 ‘perid
1382 1209 1442 1266 iter
1465 1225 1575 1286 progre-

293 1295 437 1354 diamur’.
471 1295 518 1353 cui
542 1292 577 1352 ad
601 1300 737 1353 ornaturn
761 1293 875 1352 adiecta
898 1300 944 1351 est
966 1311 1013 1352 eni
1036 1292 1148 1372 syllaba
1170 1298 1201 1350 et
1223 1294 1295 1352 lacit
1316 1292 1411 1370 idem,
1435 1311 1494 1352 nou
1515 1296 1605 1372 quiam

294 1379 373 1438 aliud
402 1379 548 1454 signifieat
576 1377 605 1436 id
636 1385 666 1436 et
694 1377 774 1437 allud
798 1377 893 1448 idem;
921 1377 972 1436 sed
996 1377 1075 1438 idem
1099 1379 1233 1437 ornatius
1256 1378 1396 1458 dicimus,
1420 1396 1479 1456 quo
1500 1378 1576 1437 modo

293 1464 428 1544 quidam,
459 1463 525 1522 dam
555 1461 664 1541 syllaba
694 1462 730 1522 ad
758 1471 895 1522 ornatum
925 1465 1065 1532 accessit,
1090 1481 1149 1522 non
1171 1463 1240 1541 quia
1264 1461 1344 1522 aliud
1366 1463 1512 1538 significat
1532 1465 1576 1541 qui

293 1557 323 1608 et
346 1549 424 1608 aliud
448 1547 577 1628 quidani.
623 1549 666 1608 sic
695 1547 789 1616 idem,
819 1549 862 1608 sic
890 1549 1010 1617 eadem,
1038 1553 1219 1627 acceperunt
1249 1548 1318 1606 dem
1340 1546 1498 1626 syllabam,
1525 1566 1576 1607 non

292 1641 325 1694 ut
347 1632 427 1694 aliud
450 1633 667 1710 significarent,
692 1633 744 1692 sed
768 1641 800 1692 ut
822 1633 970 1712 euphonia
994 1645 1085 1692 essct.
1125 1635 1237 1692 etenim
1259 1633 1391 1692 studium
1413 1633 1470 1690 luit
1492 1635 1576 1692 omni·

294 1719 348 1778 bus
371 1719 517 1778 inusicare
545 1718 721 1778 latinitatem
750 1725 781 1777 et
808 1718 838 1778 id
867 1719 992 1788 addere,
1021 1716 1099 1797 qnod
1122 1721 1153 1778 iu
1177 1736 1265 1777 aures
1288 1717 1458 1786 laberetur,
1482 1717 1509 1776 id
1531 1717 1606 1777 den

293 1821 389 1872 inere,
414 1803 491 1882 quod
516 1801 667 1863 rancidius
689 1803 853 1862 offenderet
877 1803 1021 1864 ariditunr.

339 1955 345 1970 ‚
378 1887 462 1947 Dicta
486 1896 554 1946 surrt
578 1888 613 1947 de
641 1891 817 1966 pronomine
845 1887 894 1948 illa
927 1906 1003 1968 quae
1032 1887 1119 1966 paulo
1148 1886 1275 1946 obse-nra
1303 1886 1460 1956 ridentum
1486 1897 1576 1947 cetera

294 1991 309 2032 a
333 1970 527 2050 diligentibus
549 1973 730 2051 artigraphis
753 1973 838 2051 plene
863 1973 1009 2035 declinata
1032 1980 1115 2042 suut,
1140 1991 1215 2053 quae
1238 1972 1325 2032 lacile
1349 1975 1492 2052 reperias.

844 2141 893 2203 ΒΕ
916 2141 1040 2203 VERBO

379 2261 544 2321 Verborum
574 2265 649 2321 ratio
677 2265 716 2322 ita
746 2259 802 2321 lata
832 2269 891 2330 ast,
921 2271 953 2321 ut
976 2263 1118 2330 nominis,
1148 2266 1188 2322 ita
1217 2281 1334 2342 quoque
1364 2263 1503 2322 inusitata
1528 2271 1609 2331 esta

296 2354 326 2407 ut
349 2349 379 2406 in
404 2345 573 2405 nominibus
596 2347 805 2406 demonstravi.
844 2364 970 2426 natuque
993 2347 1121 2426 plurima
1143 2350 1175 2406 in
1197 2346 1311 2417 verbis,
1334 2365 1412 2426 qnae
1435 2347 1579 2408 rancidula

295 2429 506 2501 ordiebantur,
536 2430 627 2510 polita
650 2440 731 2500 suin,
757 2438 787 2490 ut
816 2450 870 2511 pec
900 2432 1075 2492 anomaliam
1104 2431 1222 2492 mollius
1244 2440 1399 2502 sonarent,
1423 2450 1510 2511 qnam
1531 2450 1579 2510 per

296 2524 407 2576 rectam
431 2515 579 2592 regulam,
608 2535 697 2595 quani
721 2525 822 2597 postea
845 2517 990 2577 dicemus.
1022 2516 1025 2594 l
1058 2516 1148 2578 seclia
1170 2516 1268 2576 tribus
1290 2518 1386 2577 nindis
1408 2519 1578 2596 accipimus:

295 2603 423 2661 dicimus
436 2600 524 2660 verba
538 2620 591 2680 pro
614 2599 755 2671 fallaciis
780 2610 812 2662 ut
834 2608 906 2680 puta
930 2602 1033 2661 ‘dedit
1054 2603 1128 2664 aiibi
1151 2601 1276 2671 vorba';
1299 2603 1427 2663 dicimus
1448 2620 1502 2680 pro
1523 2620 1579 2660 ser·

295 2685 433 2746 monibus
455 2685 637 2764 quibusque,
667 2694 700 2745 ut
727 2687 816 2746 ‘lecit
839 2687 928 2746 verba
953 2687 1091 2757 Cicero’;
1121 2687 1247 2746 dicimus
1276 2687 1365 2748 verba
1395 2687 1482 2756 baec,
1511 2701 1609 2765 quaes

296 2789 350 2851 per
373 2771 475 2831 ruodos
503 2779 533 2831 et
560 2781 694 2851 terrrpoca
724 2781 753 2832 et
782 2790 925 2851 personas
954 2771 1149 2833 declinamus.
1194 2781 1263 2833 sunt
1289 2782 1387 2834 autern
1411 2772 1579 2852 principalia

296 2856 387 2917 verba
411 2859 505 2915 activa
528 2860 644 2935 passiva
668 2865 771 2917 neutra
794 2862 963 2919 corirruunia
995 2858 1181 2936 deponentia.
1226 2859 1263 2918 de
1286 2862 1396 2919 ceteris
1418 2878 1486 2918 vern
1507 2858 1580 2917 dicc-

297 2961 361 3001 mns
384 2943 450 3001 istis
473 2942 625 3002 catholicis
648 2950 678 3001 et
699 2942 891 3019 garreralibus
914 2945 1077 3022 explicatis.
1123 2946 1216 3003 aetira
1239 2953 1308 3003 scrut
1328 2942 1440 3021 quibus
1461 2962 1513 3003 nos
1533 2942 1581 3002 ali·

297 3026 368 3107 quid
392 3045 479 3103 aegere
503 3028 718 3104 signiticanurs,
743 3035 776 3087 ut
799 3026 865 3104 lego
887 3030 961 3104 legis
984 3028 1073 3104 legit,
1098 3026 1197 3087 scribo
1212 3027 1321 3087 scribis
1335 3027 1452 3086 scribit.
1475 3029 1580 3105 passiva

296 3119 365 3171 scrut
387 3130 461 3190 qnae
491 3110 527 3170 de
556 3113 659 3171 activis
688 3120 863 3178 nascuntur,
894 3112 1004 3192 quibus
1032 3130 1087 3173 nos
1115 3114 1175 3191 pati
1198 3110 1309 3191 aliquid
1331 3114 1532 3181 enuntiamus,
1553 3117 1612 3169 uta

298 3198 379 3273 legor
408 3196 516 3271 legeris
543 3196 669 3273 legitur,
699 3197 815 3257 scribor
843 3198 986 3257 scriberis
1013 3197 1169 3258 scribitur.
1213 3198 1358 3258 rientralia
1386 3204 1456 3257 sunt
1481 3196 1582 3275 quibus

298 3300 352 3341 rios
375 3298 429 3339 nec
452 3298 540 3357 argere
564 3300 618 3340 rue
642 3284 701 3361 pati
718 3281 828 3362 aliquid
851 3282 1103 3350 demonstramus,
1128 3290 1160 3342 ut
1182 3282 1271 3342 sedeo
1293 3284 1377 3341 iaceo
1399 3289 1445 3342 sto
1472 3289 1501 3340 et
1521 3281 1580 3346 alia,

298 3365 461 3444 inquibus
485 3366 595 3426 uullrnu
620 3370 770 3443 ricegotium
794 3375 916 3428 estnec
940 3368 1046 3446 agendi
1068 3387 1124 3427 nec
1146 3367 1288 3446 patiendi.
1332 3369 1498 3427 communia
1520 3373 1582 3426 sunt

297 3468 372 3529 cquae
395 3452 426 3509 iu
450 3469 483 3510 or
506 3449 661 3521 desilirent,
686 3472 846 3532 numquam
869 3455 900 3513 iu
923 3474 956 3524 o,
980 3461 1010 3514 et
1033 3460 1091 3513 tani
1114 3471 1201 3530 agere
1217 3471 1305 3531 quam
1327 3454 1389 3531 pati
1412 3452 1580 3529 significant,

298 3543 330 3595 nt
352 3536 495 3595 criminor
524 3535 622 3605 illuni,
652 3540 796 3598 criminor
825 3538 861 3598 ab
891 3539 954 3599 illo:
984 3558 1039 3599 nec.
1067 3541 1146 3598 cirini
1176 3539 1302 3598 dicimus
1336 3538 1464 3597 crimino
1495 3536 1612 3597 timna

298 3620 475 3698 deponentia
504 3628 587 3689 strnt,
619 3623 696 3700 quod
727 3623 875 3701 deponant
904 3626 1106 3701 passivitatem
1135 3630 1166 3681 et
1193 3630 1310 3682 sumant
1338 3624 1529 3689 activitatem,
1556 3628 1582 3678 et

298 3724 365 3765 cum
393 3707 509 3783 passive
542 3709 736 3767 ‹eriiurtientur
766 3710 794 3767 in
820 3726 834 3765 r
857 3708 972 3777 littera,
1003 3708 1078 3767 nibil
1106 3715 1204 3767 tamen
1234 3708 1399 3785 patiuntur,
1423 3706 1474 3767 sed
1496 3706 1581 3767 solum

299 3800 403 3867 agunt,
433 3798 465 3849 ut
494 3788 590 3849 butor
618 3790 741 3851 luctaris
768 3792 911 3860 luctatur,
942 3794 1082 3852 convivor
1108 3793 1214 3871 loquor
1246 3793 1402 3851 nanciscor
1430 3799 1459 3851 et
1491 3798 1580 3850 cetera

299 3876 378 3935 talia.
423 3894 492 3935 sane
518 3876 590 3935 illud
613 3894 781 3945 menenius,
806 3896 865 3955 ιμιιι
889 3879 977 3937 rriodo
998 3880 1030 3937 in
1052 3875 1224 3937 nominibus
1252 3878 1348 3937 maior
1375 3878 1522 3956 quantitas
1541 3881 1582 3933 est

300 3960 453 4019 triarseulini
476 3967 505 4019 ct
528 3961 663 4020 lentinini
686 3965 820 4037 gerionis,
846 3964 946 4023 nentri
970 3980 1038 4021 vero
1061 3964 1158 4021 minor
1180 3969 1211 4021 et
1232 3962 1411 4029 communis,
1442 3963 1485 4020 sic
1505 3968 1534 4019 et
1553 3960 1612 4017 iun

301 4044 399 4105 verbis
422 4044 514 4106 multa
543 4052 611 4105 sunt
638 4048 749 4115 activa,
779 4047 869 4107 irrrdta
899 4066 993 4127 aeque
1022 4048 1158 4126 passiva,
1182 4066 1241 4107 utin
1264 4054 1346 4107 tanta
1368 4046 1512 4107 neutralia
1532 4061 1582 4103 uec

299 4132 467 4191 cunimunia
492 4148 546 4189 nec
570 4130 760 4209 deponentia.
806 4140 834 4191 et
857 4141 981 4212 propter
1003 4134 1059 4191 boc
1082 4132 1184 4209 regula
1207 4134 1371 4192 activorum
1392 4133 1581 4210 passivomm·

300 4233 356 4293 quo
381 4216 411 4273 in
435 4217 612 4275 irurueusum
636 4216 779 4277 tenditur.
816 4226 985 4277 ceterorum
1008 4235 1079 4277 vero
1102 4216 1261 4277 verborum
1283 4216 1405 4294 segidae
1428 4234 1445 4275 a
1465 4214 1581 4292 diligen-

301 4298 380 4359 tibus
404 4298 597 4377 colliguntur.

369 4469 447 4520 deos
467 4472 503 4519 eis
524 4472 562 4519 vel
582 4473 613 4519 iis
633 4486 678 4524 orn.
703 4474 730 4520 V
796 4470 900 4538 bqnia]
923 4475 965 4536 qui
988 4474 1015 4522 V
1083 4472 1385 4536 ilperidemtemplum
1403 4473 1449 4525 Vs
1513 4467 1582 4533 sper

300 4541 348 4588 iter
366 4541 585 4605 pergredimurV
595 4558 640 4606 per
657 4544 703 4590 iter
720 4543 942 4607 pergrediamnre
996 4541 1027 4595 13
1044 4540 1122 4607 idem]
1141 4543 1231 4591 iisdem
1250 4544 1277 4591 V
1289 4543 1407 4597 isdem5
1457 4541 1488 4591 14
1506 4548 1582 4589 essem

305 4610 327 4657 V
384 4610 553 4660 intensioni
574 4612 825 4663 eriitianrileensia
877 4612 1006 4662 laboratur
1023 4613 1049 4662 id
1073 4613 1186 4662 demeret
1208 4613 1235 4661 V
1285 4612 1317 4661 lc
1337 4612 1481 4661 offendisset
1503 4610 1529 4657 V

302 4678 523 4735 liuidereuturg
580 4682 613 4731 ‘221
632 4680 733 4730 fallacia
750 4683 796 4737 Vs
844 4683 877 4729 25
892 4682 954 4731 baec
968 4692 992 4733 et
1010 4698 1074 4745 qnae
1092 4684 1117 4731 V
1123 4694 1140 4737 ς
1191 4682 1225 4733 36
1243 4681 1582 4747 deponantpassiuitatemet

301 4758 402 4797 stimant
416 4750 568 4800 {intinitatem
582 4766 638 4799 eum
657 4764 673 4806 ς
687 4752 814 4816 deponant
827 4754 985 4816 passiuitntis
1000 4762 1024 4801 et
1040 4761 1142 4801 stimant
1160 4753 1294 4801 aetiuitatis
1306 4763 1332 4801 et
1346 4767 1403 4801 eum
1417 4753 1443 4801 V
1487 4748 1519 4800 39
1534 4763 1580 4795 mo·

302 4833 390 4867 tremor
414 4821 460 4873 Vr,-
506 4821 734 4875 innmnibuaVs
783 4821 814 4870 41
830 4820 902 4889 sunt]
920 4821 1057 4878 [ιιειιιιιις
1104 4823 1375 4889 aequeeapassiuas
1421 4816 1582 4873 idicem]

851 4986 858 5012 Ι
