3525 5600
731 373 803 434 ARS
1375 363 1415 427 73

1225 487 1246 528 p.
1261 477 1317 516 19³⁰.
1331 477 1354 514 al
1369 472 1391 512 1¹.

141 566 276 627 amantior
296 565 524 626 amantissimus.
555 559 633 641 quod
655 561 682 620 si
702 558 892 639 participium
915 563 1026 618 undam
1055 563 1146 626 esset,
1175 556 1416 636 conparationem

140 669 230 746 utique
268 684 329 726 non
363 665 519 744 reciperet
556 693 598 706 -
634 661 704 722 Sed
732 659 797 720 hos
828 657 1014 740 plurimae
1046 658 1225 719 lectionis
1257 656 1535 724 revincit388,ae

139 768 352 828 auctoritas:
387 765 573 826 verissimum
601 771 646 825 cst
679 771 712 823 ut
738 760 818 823 nulla
845 763 1002 841 participia
1028 763 1058 821 in
1086 758 1224 820 adverbia
1256 765 1416 826 transeant,
1516 769 1522 774 ·

139 871 185 930 nisi
204 866 256 928 illa
284 887 358 948 quae
386 875 416 928 et
443 866 670 946 cooperationes
691 873 815 943 possunt
835 864 984 942 accipere,
1008 870 1041 923 ut
1060 863 1119 922 iarn
1141 869 1301 942 potestates
1323 859 1417 922 nomi·

120 987 198 1040 auum
221 975 358 1040 teneant,
380 976 413 1029 ut
434 966 596 1047 neglegens
617 964 818 1044 neglegenter,
841 966 909 1046 quia
932 965 1002 1026 lacit
1024 963 1236 1042 neglegentior.

585 1135 634 1198 ou
656 1133 933 1198 courvuurmuu
958 1131 961 1213 ι

211 1257 436 1320 Coniunctis
470 1263 526 1317 est
556 1275 644 1337 pars
673 1255 855 1316 orationis
887 1253 1104 1314 adnectens:
1144 1253 1313 1314 coniunctio
1350 1251 1462 1313 ideone

138 1359 252 1428 dicitur,
282 1358 361 1440 quod
387 1357 518 1418 adnectit
544 1356 648 1425 verba:
676 1375 693 1417 a
721 1357 884 1416 conexione
912 1356 969 1416 vim
996 1372 1080 1416 suam
1113 1351 1202 1416 habet
1229 1353 1415 1415 declaratam.

138 1469 263 1541 potestas
285 1460 525 1521 coniunctionum
548 1467 608 1528 est,
639 1467 672 1519 ut
692 1459 834 1528 sciamus,
857 1475 932 1538 quae
955 1455 1136 1536 copulativae
1157 1464 1239 1544 suut,
1262 1475 1336 1536 quae
1358 1455 1417 1518 dis·

111 1563 276 1624 niunctivae
303 1568 334 1622 et
360 1560 506 1638 reliquae:
540 1559 629 1631 ordo,
657 1566 689 1620 ut
715 1560 856 1634 sciamus,
891 1559 1007 1638 quaudo
1038 1558 1263 1637 subiungamus,
1296 1555 1417 1636 'quando

137 1681 363 1744 praeponamus,
396 1663 513 1743 quaudo
546 1660 760 1741 subiungamus
793 1670 822 1721 et
853 1677 1086 1741 praeponamus:
1119 1663 1228 1740 ligura,
1257 1661 1324 1740 quia
1346 1678 1416 1720 con-

138 1767 313 1835 iunctiones,
337 1765 469 1844 quamvis
489 1771 558 1825 sunt
579 1762 743 1843 simplices,
766 1771 991 1844 conponuntur,
1015 1763 1092 1824 sicut
1113 1769 1143 1822 et
1164 1764 1292 1824 uomina.
1337 1763 1417 1842 equi·

138 1866 198 1926 dem
225 1864 276 1926 alii
304 1864 408 1926 dicunt
436 1864 512 1926 harre
533 1863 645 1926 habere
666 1864 927 1944 significationem,
951 1865 1025 1943 ‘ego
1047 1863 1203 1944 quidem’;
1233 1863 1285 1926 sed
1313 1861 1418 1925 melius

138 1969 210 2027 iuxta
237 1966 409 2030 Sallustium
434 1966 667 2045 intellegendum
693 1965 826 2048 quidem,
855 1974 889 2026 ut
907 1963 1100 2046 ¹conpositum
1128 1968 1166 2027 sit
1202 1964 1349 2046 equidem.
1380 1999 1414 2008 -

110 2065 323 2129 cdausales:
347 2068 526 2148 intellegitur
548 2069 637 2128 etiam
659 2068 716 2128 hoc
737 2065 835 2136 modo,
858 2067 930 2148 quid
952 2069 1070 2129 intersit
1092 2070 1170 2130 inter
1192 2067 1366 2129 rationalem
1389 2075 1461 2134 etal

138 2169 274 2232 causalem
301 2190 357 2251 per
384 2170 464 2231 hunc
491 2168 632 2230 colorem.
676 2167 759 2230 verlai
785 2171 879 2248 gratia
906 2171 930 2232 si
959 2168 1092 2232 dicamus
1115 2169 1236 2232 ‘occido
1258 2170 1416 2240 hominem,

138 2281 165 2331 ut
183 2271 281 2333 tollam
306 2270 348 2333 illi
371 2273 555 2352 pecuniam',
578 2289 665 2333 causa
682 2279 741 2342 est,
764 2269 816 2332 sed
831 2273 906 2332 ratio
929 2279 1054 2334 nonest
1080 2290 1135 2352 per
1163 2273 1417 2351 intemperantiam

139 2369 310 2453 {hominem
337 2373 489 2443 occidere;
522 2375 548 2434 si
575 2373 652 2434 addo
679 2377 753 2454 ‘per
780 2381 914 2442 noctem,
943 2392 982 2435 ne
1009 2371 1216 2454 deprehendar
1224 2376 1243 2444 ’‚
1267 2375 1341 2434 ratio
1364 2381 1416 2434 est.

138 2473 309 2554 copulativae
342 2474 439 2536 dictae
469 2477 708 2546 coniunctiones,
742 2493 818 2555 quae
853 2493 972 2554 semper
1004 2474 1142 2554 copulant
1176 2483 1205 2536 et
1236 2475 1420 2553 coniungunt

109 2573 292 2638 elocutiones
322 2571 369 2659 [ut
395 2577 629 2656 ‘primusque
656 2576 831 2639 ilaclaaon
858 2576 901 2638 Et
928 2576 1134 2638 lienelaus’
1163 2575 1221 2637 talc
1248 2583 1307 2646 est,
1335 2594 1372 2638 uc
1393 2578 1418 2636 si

138 2676 213 2738 dicas
233 2681 279 2738 ‘et
300 2678 417 2757 primus
437 2675 621 2760 ilachaon’].
653 2696 720 2739 nam
743 2679 769 2738 si
792 2677 858 2739 dico
880 2682 930 2739 ‘tu
950 2677 1026 2748 ille’,
1049 2685 1129 2740 stare
1151 2696 1210 2740 non
1232 2685 1339 2758 potest,
1361 2679 1418 2740 nisi

137 2779 219 2840 luerit
238 2779 339 2841 media
359 2779 542 2850 coniunctio,
564 2788 598 2843 ut
618 2785 668 2843 ‘tu
691 2787 722 2841 et
741 2779 819 2843 iilc’.
854 2798 927 2860 ergo
948 2779 1015 2843 ideo
1031 2779 1139 2842 dieitur
1153 2778 1327 2861 copulativa,
1351 2782 1417 2862 quia

138 2879 203 2941 duas
221 2890 324 2961 partes
351 2884 382 2943 iu
405 2881 571 2945 elocutione
592 2884 704 2962 optime
726 2884 888 2962 coniungit
915 2882 1090 2945 disiunctiva
1113 2884 1191 2943 enirn
1215 2882 1304 2945 verba
1326 2902 1417 2964 copu-

137 2979 186 3049 lat,
201 3000 303 3043 sensus
317 2983 468 3061 disiungit
492 2983 560 3045 ideo
582 2986 730 3047 contraria
752 2986 869 3065 species
889 2984 1006 3047 videtur
1028 2986 1229 3047 coniunctioni
1251 2986 1415 3048 disiunctio.

108 3082 290 3167 sseapletirae
308 3091 379 3160 sunt
399 3102 474 3164 quae
496 3083 612 3147 additae
626 3094 734 3149 ornant
755 3104 876 3149 sensum
903 3094 933 3147 et
959 3084 1075 3167 pondus
1102 3086 1246 3157 adiciunt,
1270 3088 1419 3150 detractae

139 3183 205 3245 nihil
228 3173 387 3265 derogant,
418 3194 451 3246 ut
479 3187 554 3247 ‘hoc
580 3188 668 3249 incito
695 3187 827 3258 saltem’,
856 3206 1018 3269 possumus
1040 3198 1070 3249 et
1091 3186 1169 3250 ‘hoc
1190 3188 1295 3250 lacito’
1318 3186 1420 3251 dicere

139 3284 242 3349 sublata
263 3289 481 3350 coniunctione.
510 3324 539 3333 -
562 3288 694 3351 Difficilis
716 3290 854 3352 discretio
877 3298 923 3351 est
943 3292 1021 3351 inter
1045 3290 1177 3353 causales
1200 3298 1230 3351 et
1250 3290 1417 3360 rationales,

139 3405 207 3465 quae
231 3408 278 3451 res
302 3386 306 3471 Ι
330 3390 426 3469 magis
455 3388 492 3452 ad
521 3388 714 3471 philosophos
740 3394 870 3472 pertinet
898 3400 928 3453 et
955 3399 1099 3454 oratores.
1137 3392 1215 3454 aliud
1244 3394 1323 3454 enim
1351 3401 1420 3454 sunt

140 3488 276 3560 musales,
305 3490 386 3553 aliud
413 3490 583 3553 rationales:
616 3500 715 3572 potest
747 3512 812 3555 esse
844 3494 924 3555 enim
953 3512 1055 3569 causa,
1084 3512 1158 3575 quae
1186 3495 1331 3555 rationem
1359 3514 1418 3557 non

110 3587 254 3660 schabest:
276 3594 353 3654 ratio
375 3595 441 3654 sine
462 3610 549 3655 causa
571 3612 633 3656 non
654 3603 751 3675 potest
773 3614 846 3657 esse.
885 3593 941 3656 alia
963 3594 1118 3659 discretio:
1142 3595 1194 3657 ubi
1218 3599 1326 3659 utimur
1349 3616 1417 3659 cau·

140 3690 253 3762 selibras,
276 3712 336 3754 nou
359 3694 472 3755 utimur
495 3691 509 3774 ll
531 3695 740 3766 rationalibus:
767 3696 818 3757 ubi
839 3698 1032 3759 rationalibus
1055 3699 1174 3769 utimur,
1197 3716 1353 3777 possumus
1376 3702 1419 3761 uti

141 3799 167 3852 et
186 3793 354 3856 causalibus.
378 3830 421 3841 -·
442 3795 620 3875 Namque,
644 3798 731 3868 nisi,
755 3800 828 3859 nisi
850 3801 895 3869 si,
919 3801 1028 3870 enim,
1058 3802 1209 3861 etenim:
1239 3802 1263 3861 si
1285 3810 1314 3863 et
1336 3802 1366 3861 ni
1388 3801 1518 3877 iu389,5

141 3896 261 3956 oratione
282 3914 445 3976 numquam
461 3916 518 3979 pro
533 3901 742 3961 coniunctione
764 3907 931 3981 ponuntur,
955 3903 1023 3980 quia
1045 3902 1194 3963 interdum
1218 3904 1294 3962 vices
1317 3922 1418 3964 earum
1444 3906 1452 3915 '

141 3999 307 4076 praepositio
328 4006 465 4079 occupat.
486 3999 653 4063 -Enim
676 4003 811 4063 etenim
831 4007 1033 4065 enimvero:
1058 3990 1131 4065 istae
1149 4010 1214 4065 tres
1236 4005 1447 4066 coniunctio-8

204 4234 359 4292 mum.
378 4236 625 4293 x118*-x1112.
679 4240 825 4307 lpeteataa
877 4241 1065 4308 5necglegena
1084 4244 1263 4309 uecglegenter
1317 4244 1417 4311 necgle-

144 4304 232 4365 gentior
301 4307 332 4357 ll
355 4309 546 4361 coniunctiones
565 4325 635 4363 eurr.
655 4311 849 4377 coniugatiouee
921 4313 953 4362 15
972 4310 1131 4378 rationalem]
1154 4314 1251 4361 ratione
1323 4313 1353 4364 17
1373 4328 1419 4381 per

143 4372 323 4439 intemperantia
340 4375 468 4427 homiuem
486 4380 601 4430 occidere
620 4395 652 4430 ue
673 4379 865 4446 depraehendar
885 4383 907 4431 si
927 4382 994 4431 adde
1012 4398 1058 4447 per
1077 4392 1173 4431 noctem
1193 4384 1255 4433 ratio
1276 4392 1315 4432 est
1385 4382 1418 4433 19

144 4442 285 4508 coniungant
335 4445 506 4498 wmenelaia
523 4450 572 4500 tale
587 4458 626 4499 est
642 4450 665 4499 ai
734 4451 766 4501 21
786 4448 847 4517 nisi]
868 4452 890 4502 si
943 4452 977 4502 ’25
996 4460 1066 4501 orant
1085 4466 1153 4503 corr.
1169 4456 1205 4505 ct.
1224 4469 1286 4501 aaran.
1300 4452 1418 4502 ordinant

146 4516 316 4633 'antiquandi
385 4515 420 4566 ’19
439 4519 503 4568 aliut
572 4518 693 4607 wratis
711 4519 849 4570 enimsiue
918 4518 952 4571 3⁶2
970 4521 1119 4571 iactationi
1190 4520 1224 4573 34
1242 4522 1308 4572 enim
1325 4524 1416 4572 etenim

209 4789 238 4838 1⁴
254 4790 324 4841 iuxta
341 4789 497 4859 Sallustium]
525 4793 597 4843 catil.
616 4794 660 4855 51,
680 4793 712 4844 15
727 4794 846 4859 equidem
863 4809 913 4862 ego
932 4796 970 4846 sic
986 4796 1116 4847 existimo:
1140 4796 1175 4860 cs.
1194 4794 1322 4847 Priscian.
1339 4800 1387 4850 cot.
1407 4797 1417 4845 l

144 4870 170 4917 p·
184 4857 231 4907 571
244 4858 273 4908 H
336 4859 370 4912 20
386 4860 544 4929 primusque]
566 4864 645 4929 Verg.
663 4863 728 4915 Aera.
746 4866 768 4915 ll
786 4864 838 4917 263
