3525 5600
323 398 385 465 418
893 400 1039 463 Puocan

348 525 370 566 p.
384 513 428 552 aso.
442 513 467 553 so
480 511 502 552 n.
1413 521 1436 562 p.
1449 511 1509 549 acea.
1521 509 1547 550 sc
1558 508 1580 548 r.

323 592 478 662 desinunt,
502 593 559 652 duo
582 599 650 652 sunt
672 577 828 652 masculini
851 591 984 666 generis,
1009 590 1057 649 bic
1080 592 1173 658 aries,
1197 590 1248 649 bic
1269 591 1386 668 paries;
1410 607 1503 648 unum
1524 589 1601 650 ferni·

322 697 401 766 nini,
429 696 502 756 baec
530 694 627 764 abies;
657 701 687 754 et
713 695 820 753 tertiae
848 699 917 752 sunt
945 691 1168 752 declinationis:
1206 693 1320 752 faciunt
1342 694 1424 752 enim
1446 693 1601 768 genitivum

322 800 424 858 arietis
445 799 569 876 parietis
591 795 707 858 abietis.

405 899 433 960 ls
455 899 568 978 syllaba
590 901 672 960 linita
694 899 874 978 praepositis
896 915 916 956 n
938 903 969 955 et
991 914 1007 954 c
1034 896 1267 956 consonantibus
1288 896 1446 957 masculini
1469 903 1537 956 sunt
1555 914 1600 973 ge·

321 1003 419 1070 neris,
443 1000 491 1060 hic
514 1003 614 1080 panis,
645 1002 694 1060 bic
716 1001 811 1068 lunis,
841 999 997 1068 bicinis,
1026 998 1076 1057 hic
1098 1000 1208 1068 amnis,
1237 999 1287 1058 bic
1310 1000 1405 1076 ignis,
1429 998 1479 1057 bic
1502 999 1619 1068 cluniss
1713 1048 1714 1057 ,

321 1103 369 1164 bic
392 1105 496 1182 piscia,
520 1103 570 1162 bic
593 1105 692 1164 lascis.
738 1119 830 1162 unum
851 1102 989 1162 leminini
1011 1109 1057 1161 est
1078 1104 1212 1177 generis,
1243 1101 1316 1160 baec
1339 1100 1495 1180 bipennis,
1518 1118 1599 1161 mum

321 1207 504 1273 communie,
534 1205 583 1264 bic
613 1214 641 1265 et
669 1205 742 1266 hacc
771 1205 863 1264 canis.
909 1204 1007 1263 omnia
1034 1211 1135 1262 tamen
1161 1205 1269 1264 tertiae
1292 1211 1362 1263 sunt
1390 1202 1597 1262 declinationis.

321 1315 351 1368 et
372 1308 422 1368 illa
450 1308 570 1385 generis
598 1315 666 1367 sunt
693 1305 867 1373 masculini,
897 1322 973 1384 quae
1000 1306 1031 1364 in
1053 1307 1185 1381 gerulivo
1206 1324 1266 1366 uria
1287 1304 1399 1384 syllaba
1423 1307 1597 1373 adcrescunt,

320 1416 352 1470 ut
374 1409 423 1470 bic
446 1409 521 1488 lapis
544 1409 664 1487 lapidis,
687 1409 736 1468 bic
758 1408 855 1487 pulvis
877 1407 1022 1486 pulveris,
1047 1407 1096 1467 bic
1111 1409 1231 1484 sanguis
1251 1410 1421 1484 sanguinis,
1445 1407 1495 1467 bic
1517 1409 1598 1466 vomis
1713 1478 1714 1481 Ἴ

320 1514 462 1580 vomeris,
486 1511 535 1570 hic
558 1513 634 1571 ciuis
657 1512 783 1578 cineris,
807 1509 856 1569 bic
879 1509 969 1588 pollis
991 1509 1123 1587 pollinis,
1147 1509 1196 1569 bic
1217 1508 1306 1588 pubis
1328 1509 1468 1588 puberis,
1491 1511 1538 1570 bic
1559 1512 1628 1568 in·n
1713 1508 1714 1577 j

319 1612 407 1692 pubis
436 1612 606 1692 inpuberis
637 1621 670 1674 ut
700 1611 816 1672 Tullius
844 1613 1062 1690 ‘liliumque
1092 1613 1171 1672 eius
1203 1611 1453 1690 inpubercm'.
1497 1631 1533 1671 ex
1558 1611 1599 1671 bis

319 1733 410 1775 unum
435 1710 438 1778 l
463 1721 561 1775 tamen
589 1716 695 1775 lemini
717 1721 763 1774 est
785 1715 918 1791 generis,
947 1712 1022 1774 hacc
1044 1716 1144 1792 cuspis
1166 1714 1308 1793 cuspidis.
1352 1722 1454 1774 cetera
1476 1713 1600 1792 qualibet

319 1825 500 1878 consonante
523 1819 549 1876 is
571 1817 714 1896 syllabam
735 1817 934 1896 praecedente
955 1817 1094 1875 feminini
1115 1818 1235 1892 generis
1257 1821 1327 1876 sunt
1348 1824 1379 1876 ct
1400 1815 1533 1876 eiusdem
1554 1815 1599 1876 de·

319 1919 503 1988 clinationis‚
527 1919 633 1980 tertiae
656 1919 785 1988 scilicet,
809 1920 1023 1980 nominativum
1046 1925 1077 1977 et
1098 1920 1262 1995 genitivum
1276 1937 1381 1997 parem
1402 1917 1550 1988 habentia,
1572 1925 1600 1977 ul

319 2022 393 2082 baec
416 2024 491 2090 avis,
515 2021 589 2082 baec
599 1998 729 2126 yblassiS,
753 2021 827 2081 baec
843 2022 949 2089 clavis,
973 2021 1046 2080 baec
1061 2023 1171 2090 turris,
1194 2021 1268 2080 baec
1283 2024 1405 2099 puppis,
1429 2021 1503 2082 baec
1518 2022 1628 2088 cutisu

319 2125 391 2184 hacc
418 2122 520 2202 pellis,
550 2124 623 2185 haec
649 2125 779 2193 securis,
810 2123 884 2182 baec
912 2125 1034 2192 messis,
1064 2123 1136 2183 baec
1159 2125 1256 2190 navis,
1284 2122 1358 2182 baec
1381 2123 1509 2192 scrobis,
1532 2123 1598 2182 baec

319 2224 432 2295 scobis,
456 2227 528 2286 baec
551 2225 631 2286 bilis.
677 2225 728 2286 sed
752 2228 777 2285 si
800 2231 868 2286 sunt
892 2227 1073 2294 accidentia,
1104 2226 1133 2285 id
1157 2224 1262 2285 estad
1285 2243 1395 2303 corpus
1417 2225 1462 2284 vel
1485 2225 1521 2285 ad
1542 2227 1597 2285 ani·

319 2345 400 2387 mum
422 2329 619 2405 pertinentia,
648 2330 786 2388 universa
815 2330 980 2387 communis
1007 2334 1076 2387 sunt
1098 2327 1218 2404 generis
1240 2335 1270 2387 et
1291 2329 1374 2387 tertii
1396 2327 1535 2387 simililer
1554 2345 1597 2385 or·

319 2429 398 2490 dinis
432 2436 461 2488 et
494 2434 600 2490 neutra
633 2447 668 2488 ex
696 2449 728 2490 se
757 2430 872 2488 faciunt
900 2449 916 2488 e
945 2429 1046 2490 littera
1073 2431 1231 2489 terminata
1259 2429 1335 2488 nibil
1362 2449 1378 2488 a
1407 2429 1596 2489 declinatione

318 2533 519 2591 communium
542 2531 756 2609 discrepantia,
779 2531 828 2590 hic
851 2539 880 2590 et
902 2531 976 2590 baec
998 2532 1084 2590 tortis
1106 2529 1195 2591 buius
1216 2533 1317 2600 tortis,
1342 2531 1396 2591 boc
1419 2532 1495 2590 forte
1516 2529 1627 2590 huiusce
1713 2607 1715 2613 y

317 2636 421 2703 lortis;
450 2632 499 2693 bic
531 2641 560 2693 et
587 2615 660 2693 baec
690 2634 786 2694 dulcis
814 2633 902 2693 banus
929 2633 1040 2702 dulcis,
1070 2632 1125 2691 boc
1154 2631 1239 2693 dulce
1261 2635 1350 2695 buius
1372 2633 1481 2702 dulcis;
1504 2633 1598 2692 hicet

317 2735 390 2796 baec
412 2736 510 2796 suavis
532 2736 620 2796 buius
642 2738 755 2806 suaviS,
783 2735 838 2794 hoc
861 2754 949 2795 suave
977 2735 1066 2794 buius
1092 2738 1199 2795 erraris.
1245 2743 1275 2795 et
1297 2754 1373 2816 quae
1396 2736 1596 2796 derivantura

317 2837 534 2917 principalibus
562 2840 588 2898 is
614 2838 726 2918 syllaba
754 2841 850 2907 linita,
880 2838 1005 2899 eandem
1031 2838 1164 2914 regulam
1191 2848 1371 2917 sentiuntur,
1400 2848 1432 2898 ut
1459 2836 1596 2915 apopulo

316 2941 366 3001 hic
396 2936 408 3023 b
438 2946 470 3000 et
497 2940 569 2999 baec
603 2940 754 3019 popularis
781 2940 869 3001 buius
898 2939 1050 3019 popularis
1084 2948 1113 2999 et
1140 2940 1195 2999 boc
1223 2941 1366 3019 populare
1394 2926 1483 3001 buius
1510 2958 1594 3018 popu-

317 3043 404 3111 laris,
439 3042 488 3102 bic
528 3047 557 3101 et
592 3040 665 3101 baec
699 3042 839 3121 specialis
871 3043 927 3102 hoc
959 3042 1089 3120 speciale
1122 3050 1152 3101 el
1184 3043 1304 3103 sinrilia.
1347 3050 1418 3102 sunt
1448 3050 1624 3121 praetereas

317 3162 410 3223 pauca
438 3146 557 3204 nomina
585 3143 687 3204 eadem
715 3145 846 3205 clausula
874 3145 995 3221 generis
1029 3143 1201 3218 masculini,
1234 3163 1310 3223 quae
1337 3162 1434 3224 raeque
1462 3162 1481 3202 n
1509 3150 1594 3203 autc

317 3252 385 3306 ante
408 3247 434 3306 is
456 3244 598 3323 syllabam
627 3243 751 3315 habent,
780 3264 835 3305 nec
871 3248 902 3305 in
929 3248 1058 3323 genitivo
1085 3246 1153 3324 plus
1181 3264 1239 3305 arna
1267 3246 1378 3325 syllaba
1399 3246 1590 3326 proteruntur,

316 3355 349 3408 ut
371 3348 420 3407 bic
447 3348 549 3417 fustis,
579 3349 628 3408 bic
655 3350 748 3417 cusia,
773 3348 826 3407 bio
854 3350 960 3435 ppstis,
990 3348 1038 3407 bic
1067 3348 1188 3424 anguis,
1216 3346 1265 3406 bic
1288 3352 1409 3426 unguis,
1439 3348 1486 3406 bic
1506 3346 1588 3412 cotis,

316 3449 365 3509 hic
387 3448 483 3519 follis,
506 3448 554 3508 hic
577 3449 691 3519 corbis,
715 3450 764 3509 bic
785 3453 911 3520 mensiS,
935 3450 983 3510 hic
1005 3452 1113 3519 vectis,
1136 3450 1186 3509 bic
1208 3452 1337 3529 torquis,
1360 3450 1410 3509 bic
1433 3451 1528 3516 torris,
1548 3448 1589 3508 bic

317 3552 394 3618 aris,
424 3550 474 3611 bic
501 3549 592 3611 orbis.
636 3558 757 3632 praeter
784 3553 857 3613 haec
885 3561 915 3612 et
948 3570 1022 3632 quac
1057 3554 1194 3631 superius
1226 3555 1393 3612 notavimus
1424 3554 1521 3612 omnia
1546 3555 1618 3609 aula

385 3793 401 3841 4
420 3792 442 3840 is
459 3788 556 3855 syllaba
575 3790 650 3842 Char.
671 3790 712 3850 41,
727 3790 769 3842 24.
789 3786 832 3851 88,
850 3788 894 3842 29,
914 3788 956 3847 29,
974 3788 1017 3840 20.
1036 3804 1095 3843 exc.
1111 3790 1185 3839 (ἶλαι.
1204 3790 1264 3851 542,
1282 3788 1324 3839 26.
1342 3789 1402 3853 555,
1421 3790 1455 3839 25

388 3981 399 4031 l
420 3980 540 4031 desinont
558 3978 690 4029 masculini
707 3976 749 4026 bic
767 3979 833 4028 aries
845 3980 870 4027 P
922 3977 938 4027 3
957 3978 1055 4031 abietis.
1074 3994 1101 4027 es
1118 3979 1266 4043 productam
1282 3985 1325 4026 aut
1342 3977 1587 4042 comptamnomiaa

318 4051 412 4101 babere
430 4050 616 4116 dignoscuntur
634 4064 679 4113 per
695 4048 859 4112 penultimam
879 4048 996 4114 genitiui.
1012 4048 1051 4096 sic
1068 4048 1149 4109 miles,
1165 4065 1193 4099 es
1211 4059 1353 4113 correptam
1368 4047 1463 4098 habere
1475 4047 1587 4113 dignosci·

314 4130 364 4183 tur,
387 4121 446 4184 quia
473 4118 638 4185 penultimam
655 4119 762 4184 genitiui
782 4126 923 4184 correptam
942 4117 1048 4179 babeat,
1066 4128 1094 4166 ut
1113 4118 1200 4177 miles,
1219 4117 1297 4167 huius
1311 4118 1413 4167 militis:
1432 4120 1468 4168 sic
1485 4116 1588 4166 hereses

315 4191 474 4257 productam,
493 4190 560 4251 quod
579 4186 744 4253 penultimam
760 4189 866 4255 genitiui
886 4188 1035 4254 productam
1054 4186 1152 4251 babeat,
1172 4197 1198 4236 ut
1216 4186 1289 4237 heres
1306 4188 1383 4236 buius
1399 4186 1507 4241 heredis,
1523 4194 1588 4249 atque

318 4261 344 4310 id
361 4262 396 4309 ita
416 4261 441 4308 ln
460 4260 577 4308 omnibus
597 4258 649 4307 fere
669 4258 853 4307 obseruandum
875 4266 927 4321 est,
948 4258 991 4306 ubi
1010 4258 1042 4307 de
1058 4257 1161 4306 ultimae
1177 4257 1290 4320 syllabae
1308 4259 1449 4320 quantitate
1465 4257 1587 4315 dubitatur,

315 4342 342 4379 ut
359 4331 384 4378 in
404 4329 557 4391 nominibus,
572 4330 606 4377 ita
627 4336 651 4376 et
668 4328 693 4375 in
713 4329 807 4377 uerbis.
827 4330 849 4377 is
861 4327 961 4391 syllaba
975 4329 1108 4378 ΡιιιιιΙιίιιε
1160 4326 1281 4394 bolanis]
1297 4322 1397 4391 clya'nis
1411 4328 1437 4375 P
1484 4326 1588 4389 dbipin·

317 4402 357 4448 nis
376 4400 402 4449 F
454 4398 600 4448 'lunamP
649 4397 682 4447 10
699 4397 741 4446 bic
759 4398 833 4463 punis
849 4399 953 4462 puueris
971 4398 1013 4447 bic
1031 4398 1134 4463 inpuuis
1153 4399 1265 4462 inpueris
1286 4407 1312 4445 ut
1329 4396 1508 4447 tulliustic
1525 4394 1587 4460 pubis

315 4470 418 4535 puberis
434 4478 461 4517 ιιι
477 4468 564 4517 tullius
580 4470 642 4523 Fe:
659 4468 710 4519 cte.
731 4470 755 4517 in
776 4469 849 4520 (tatu.
871 4466 911 4514 llll
930 4467 956 4526 6,
977 4468 1017 4518 13.
1037 4469 1072 4529 cf.
1095 4468 1174 4517 Prob.
1192 4469 1284 4517 calbol.
1304 4469 1346 4532 20,
1366 4470 1383 4518 4
1454 4468 1588 4532 inponerem

315 4540 340 4588 P
408 4538 438 4588 ll
462 4536 556 4603 lamen]
575 4546 671 4586 tanturn
690 4536 715 4585 F
781 4546 879 4587 esrom.
899 4538 924 4585 P
1007 4537 1587 4600 14ῃοιιιιιιιιιιωωοιςειιῑιιιιωιιςειισα.

314 4608 370 4657 PF
418 4610 449 4658 15
467 4607 530 4657 baec
548 4608 639 4657 classis
657 4606 804 4655 clauisPF
854 4606 887 4657 16
905 4605 968 4655 haec
983 4606 1067 4655 scobis
1085 4606 1148 4656 haec
1165 4605 1223 4654 bilis
1236 4608 1321 4656 om.P
1369 4608 1401 4656 17
1417 4603 1587 4657 animamPFs

314 4678 348 4729 20
366 4676 415 4726 boc
433 4676 497 4727 forte
517 4678 589 4728 fortia
604 4676 645 4725 bic
662 4687 686 4726 et
701 4676 763 4725 baec
781 4677 863 4726 dulcis
880 4685 905 4724 et
923 4672 962 4734 (et
973 4691 1019 4727 om.
1037 4676 1072 4736 P)
1087 4676 1136 4725 boc
1149 4676 1224 4725 dulce
1237 4676 1318 4725 dulcis
1337 4676 1378 4725 bic
1397 4686 1423 4726 et
1437 4675 1497 4723 baec
1510 4674 1587 4722 suauis

315 4754 339 4795 et
356 4744 395 4811 (et
411 4762 458 4796 ora.
476 4749 510 4805 F)
530 4746 576 4797 hcc
593 4762 672 4797 suane
691 4746 766 4795 buius
783 4748 871 4796 arianis
890 4746 943 4794 PF
996 4745 1030 4795 25
1048 4754 1072 4794 et
1084 4742 1187 4809 similia]
1208 4756 1233 4796 et
1252 4762 1316 4809 quse
1334 4747 1430 4796 similis
1446 4753 1502 4794 suut
1517 4744 1539 4791 F

315 4816 348 4867 ab
365 4817 469 4866 eandam
484 4816 659 4866 clausulamP
728 4815 819 4865 281110
838 4813 1132 4879 lustisbaecpostisP
1191 4815 1233 4863 bic
1252 4818 1346 4883 unguis
1363 4831 1410 4867 ora.
1428 4816 1453 4864 P
1506 4811 1586 4864 29111

315 4886 413 4949 torquis
431 4886 473 4935 hic
491 4888 558 4936 orbis
577 4894 707 4953 praeterea
725 4892 749 4935 et
767 4901 832 4949 quae
850 4886 968 4952 superius
987 4886 1173 4936 nominauimus
1188 4886 1214 4935 F
