3525 5600
724 346 796 410 aus
1367 341 1406 406 11

1210 451 1379 508 preaesse.

117 533 219 614 gradus
231 554 353 616 semper
368 537 488 616 generis
504 537 670 612 communis
687 543 742 597 est
756 569 797 582 -
809 533 992 598 Ablativo:
1008 535 1103 598 tribus
1115 533 1233 596 casibus
1249 535 1346 604 servit,
1368 533 1397 594 id
1410 541 1469 604 355,
1485 541 1515 590 ta

118 647 155 698 eat
167 636 306 708 ablativo,
325 641 453 718 septimo
471 641 561 709 casui,
577 646 606 700 et
620 639 800 700 nominativo
815 637 928 699 adiecta
946 655 1033 717 quam
1045 635 1199 716 particula.
1214 671 1255 682 -
1265 637 1309 698 Su
1319 655 1337 715 p
1347 656 1403 698 er·
1421 653 1452 700 aa
1560 627 1562 630 ⁵

116 740 437 818 lativusgenetivo
452 739 755 819 tantumplurali:
774 740 932 801 dicimus
947 741 1043 801 enim
1057 738 1297 800 doctissimus
1315 740 1403 800 ami·

116 861 252 903 corum:
271 849 300 902 et
315 851 387 904 tunc
402 844 459 904 boc
474 844 610 914 dicimus,
626 842 745 922 qnando
760 841 887 921 aliquem
905 842 941 904 de
957 848 1058 904 nostro
1074 859 1183 920 genere
1199 848 1250 904 aut
1261 841 1298 902 de
1310 840 1407 921 aliqua

94 944 297 1024 sprolvmione
311 946 518 1023 significamus.
549 945 729 1023 singularem
745 953 844 1006 autem
860 963 1017 1006 numerum
1032 945 1072 1006 ita
1088 943 1228 1014 admittit,
1245 945 1270 1004 si
1285 945 1406 1023 positio·

115 1064 177 1108 nem
192 1045 302 1107 babeat
318 1045 507 1124 singularem,
526 1046 710 1108 intellectum
726 1045 880 1127 pluralem,
900 1053 933 1107 ut
948 1040 1126 1108 fortissimus
1141 1046 1261 1108 Troiani
1276 1047 1403 1124 generis.
1428 1089 1430 1095 ,

115 1147 222 1208 -Est
237 1149 463 1227 epicoenon:
480 1151 558 1210 inter
574 1151 738 1229 epicoenon
754 1157 784 1210 et
798 1167 956 1210 commune
971 1148 1027 1209 boo
1043 1150 1176 1210 interest.
1201 1165 1357 1210 commune
1373 1150 1403 1210 in
1418 1163 1448 1213 tt

114 1248 242 1310 articulis
264 1249 324 1311 duo
345 1268 456 1328 genera
475 1249 481 1332 l
500 1250 741 1332 comprehendit;
770 1250 897 1312 dicimus
925 1250 1003 1312 enim
1033 1249 1080 1310 laic
1104 1257 1133 1310 et
1154 1249 1228 1311 baec
1250 1250 1404 1310 sacerdos:

115 1356 274 1430 epicoenon
291 1370 399 1421 unum;
415 1353 541 1414 dicimus
556 1355 636 1416 enim
651 1352 699 1413 laic
714 1370 817 1432 passer
832 1359 862 1413 et
876 1351 950 1414 baec
962 1351 1068 1433 aquila.
1083 1385 1117 1396 —
1133 1351 1272 1424 Quibus
1287 1352 1403 1413 modis
1415 1368 1446 1416 at

85 1457 256 1518 unomina
279 1456 561 1534 conponuntur?
582 1454 660 1516 llll.
684 1473 726 1517 ex
741 1453 885 1518 duobus
901 1456 1108 1534 corruptis:
1124 1456 1186 1534 ipsa
1202 1435 1321 1516 domina
1337 1456 1405 1515 sim·

116 1557 194 1636 plicia
210 1566 283 1618 sunt
297 1573 376 1633 quoe
391 1575 427 1617 ex
441 1556 556 1618 duobus
571 1559 721 1636 corruptis
742 1563 894 1626 constant;
919 1575 995 1636 qnae
1019 1575 1055 1616 ex
1077 1565 1217 1635 corrupto
1238 1564 1268 1617 et
1290 1558 1406 1635 integro

114 1657 155 1718 vel
177 1677 211 1719 ex
235 1659 356 1738 integro
378 1667 408 1720 et
429 1669 569 1738 corrupto
592 1655 637 1720 vel
659 1657 830 1720 exdnobus
850 1661 974 1737 integris
996 1659 1120 1728 luerint,
1144 1661 1307 1738 composita
1323 1667 1400 1721 suot.
1415 1675 1447 1722 22

114 1795 151 1804 -
169 1762 381 1822 Vtellicaxz
404 1780 459 1840 pro
475 1763 621 1830 alliciens,
644 1760 803 1822 adfaciem.
819 1795 861 1804 --
882 1763 924 1821 Vt
946 1759 1207 1839 nugigerulus:
1232 1779 1286 1840 pro
1301 1775 1449 1839 nugasat

190 1866 214 1924 A
227 1862 283 1923 vel
295 1882 329 1934 o,
342 1871 461 1942 praeter
473 1863 583 1926 deabus
592 1863 737 1924 mimabus
750 1861 884 1923 mulabus
897 1861 1035 1925 asinabus
1048 1861 1178 1943 equabus
1190 1861 1314 1932 filiabus,
1327 1881 1402 1944 quae
1415 1879 1474 1940 aaa,
1487 1880 1517 1928 31

85 1987 105 2025 a
117 1984 198 2028 causa
213 1984 306 2026 sexus
322 1964 456 2026 anomala
477 1973 561 2034 sunt,
585 1966 729 2026 luerint
751 1965 970 2054 terminata,
994 1971 1024 2026 nt
1044 1965 1125 2026 blusa
1140 1965 1289 2026 llusavum
1305 1965 1405 2036 ldusis,

116 2067 575 2147 genetivumpluralemin
590 2085 668 2129 rum
684 2065 1348 2136 mittunt,dativumetablativumiu
1364 2069 1404 2128 is.

114 2169 312 2248 intellegimus
327 2171 424 2240 etiarn,
441 2155 560 2250 quando
575 2177 723 2249 correpta,
740 2167 859 2248 quando
874 2167 1019 2248 producta
1036 2170 1104 2230 site
1125 2167 1223 2230 littera
1234 2169 1263 2230 iu
1281 2167 1406 2232 ablativo

114 2270 266 2350 singulari:
296 2279 436 2351 correpta
459 2279 517 2342 est,
541 2273 567 2333 si
589 2291 654 2333 eam
678 2273 734 2347 liu
756 2272 893 2348 genetivo
909 2268 1015 2349 plurali
1030 2289 1090 2331 non
1106 2270 1225 2339 reddat,
1250 2279 1284 2332 ut
1298 2270 1335 2333 ab
1350 2271 1407 2332 boo

116 2392 236 2453 corpore
270 2391 446 2453 corporum,
481 2372 606 2435 muliere
638 2371 811 2442 muliemm;
841 2374 867 2433 si
901 2379 1000 2434 autem
1035 2391 1070 2432 ex
1105 2371 1231 2432 ablativo
1263 2371 1407 2450 singulari

85 2495 144 2538 vose
163 2478 194 2536 in
215 2478 356 2554 genetivo
376 2473 487 2556 plurali
501 2475 677 2545 detinuerit,
699 2475 843 2557 producta
859 2481 919 2544 est,
942 2481 975 2536 ut
989 2473 1026 2534 ab
1042 2473 1097 2534 heo
1112 2475 1211 2554 specie
1227 2477 1405 2554 specierum,

116 2576 149 2638 ab
161 2577 216 2638 hae
230 2595 267 2639 re
279 2595 391 2638 rerum.
408 2612 443 2624 —
461 2578 525 2639 Sie
540 2584 731 2656 correpta:
749 2596 764 2638 e
780 2583 949 2656 correptam
964 2575 1034 2637 binc
1050 2575 1193 2646 advertes,
1209 2577 1234 2636 si
1249 2577 1403 2654 genetivus
1415 2595 1447 2644 34

115 2681 139 2739 is
152 2679 241 2740 luerit
255 2680 447 2750 terminatus,
464 2688 497 2741 ut
511 2678 600 2741 buius
613 2680 750 2760 parietis:
767 2681 792 2740 si
807 2687 906 2740 autem
922 2680 953 2740 in
969 2680 997 2740 ei
1018 2679 1141 2770 miserit,
1159 2696 1175 2738 e
1190 2677 1333 2757 producta
1350 2685 1404 2748 est,

116 2781 197 2844 buius
211 2781 272 2843 diei
286 2781 395 2843 barum
409 2781 540 2850 dierum,
563 2789 593 2843 et
606 2782 690 2862 siqua
705 2780 782 2843 talia.
803 2816 837 2827 -
863 2781 900 2843 Si
914 2800 978 2862 pro
987 2780 1111 2843 ducta:
1129 2786 1161 2842 nt
1175 2780 1290 2861 species
1305 2781 1401 2860 speci·
1415 2800 1448 2850 ³5

117 2902 202 2945 evum.
222 2918 260 2927 —
278 2885 467 2945 Geminata
483 2902 502 2945 u
518 2883 665 2945 littera:
683 2893 825 2946 utcornu
841 2902 995 2947 cornuum.
1016 2918 1050 2929 -
1070 2884 1183 2946 Casus
1198 2885 1473 2964 nominummaa,
1487 2903 1519 2952 25

85 3004 196 3047 scasas
216 3005 234 3047 a
258 2986 393 3047 cadendo
415 2986 500 3056 dieti,
528 2985 607 3066 qaod
629 2986 718 3047 alium
741 3004 840 3047 casnm
864 2986 1079 3047 demonstrent.
1119 2984 1253 3069 [qvvartae
1276 2984 1405 3047 declina·

115 3086 212 3169 tionis]
235 3090 390 3167 genetivus
404 3088 562 3167 singularis
577 3089 603 3149 si
617 3087 723 3149 similis
738 3088 826 3149 luerit
853 3090 1047 3159 nominativo,
1073 3097 1103 3149 et
1122 3088 1285 3149 vocativum
1301 3105 1404 3167 parem

117 3188 245 3261 babebit,
268 3191 438 3267 genetivum
459 3188 605 3271 pluralem
628 3192 659 3251 in
681 3209 751 3251 uum
774 3192 877 3260 mittit,
901 3190 1029 3253 dativum
1054 3197 1082 3251 et
1110 3190 1266 3251 ablativum
1289 3193 1320 3251 iu
1342 3192 1405 3267 dm,

117 3289 160 3350 hic
179 3291 289 3353 tinctus
311 3292 399 3353 buius
419 3291 525 3353 linctus
545 3292 653 3353 borum
668 3292 809 3353 fluctuum
829 3288 834 3373 Ι
854 3290 948 3353 biset
970 3291 1006 3353 ab
1022 3293 1067 3354 his
1082 3291 1228 3354 fluetibus.
1267 3294 1291 3354 si
1307 3300 1405 3360 autem

118 3391 263 3453 dissimilis
285 3393 377 3454 tuerit
397 3395 549 3472 genetivus
571 3412 587 3455 a
610 3395 804 3463 nominativo,
828 3396 990 3455 vocativum
1014 3396 1045 3457 in
1067 3414 1083 3457 e
1106 3394 1211 3463 mittit,
1235 3396 1403 3472 genetivum

88 3518 108 3553 a
119 3494 258 3572 pluralem
280 3497 311 3554 iu
334 3513 411 3564 rvvnv,
434 3494 562 3556 dativum
578 3503 608 3557 et
628 3495 787 3557 ablativum
802 3498 833 3557 iu
855 3498 896 3567 is,
921 3477 999 3557 docti
1014 3496 1120 3558 borum
1137 3496 1292 3557 doctorum
1307 3494 1352 3557 bis
1375 3504 1405 3557 et

119 3594 150 3654 ab
170 3595 215 3656 bis
236 3596 342 3657 doctis.
380 3597 432 3658 sed
455 3604 485 3657 et
506 3598 603 3657 varius
624 3596 773 3657 interdum
796 3600 958 3660 vocativum
981 3600 1011 3659 in
1034 3600 1043 3657 i
1067 3599 1170 3668 mittit,
1199 3599 1267 3677 quia
1295 3617 1402 3660 secuu-

120 3696 167 3756 dae
188 3696 412 3769 declinationis,
435 3709 468 3759 ut
491 3697 615 3767 Salusti;
640 3700 754 3778 antiqui
776 3700 806 3759 in
830 3718 878 3767 us,
902 3707 935 3761 ut
954 3700 1091 3777 Virgilius

180 3936 343 3987 CodBern.
366 3934 493 3988 tat-5.
567 3936 816 3987 lablatibistribus
886 3938 965 3987 seruit
983 3946 1007 3987 et
1027 3938 1135 3987 ablatibo
1206 3940 1402 4006 bsivvgularem

119 4014 193 4053 autem
216 4005 332 4054 itamiuis
356 4007 378 4055 si
447 4007 524 4054 leat
545 4009 694 4071 epicoenum
719 4006 880 4069 (rorr.·-on)
900 4008 964 4056 inter
986 4008 1136 4073 epicoenum
1159 4007 1237 4073 (corr.
1258 4010 1317 4070 -onl
1387 4012 1404 4060 ll

120 4076 260 4137 epicoenum
278 4090 349 4126 corr.
367 4090 413 4124 -ou
486 4074 515 4125 ll
540 4084 648 4125 svvotex
721 4076 751 4126 17
775 4076 947 4143 intellegimus
965 4088 989 4127 et
1008 4079 1030 4128 si
1049 4078 1150 4140 quando
1220 4077 1264 4144 sit]
1284 4080 1334 4129 siut

120 4145 149 4192 '20
164 4144 305 4194 detenuerit
374 4146 522 4195 auream.
595 4148 616 4195 si
642 4148 1033 4211 ecorrepvaecovveptalvinc
1052 4149 1187 4198 aduertens
1257 4150 1291 4199 ‘2⁸2
1310 4146 1342 4213 is]
1363 4149 1403 4199 lus

178 4212 331 4278 asuerum]
352 4230 422 4263 arum
493 4216 525 4263 '24
541 4218 669 4281 genuinam
686 4217 710 4265 ai
729 4217 812 4266 littera
865 4218 998 4267 ‘lbdictus
1057 4218 1334 4267 ‘adnominatiuumet

121 4284 187 4333 ‘liin
207 4287 316 4336 bustim.
389 4283 654 4339 28biolletuseorr,
675 4285 716 4335 lue
735 4286 826 4335 lluctus
895 4288 1077 4338 'llluoratiuus
1148 4289 1282 4355 genetiuus
1298 4288 1403 4353 pluralis

180 4355 214 4404 30
232 4356 335 4404 dutinus
353 4364 378 4404 et
394 4355 522 4405 aivlatinus
540 4357 565 4404 iu
583 4355 623 4405 bis
636 4356 717 4405 doctis
731 4356 819 4435 luorum
891 4355 922 4407 31
944 4357 999 4424 sed]
1016 4360 1052 4407 sic
1124 4360 1254 4407 noceamus

126 4475 308 4485 --———.-..-
318 4478 415 4484 ...ψ-η

182 4560 213 4611 13
226 4564 342 4623 sortasse
362 4570 388 4609 at
406 4560 498 4609 eliicax
516 4576 562 4626 pro
581 4561 703 4625 alliciens,
724 4571 750 4611 nt
767 4562 934 4627 nugigerulus
953 4579 999 4628 pro
1013 4580 1095 4631 nugas
1113 4563 1231 4613 avllereus
1283 4564 1313 4615 14
1327 4566 1404 4615 uerba

123 4630 261 4687 perambula
282 4638 309 4680 et
322 4648 339 4680 a
356 4646 403 4681 mo
416 4634 470 4681 loco
488 4640 583 4681 remota
601 4634 626 4681 iu
641 4636 728 4682 iustam
744 4634 855 4682 ordinem
868 4636 905 4683 ita
919 4636 1034 4685 uidentur
1050 4634 1206 4684 restituenda
1219 4648 1283 4697 esse,
1299 4650 1314 4683 a
1331 4639 1370 4685 vel
1389 4652 1403 4685 o

125 4696 207 4749 suerint
222 4702 374 4763 terminate,
393 4706 537 4766 genetivum
557 4702 681 4767 pluralem
700 4704 724 4752 iu
744 4718 798 4751 rum
824 4704 937 4765 mittunt,
955 4705 1068 4753 dativum
1086 4714 1110 4753 et
1127 4704 1263 4753 ablativum
1282 4706 1306 4754 in
1324 4708 1355 4765 is,
1378 4715 1403 4755 ut

125 4766 185 4818 ilvae
206 4769 335 4820 linearum
361 4770 455 4826 blasio,
476 4783 578 4837 praeter
598 4773 695 4822 deabus
718 4774 844 4822 mimabus
870 4774 986 4825 nvnlabus
1009 4774 1130 4823 asinabus
1155 4775 1269 4836 equabus
1292 4774 1402 4841 filiabus,

125 4853 179 4897 <qaae
195 4855 272 4889 eausa
287 4855 368 4891 sexus
385 4843 500 4894 anomala
517 4850 584 4891 sunt.
605 4842 665 4892 bine
684 4842 857 4909 intellegimus
927 4843 961 4894 32
981 4842 1117 4911 Virgilius]
1135 4842 1199 4893 Aea.
1217 4844 1276 4894 illl
1296 4846 1328 4896 tt
