3525 5600
226 443 228 448 ’
334 421 398 487 508
878 421 1080 486 AVGVSTlNl

361 545 382 585 p.
397 533 501 574 1992-94
515 531 538 572 P.

420 612 583 673 Dicendum
613 610 649 670 de
678 611 820 670 infinitis:
848 627 959 687 genere
978 610 1141 672 masculino
1162 611 1214 689 qui
1236 612 1321 672 cuins
1342 610 1393 671 cui
1420 629 1503 690 quem
1520 633 1535 672 o
1551 619 1590 695 qui
1694 672 1695 691 ,

336 719 352 759 a
383 716 441 778 quo
474 700 525 776 qui
559 714 684 775 quornm
718 697 786 775 quis
818 695 864 756 vel
897 694 1020 774 quibus,
1059 704 1092 756 ut
1127 695 1270 774 Virgilius
1304 697 1407 775 ‘quis
1439 706 1517 758 ante
1544 719 1592 760 ora

335 786 506 863 patrum’,
546 799 619 861 quos
652 783 746 860 oqui
779 799 796 842 a
830 779 940 860 quibus
976 776 981 861 1
1014 782 1157 841 feminino
1194 798 1304 859 genere
1340 799 1416 862 quae
1452 783 1527 842 cuius
1554 787 1591 845 cui

334 886 421 948 quam
451 886 468 926 o
495 885 569 946 quae
596 885 612 926 a
639 883 697 946 qua
724 883 798 945 quac
826 883 951 946 quarum
978 867 1046 945 quis
1074 885 1147 946 quas
1175 885 1192 926 o
1219 885 1295 946 qnae
1317 865 1478 946 aquibus,
1504 885 1592 944 genere

335 960 440 1014 neutro
467 951 545 1031 qued
572 952 658 1012 euius
684 952 731 1011 eui
760 951 838 1030 qued
865 969 883 1010 o
910 950 988 1030 quod
1011 969 1027 1010 a
1049 970 1107 1031 quo
1129 970 1205 1031 quae
1226 969 1353 1031 quorum
1374 953 1442 1030 quis
1469 949 1524 1028 (sed
1546 955 1608 1014 iarns
1695 968 1696 1009 t

333 1036 495 1098 secundum
524 1055 609 1098 usum
643 1035 751 1117 quibus
778 1034 914 1114 dicimus)
943 1053 1018 1114 quae
1046 1055 1064 1096 o
1091 1055 1167 1116 quae
1195 1055 1211 1096 a
1239 1035 1359 1115 quibus.
1414 1037 1520 1115 antiqui
1541 1041 1593 1116 quis¹

334 1140 443 1201 genere
477 1123 624 1182 communi
662 1122 815 1191 dixerunt,
852 1119 901 1180 llic
938 1127 967 1181 et
1003 1122 1077 1182 baec
1105 1123 1188 1201 quis,
1225 1121 1315 1182 buius
1346 1122 1423 1200 quis,
1456 1121 1518 1181 bule
1544 1126 1592 1201 qni,

334 1209 412 1268 hunc
441 1215 471 1267 et
497 1207 573 1268 banc
600 1225 702 1286 quern,
736 1224 753 1265 o
781 1207 862 1285 quiS,
897 1204 934 1266 ab
961 1203 1017 1265 hoc
1044 1214 1075 1267 et
1103 1206 1140 1267 ab
1168 1207 1223 1267 hac
1244 1208 1307 1285 qui.
1363 1205 1433 1266 inde
1461 1208 1532 1267 venit
1554 1207 1592 1267 ab·

334 1293 440 1354 lativus
461 1294 564 1352 exiens
592 1294 623 1352 in
652 1289 722 1360 bns,
751 1292 857 1370 aquis
879 1296 977 1351 autem
1000 1289 1145 1352 ablativus
1171 1291 1297 1372 pluralis
1323 1290 1362 1352 ab
1389 1289 1511 1351 ablativo
1533 1295 1595 1352 venit

335 1381 386 1458 qui
410 1379 470 1438 exit
492 1379 523 1437 in
546 1396 579 1447 o,
608 1394 666 1457 quo
695 1375 781 1437 modo
803 1378 834 1435 ln
857 1374 959 1453 regula
981 1378 1133 1436 nominum
1155 1376 1301 1437 ablativus
1321 1394 1390 1435 cum
1412 1376 1620 1443 anarrinon

335 1464 476 1524 dativum
492 1461 638 1543 pluralem
665 1463 696 1521 in
719 1463 746 1522 is
767 1461 873 1530 mittit,
902 1467 935 1521 ut
956 1479 973 1522 a
995 1462 1074 1522 iusto
1096 1461 1198 1531 iustiS,
1227 1480 1243 1520 a
1266 1460 1353 1521 docto
1377 1459 1484 1529 doctis,
1510 1479 1595 1540 aper·

334 1549 412 1608 lecto
434 1547 591 1626 perlectis,
616 1565 632 1606 a
654 1545 803 1606 lortunato
825 1545 994 1606 tortonuts.
1032 1563 1119 1623 ergo,
1142 1554 1176 1606 ut
1189 1547 1328 1624 superius
1342 1545 1421 1614 dixi,
1444 1546 1594 1624 antiquitis
1696 1578 1697 1581 =

334 1639 364 1694 et
386 1632 459 1692 haec
474 1633 542 1712 quis
554 1631 707 1701 dixerunt,
732 1638 762 1690 ct
783 1649 841 1710 que
863 1630 951 1690 modo
972 1632 1003 1690 in
1025 1630 1196 1691 numinibus
1218 1631 1267 1691 bic
1289 1638 1319 1691 et
1340 1630 1415 1690 haec
1436 1630 1540 1700 similis
1557 1631 1594 1690 bic

335 1725 364 1778 et
386 1717 458 1778 haee
481 1716 583 1794 agilis,
605 1714 656 1776 hie
678 1723 708 1776 et
730 1715 802 1777 baec
824 1715 938 1786 laellis,
961 1717 1006 1776 sic
1027 1718 1060 1776 in
1081 1714 1309 1796 pronomInibus
1328 1715 1379 1776 bic
1400 1722 1431 1774 et
1451 1714 1518 1774 haee
1535 1717 1594 1794 quis

334 1801 370 1864 ab
398 1802 454 1863 hoe
482 1809 513 1861 et
541 1800 577 1861 ab
605 1800 661 1860 bac
687 1803 749 1880 qul.
799 1799 867 1861 inde
890 1800 1047 1878 Virgilius,
1076 1819 1143 1862 eum
1171 1800 1208 1860 de
1234 1801 1315 1860 socia
1337 1799 1475 1862 Camillae
1495 1799 1621 1868 diceretis
1696 1794 1697 1839 t

334 1889 376 1948 ait
399 1887 563 1967 ‘quicum
586 1886 725 1965 partiri
749 1889 883 1955 curas’,
908 1885 938 1946 id
960 1893 1006 1946 est
1028 1904 1095 1946 cum
1118 1904 1176 1966 qua
1197 1886 1306 1965 partiri
1326 1903 1424 1946 curas.
1467 1886 1597 1945 itemsunt

335 1972 393 2033 alia
422 1972 553 2032 indulta:
583 1978 664 2039 uter,
693 1977 724 2030 et
751 1969 919 2031 declinatur
945 1978 1012 2030 uter
1035 1973 1132 2032 utrius
1157 1973 1218 2031 utri
1241 1978 1340 2031 utrum
1361 1989 1379 2030 o
1400 1977 1468 2030 uter
1492 1969 1525 2030 ab
1544 1977 1596 2030 utro

333 2058 393 2117 utri
421 2063 556 2116 utrorum
584 2058 660 2116 utris
688 2062 770 2114 utros
797 2073 814 2114 o
842 2057 903 2115 utri
930 2053 967 2116 ab
993 2058 1079 2116 utris.
1128 2055 1198 2115 inde
1225 2055 1323 2116 addita
1351 2056 1383 2114 in
1419 2057 1597 2133 corspositiene

333 2159 390 2221 que
418 2139 526 2220 syllaba
554 2141 627 2200 lacit
652 2146 777 2220 uterque
806 2147 836 2201 et
863 2141 1011 2218 significat
1039 2139 1157 2210 ambos:
1193 2147 1224 2200 et
1252 2146 1351 2200 tanim
1378 2139 1516 2216 singulari
1538 2157 1597 2199 sono
1697 2194 1698 2199 ,

333 2234 392 2295 est,
416 2226 468 2287 sed
491 2226 706 2304 significatione
729 2224 818 2286 duali.
864 2243 931 2286 nam
952 2243 1021 2285 cum
1042 2226 1118 2286 dixit
1139 2224 1281 2303 Virgilius
1606 2241 1624 2278 n
1697 2286 1698 2309 ,

485 2311 659 2371 constitit
681 2313 716 2370 in
739 2310 880 2388 digitos
903 2310 1087 2390 extemplo
1110 2318 1284 2371 arrectus
1305 2317 1476 2388 uterque,

333 2397 391 2456 duo
419 2396 576 2472 significati
603 2402 685 2466 sunt,
714 2413 781 2455 cum
810 2395 921 2455 dixerit
951 2402 1093 2476 uterque;
1129 2414 1197 2456 cum
1224 2403 1323 2456 antem
1351 2402 1496 2464 arrectus,
1521 2392 1599 2454 noluit

333 2489 467 2561 spectare
495 2480 707 2560 pluralitatem,
736 2487 769 2540 ut
797 2481 834 2540 sit
856 2481 888 2540 in
909 2479 1016 2559 plurali
1045 2482 1174 2560 utrique.
1224 2480 1277 2540 sed
1303 2480 1361 2541 hoc
1382 2482 1516 2548 interest,
1542 2481 1597 2556 quia
1697 2488 1698 2491 ’

333 2573 472 2645 uterque,
500 2565 570 2626 licet
591 2564 649 2626 duo
671 2565 832 2643 significet,
860 2573 960 2625 tamen
981 2564 1060 2626 solos
1081 2565 1155 2635 duo:
1183 2567 1302 2644 utrique
1325 2572 1425 2625 autem
1449 2564 1504 2624 duo
1522 2563 1597 2640 signi·

333 2653 415 2721 licat,
439 2649 489 2712 sed
513 2652 556 2711 sic
578 2658 609 2710 ut
632 2652 663 2710 in
685 2649 810 2727 singulis
831 2649 917 2710 multi
939 2651 1013 2710 sint:
1042 2651 1068 2710 sl
1091 2649 1187 2710 dicam
1210 2651 1345 2729 ‘utrique
1368 2652 1532 2717 exercitus,
1552 2647 1625 2706 dnos

333 2737 482 2815 significo,
505 2735 557 2795 sed
579 2736 622 2796 sic
644 2738 675 2797 in
699 2734 823 2813 singulis
845 2734 962 2796 turbam
985 2733 1117 2813 intellegi
1139 2735 1213 2796 volo.
1251 2735 1324 2796 lraec
1345 2733 1465 2816 quidem
1480 2733 1598 2794 distincta
1698 2801 1699 2816 ἶ

333 2829 415 2891 sunt,
439 2821 490 2881 sed
513 2823 622 2881 iterum
644 2824 819 2883 auctoritate
842 2820 963 2881 eoniusa
985 2829 1063 2882 sunt.
1100 2840 1168 2881 narn
1190 2839 1257 2881 cum
1280 2822 1321 2881 ait
1335 2820 1474 2898 Virgilius
1494 2819 1599 2897 ‘super
1698 2834 1700 2838 ’

333 2916 492 2986 utraque
508 2914 658 2985 quassat
673 2911 866 2985 tempora’‚
883 2905 1029 2966 contudit:
1045 2905 1146 2966 dicere
1163 2907 1244 2967 enim
1259 2905 1364 2967 debuit
1383 2909 1484 2985 ‘super
1502 2912 1598 2964 uuun-
1698 2951 1699 2964 ,

333 3010 390 3072 que
406 2994 543 3071 tempus’.
567 2988 743 3071 loquebatur
757 2993 837 3051 enirn
853 2990 890 3051 de
905 2989 1021 3052 dnobus
1035 2989 1220 3071 temporibus
1235 2998 1359 3060 tantum,
1377 2993 1427 3051 cui
1441 2987 1598 3067 utrumque!
1698 3003 1699 3026 ³

332 3085 450 3156 tempus
472 3075 651 3145 suldeiebat,
676 3084 707 3137 ut
729 3076 843 3136 diceret
865 3078 968 3155 ‘super
990 3084 1149 3155 utrumque
1170 3081 1289 3155 quassat
1311 3078 1451 3155 tempus'.
1492 3090 1555 3151 crgo
1573 3080 1627 3131 uto
1698 3075 1699 3102 ³

334 3162 544 3223 declinavimus
573 3160 767 3221 masculinum
802 3178 979 3240 pronomen,
1014 3162 1057 3221 sic
1084 3161 1261 3222 femininum
1289 3160 1515 3228 declinabimus,
1544 3166 1599 3217 utra

333 3246 456 3315 mulier,
486 3247 582 3313 utrius
612 3246 761 3316 mulieris,
791 3247 850 3305 utri
878 3246 1013 3317 mulieri,
1042 3255 1140 3307 utram
1167 3245 1338 3315 mulierem,
1366 3264 1384 3305 o
1411 3253 1477 3306 utra
1497 3242 1598 3307 mulier.

333 3330 370 3393 ab
398 3340 463 3392 utra
492 3331 630 3401 muliere,
660 3340 744 3393 utrae
772 3330 927 3400 mulieres,
959 3338 1091 3391 utrarum
1119 3330 1293 3400 mulierum,
1329 3332 1405 3392 utris
1431 3326 1597 3393 mutorum

333 3424 416 3477 utras
438 3415 593 3485 mulieres
617 3436 634 3475 o
656 3424 739 3478 utrae
762 3416 921 3484 mulieres,
945 3414 982 3477 ab
1004 3417 1082 3476 utris
1104 3414 1295 3486 mulieribus;
1324 3416 1369 3475 sie
1391 3422 1496 3476 neutro
1515 3420 1598 3473 utrum

334 3501 528 3579 mancipium,
553 3502 649 3561 utrius
672 3502 826 3579 mancipii,
855 3502 914 3561 utri
938 3500 1100 3579 mancipio,
1130 3508 1229 3561 utrum
1256 3502 1452 3581 mancipium,
1478 3504 1626 3559 eununs

333 3586 529 3664 mancipium,
561 3584 598 3647 ab
627 3594 696 3647 ntro
728 3586 892 3665 mancipio,
924 3593 992 3646 utra
1028 3587 1191 3665 mancipia,
1225 3596 1362 3646 utrorum
1390 3585 1598 3663 mancipiorum.

334 3672 410 3732 utris
432 3672 604 3750 manciplis,
627 3679 694 3731 utra
717 3672 879 3750 mancipia,
903 3690 922 3730 o
943 3677 1010 3731 utra
1033 3672 1196 3750 mancipia,
1220 3670 1257 3731 ab
1279 3672 1356 3731 utris
1378 3670 1539 3748 mancipiis.
1564 3668 1598 3725 sic

334 3756 516 3817 declinamus
532 3758 597 3816 eius
612 3757 809 3825 contrarium,
832 3756 910 3835 quod
933 3762 980 3815 est
1000 3763 1121 3816 neuter:
1146 3755 1309 3817 masculino
1331 3762 1452 3825 neuter,
1474 3751 1598 3815 feminine

334 3848 452 3909 rreutra,
475 3850 581 3902 neutro
603 3858 712 3918 genere
734 3840 790 3901 hoc
813 3848 952 3901 neutrum
973 3841 1164 3919 mancipium.
1208 3840 1286 3901 unde
1317 3859 1389 3901 usus
1410 3842 1469 3900 iam
1490 3837 1599 3916 arripnit

333 3933 366 3987 ut
388 3926 520 3987 dicamus
542 3925 678 4003 ‘generis
701 3927 831 3996 neutri’,
853 3944 921 3987 cum
942 3925 1044 3987 dicere
1067 3924 1229 3987 debeamus
1250 3927 1369 4004 generis
1391 3926 1532 3993 neutrius,
1551 3938 1627 4001 quon

402 4217 416 4268 1
433 4215 566 4267 dicendum
586 4216 618 4265 de
636 4214 742 4266 infinitis
760 4229 864 4265 numero
882 4214 1006 4281 singulari
1023 4214 1176 4265 nominetino
1196 4216 1240 4278 qul
1259 4213 1284 4264 li
1300 4212 1333 4263 de
1347 4214 1513 4265 declinatione
1529 4210 1600 4261 totot-

333 4296 414 4337 torum
429 4286 584 4337 nomimitluo
598 4286 689 4349 quise
758 4286 850 4351 aquis
868 4293 927 4335 ante
942 4300 1013 4335 oram
1027 4292 1126 4351 patrum
1140 4285 1180 4335 F:
1203 4285 1283 4349 Ver-g.
1298 4283 1364 4338 Aes.
1380 4286 1388 4333 l
1405 4284 1441 4336 115
1509 4281 1538 4335 lb
1553 4280 1600 4345 qoi-

333 4355 398 4423 curn]
423 4358 501 4423 Verg.
521 4357 588 4409 Aen.
607 4354 712 4406 111822
783 4356 815 4406 17
835 4354 932 4405 infinita
950 4370 1013 4418 quas
1032 4354 1235 4407 necrodioctis
1251 4368 1329 4418 surg.
1348 4354 1463 4421 interrog
1476 4354 1502 4403 F
1516 4350 1600 4401 iodnits

333 4442 397 4489 qnae
413 4426 628 4492 interrogatione
716 4424 748 4476 18
767 4424 826 4475 inde
841 4426 910 4475 dieta
927 4425 1067 4490 conpositio
1086 4440 1151 4487 quae
1169 4424 1266 4487 syllaba
1282 4424 1308 4473 F
1392 4423 1427 4474 lll
1446 4433 1471 4475 et
1490 4433 1565 4472 tamen
1578 4420 1599 4467 in

332 4496 455 4617 pinguprpi
473 4495 500 4613 Fl
519 4562 538 4615 n
563 4492 738 4613 2l'epn2'dtit]
764 4495 849 4613 Vepp.¹
862 4496 928 4614 {m
948 4496 967 4543 V
966 4495 1045 4614 ἳὲΩθι
1076 4494 1228 4612 '‘erptimp'lo'
1242 4495 1267 4543 F
1282 4563 1311 4613 t'
1333 4500 1439 4612 nterpne
1456 4503 1540 4613 ²riano¹
1557 4490 1603 4607 :lup

332 4562 925 4698 nm,¹¹⁰lclll1¹¹ir'‘¹l‘iolsl,
994 4580 1032 4684 ol
1043 4578 1090 4683 ,tl
1107 4578 1247 4683 tlte
1264 4577 1428 4699 ”littus
1449 4576 1600 4698 edla

332 4705 423 4757 veen
476 4702 510 4755 28
529 4720 622 4768 quassa
641 4704 665 4752 F
730 4706 764 4757 211
783 4707 823 4755 cui
843 4712 949 4768 utraque
967 4704 1124 4768 temporibus
1147 4702 1292 4753 sufficiebat
1309 4706 1357 4753 aee
1378 4711 1406 4753 ut
1422 4704 1515 4753 diceret
1530 4709 1600 4750 otram

332 4782 436 4837 quassat
451 4776 609 4841 temporibus
628 4773 706 4837 (corr.
726 4778 836 4839 tempus)
855 4774 879 4823 F
903 4774 944 4822 eoi
967 4782 1101 4837 utrumqne
1125 4779 1226 4837 tempus
1244 4772 1386 4823 sufficiebat
1410 4773 1600 4822 renuntiasset

332 4845 427 4894 diceret
448 4851 581 4909 utrtrmqne
599 4860 668 4895 saum
687 4853 821 4910 tempusq
890 4844 925 4892 aa
950 4840 1074 4907 tetrarum]
1096 4850 1178 4891 otrsrm
1198 4844 1222 4892 F
1286 4842 1322 4893 40
1343 4844 1481 4893 debeamus
1499 4838 1600 4892 neutrius

331 4928 381 4977 qno
400 4914 505 4969 modos
526 4916 663 4963 debeamus
681 4929 774 4979 genere
787 4927 837 4976 quo
860 4914 935 4963 modo
954 4914 979 4961 F
