3525 5600
755 377 827 441 nus
1399 349 1442 445 55

1262 519 1268 530 .
1283 493 1339 532 1911.
1355 493 1378 531 te
1392 489 1415 531 P.

152 584 166 625 e
187 566 293 644 primis
313 566 577 644 significationibus
599 567 646 628 his
668 565 867 639 descendunt,
893 567 930 630 eh
953 589 987 632 eo
1011 571 1090 648 quod
1113 579 1158 632 est
1179 503 1288 632 sorbpeo
1311 579 1340 631 et
1356 589 1440 650 sugo.

151 701 190 710 -
204 669 255 728 ut
276 669 423 747 pytisso
451 669 603 730 vacillo:
625 668 730 731 vacillo
753 672 836 748 quasi
856 689 939 750 vago.
977 670 1027 733 alii
1047 671 1270 752 reprehendunt
1286 673 1439 744 Donatum,
1454 686 1540 750 382,4

151 778 181 830 ut
201 768 239 831 ab
263 788 300 830 eo
322 770 401 850 quod
416 779 462 832 est
476 778 547 851 poto
568 780 681 832 mutate
703 771 801 833 httera
824 776 936 854 pytisso
959 793 1013 854 pro
1035 775 1148 854 potisso
1165 773 1284 844 dixerit,
1310 783 1338 836 et
1353 773 1390 837 ab
1406 792 1441 835 eo

151 871 225 951 quod
248 879 297 934 est
317 889 408 951 vagor
431 873 534 934 vacillo
555 892 612 954 pro
635 873 751 952 regillo.
774 908 817 918 —
838 875 874 936 in
896 894 986 944 aneo,
1010 875 1088 955 quod
1114 884 1159 937 est
1178 883 1287 952 tremo,
1313 876 1443 938 undeet

128 981 251 1036 sanates
266 974 402 1045 dicimus,
418 974 498 1056 quod
512 977 545 1036 in
558 993 634 1055 aqua
649 978 718 1047 sint,
731 975 789 1037 hoc
801 985 845 1038 est
856 979 887 1039 in
899 979 1021 1058 frigore.
1037 979 1130 1058 siquis
1146 979 1254 1049 tremit,
1267 997 1342 1040 aneo
1354 978 1440 1050 dicat,

150 1077 204 1138 hoc
217 1084 265 1138 est
279 1085 387 1142 hemo.
402 1112 445 1122 —
460 1078 652 1159 Conpesco
667 1081 889 1159 conpescui:
915 1076 1086 1163 [conpesce]
1102 1078 1267 1141 inchoativa
1282 1082 1338 1142 ista
1353 1077 1470 1148 verber

149 1199 207 1240 non
229 1198 297 1243 esse
319 1177 463 1259 adprobat
484 1189 616 1261 tempus,
639 1183 709 1260 quia
731 1181 863 1243 diximus
885 1200 974 1262 supra
995 1183 1187 1262 praeteritum
1210 1201 1270 1244 nou
1286 1183 1441 1244 admittere

149 1281 325 1344 inchoativa.
355 1299 502 1362 conpesce
516 1281 607 1344 habet
621 1285 829 1363 praeteritum:
849 1282 855 1365 Ι
874 1285 943 1362 quie
958 1285 1028 1346 lacit
1043 1286 1216 1364 conpescui‚
1240 1285 1306 1345 ideo
1321 1283 1441 1345 inchoa·

151 1386 237 1445 tivum
260 1403 323 1444 non
346 1392 399 1445 est.
421 1419 464 1428 —
485 1384 579 1446 Sunt
600 1403 691 1464 quae
714 1387 897 1464 originem
926 1387 982 1448 sui
1010 1404 1080 1447 non
1108 1384 1261 1458 habent,
1290 1396 1326 1447 ut
1355 1405 1468 1456 con-9

118 1499 282 1547 tvsuesco
304 1489 471 1568 quiesco:
497 1505 660 1550 consuesco
682 1488 753 1549 lacit
775 1489 929 1559 consuevi,
954 1491 1074 1570 quiesco
1096 1485 1165 1550 iacit
1187 1489 1297 1566 quievi,
1321 1487 1390 1548 lacit
1412 1495 1442 1547 et
1513 1563 1514 1566 Ἴ

149 1590 311 1669 passimam,
335 1607 517 1650 consuescor
543 1588 580 1650 ab
603 1588 670 1650 alio‘.
707 1589 776 1651 idco
799 1608 871 1670 ergo
899 1589 1065 1653 inchoativa
1092 1608 1153 1652 nou
1181 1597 1265 1674 sunt,
1295 1591 1362 1670 quia
1377 1585 1391 1672 ΙΙ
1412 1597 1442 1652 et

149 1691 343 1770 praeteritum
353 1690 464 1752 habent
474 1698 504 1752 et
514 1693 665 1773 passivum
680 1693 801 1754 iaciunt.
814 1728 856 1739 —
870 1690 1038 1773 [Conpesco
1050 1693 1214 1773 conpesciS,
1226 1699 1343 1772 tempus
1354 1709 1439 1771 prae·
1454 1715 1469 1762 r

151 1794 266 1853 teritum
290 1794 457 1874 perlectum
479 1795 640 1874 conpescui
655 1793 739 1863 iacit;
761 1793 872 1856 idcirco
900 1813 960 1856 non
989 1794 1104 1856 videtur
1132 1794 1296 1856 inchoativa
1319 1792 1440 1874 fornia]

230 1894 334 1956 Prima
355 1896 523 1974 coniugatio
544 1897 576 1956 in
597 1898 759 1976 praeterito
780 1897 946 1976 inperfecto
968 1898 999 1958 in
1022 1895 1090 1958 ham
1113 1897 1186 1967 enit,
1215 1902 1248 1956 nt
1273 1913 1339 1956 amo
1362 1913 1441 1956 ama·

118 1996 230 2067 onan,
254 1999 333 2058 sicut
354 1996 442 2058 audio
465 1996 604 2060 audibam
625 2019 644 2055 s
669 2018 705 2060 er
726 2000 888 2078 praeterito
910 1999 1044 2080 perlecto
1070 2005 1100 2060 et
1122 1997 1202 2060 audii
1231 2005 1261 2058 et
1287 1996 1384 2058 audivi
1413 2003 1443 2056 et

150 2097 264 2159 audisse
288 2106 318 2159 et
339 2098 493 2162 audivisse.
533 2101 663 2165 secunda
685 2101 778 2162 doceo
800 2100 889 2162 docui
916 2103 947 2162 in
968 2099 1096 2162 solutum
1119 2101 1149 2160 ui
1164 2100 1238 2168 exit;
1261 2100 1348 2160 tertia
1371 2116 1440 2160 cou-
1532 2169 1535 2174 ¹

150 2203 259 2279 iugatio
281 2202 293 2261 i
313 2209 452 2282 correpta
474 2204 549 2273 exit,
573 2213 676 2280 quarta
699 2204 858 2283 producta,
877 2199 883 2287 Ι
903 2211 935 2265 ut
957 2204 1045 2264 audii.
1068 2236 1111 2246 —
1133 2201 1207 2264 Tres
1227 2199 1343 2262 litterae
1366 2217 1441 2278 quae

150 2305 260 2364 iaciunt
275 2304 528 2382 coniugationem,
552 2307 639 2366 aei:
663 2323 679 2366 a
696 2323 772 2384 quae
786 2306 930 2386 producta
947 2313 1004 2376 est,
1028 2307 1059 2366 in
1076 2303 1221 2373 secunda,
1245 2320 1261 2363 e
1278 2310 1308 2363 et
1321 2303 1340 2372 i,
1365 2321 1441 2381 quae

150 2413 303 2486 correptae
326 2408 447 2468 suntin
469 2408 570 2478 tertia,
594 2415 698 2487 quarta
719 2410 744 2475 i,
768 2426 844 2487 quae
866 2425 985 2488 semper
1006 2407 1150 2487 producta
1173 2414 1225 2468 est.

118 2515 141 2560 u
232 2505 332 2569 Verba
353 2508 510 2570 neutralia:
535 2509 614 2570 iurio
628 2509 747 2570 insanio
761 2509 877 2588 pendeo
891 2511 974 2588 iugio
990 2509 1063 2571 cedo
1079 2507 1182 2570 madeo
1197 2507 1320 2587 proficio
1336 2504 1440 2568 delicio

150 2613 235 2671 venio
258 2609 389 2672 succedo
411 2612 475 2671 vivo
502 2622 589 2690 gusto
616 2629 780 2672 consuesco
803 2629 909 2672 maneo
934 2609 1047 2692 [venio]
1071 2610 1153 2670 caleo
1176 2609 1285 2672 haereo
1308 2627 1437 2688 propero

153 2712 229 2774 valeo
251 2729 344 2773 curro
365 2721 412 2773 sto
434 2712 525 2774 sedeo
546 2712 625 2775 cubo
648 2713 810 2774 succumbo
825 2713 971 2774 accumbo
985 2731 1076 2794 pareo
1092 2711 1206 2773 dormio
1221 2710 1334 2792 prodeo
1349 2710 1440 2789 glisco

152 2824 267 2878 reverto
283 2817 383 2877 esurio
398 2816 524 2879 lucubvo
539 2816 674 2897 supphco
688 2818 821 2878 inmineo
836 2825 933 2878 tremo
948 2816 1016 2879 sallo
1032 2816 1141 2877 horreo
1153 2814 1259 2895 vapulo
1269 2820 1349 2875 scato
1361 2812 1440 2874 nubo

215 3003 374 3056 cocum.
391 3004 462 3054 Vllll
474 3002 594 3057 5*-θ*.
648 3004 710 3055 lab
725 3002 765 3067 eol
782 3002 864 3054 habeo
917 3002 1170 3057 2beccillobuocillo
1185 3003 1258 3065 quasi
1310 3000 1439 3066 3pytisso

152 3089 195 3137 pro
211 3075 310 3139 pytisso
366 3073 508 3123 suacium
525 3088 576 3122 non
592 3074 689 3141 uagillo
743 3081 768 3123 et
785 3076 878 3125 ananio
896 3072 926 3125 ed
945 3074 1013 3137 quod
1065 3074 1242 3123 btrernitenio
1261 3071 1328 3121 dicat
1346 3068 1394 3120 hoc
1412 3086 1440 3119 es

216 3143 421 3193 &inchoativum
434 3158 484 3193 non
496 3153 534 3193 est
546 3158 684 3193 consuesco
698 3145 770 3206 quies
784 3158 923 3195 consuesco
938 3142 999 3193 iecit
1015 3144 1136 3193 consuevi
1152 3144 1256 3205 quiesco
1274 3140 1336 3191 iecit
1353 3140 1439 3203 quieni

153 3214 211 3262 iecit
228 3222 252 3265 et
271 3215 406 3280 pessinum
423 3227 577 3265 consuescor
589 3214 621 3263 ab
634 3213 685 3263 elio
701 3215 765 3263 adeo
778 3229 839 3279 ergo
854 3214 999 3265 inchoetiua
1012 3228 1062 3264 non
1081 3222 1140 3264 sunt
1158 3214 1217 3275 quie
1234 3220 1258 3262 et
1274 3211 1438 3277 praeteritum

152 3283 242 3333 habeut
259 3292 285 3334 et
302 3285 437 3348 passiunm
455 3284 552 3335 iaciunt
568 3292 627 3333 sunt
641 3299 707 3346 quae
725 3286 851 3350 originem
868 3286 908 3333 sni
927 3299 976 3333 non
995 3284 1089 3334 habent
1103 3290 1130 3332 ut
1149 3296 1287 3335 consuesco
1303 3280 1363 3329 lacit
1380 3294 1441 3330 con-

153 3354 223 3403 sueui
244 3355 349 3416 quiesco
368 3352 428 3403 iecit
446 3356 571 3417 eonqueui
589 3367 743 3404 consuesces
760 3354 792 3403 ab
810 3354 860 3404 elio
878 3368 1004 3421 compesco
1022 3354 1155 3421 conpescis
1243 3351 1276 3403 13
1293 3351 1440 3415 conpescuit

153 3422 243 3472 ideirco
316 3424 349 3474 lb
367 3424 400 3473 sit
413 3422 497 3487 (corr.
516 3426 551 3478 al.
568 3439 635 3475 man.
653 3423 731 3488 sient)
749 3425 826 3474 audio
899 3424 1103 3475 losodienses
1174 3424 1205 3475 17
1224 3419 1286 3487 tres]
1302 3429 1369 3471 teres

155 3492 184 3541 18
202 3492 295 3542 seciani
312 3508 382 3547 corr.
396 3496 509 3547 Μυκη.
525 3501 584 3544 -unt
651 3492 789 3561 eulogio]
811 3494 828 3542 fl
849 3495 873 3543 io
942 3495 974 3545 21
993 3491 1096 3560 haereo]
1117 3508 1175 3543 ereo
1246 3492 1280 3541 22
1298 3487 1373 3556 cubo]
1391 3505 1439 3539 cuo

219 3562 323 3612 dormeo
393 3564 428 3613 ’23
446 3565 554 3631 lugubre
572 3564 670 3629 suplico
744 3510 847 3630 horreoq
865 3579 937 3613 erreo

218 3750 327 3820 tameo]
348 3752 383 3815 cf.
401 3754 514 3818 Pompei.
530 3770 561 3817 p.
579 3752 631 3804 283
650 3752 690 3802 ed.
705 3750 780 3802 Lisci.
853 3754 886 3803 14
901 3752 933 3803 de
950 3760 1067 3817 qunduor
1084 3750 1295 3816 coniugationibus
1309 3749 1440 3800 umbonem

154 3822 251 3873 uberim
265 3823 384 3875 hocloco
401 3826 491 3875 dutus
508 3824 566 3886 suit.
603 3823 651 3873 sed
667 3838 699 3872 ea
716 3824 743 3871 iu
757 3822 843 3873 codiee
861 3824 899 3873 ita
916 3824 1030 3873 mutilate
1047 3832 1071 3873 et
1086 3829 1209 3885 conrepta
1224 3828 1290 3882 sunt,
1309 3827 1336 3869 ut
1348 3820 1409 3885 quid
1422 3836 1439 3870 a

152 3896 309 3958 pmice
326 3894 447 3957 scriptum
461 3895 541 3957 suevit
557 3894 606 3943 iuva
623 3908 674 3944 noa
690 3892 819 3957 adpareat
902 3892 935 3943 18
954 3893 1068 3955 fortasse
1090 3905 1105 3940 e
1127 3906 1192 3954 quae
1214 3890 1338 3955 producta
1356 3890 1437 3939 estin

155 3963 246 4028 prima,
267 3979 282 4012 e
305 3978 373 4026 quae
394 3964 518 4030 producte
537 3971 575 4011 est
597 3965 623 4011 in
645 3962 771 4022 secunda,
790 3977 805 4010 e
824 3972 849 4013 et
869 3963 878 4010 i
896 3977 961 4026 quae
980 3972 1111 4027 correptae
1129 3968 1187 4018 eunt
1206 3962 1230 4009 in
1246 3960 1327 4024 tertia,
1347 3960 1355 4008 i
1374 3974 1439 4021 quae

155 4048 252 4097 semper
268 4033 393 4098 producta
411 4042 449 4083 est
459 4034 485 4081 in
496 4043 586 4096 quarta
654 4032 689 4083 20
705 4032 801 4083 iudices
817 4031 948 4083 uerberauit
962 4036 987 4083 in
1005 4034 1090 4083 codice
1103 4034 1140 4083 ita
1154 4032 1242 4095 scripti
1259 4038 1325 4091 suut,
1340 4036 1368 4078 ut
1380 4044 1438 4081 con·

154 4104 263 4165 plicibus
277 4118 393 4154 meuses
410 4102 567 4154 mutibus
587 4104 627 4152 uel
641 4104 758 4153 mimate
774 4106 801 4153 iu
819 4119 870 4151 una
886 4119 984 4169 quaque
1003 4104 1097 4171 papiae
1113 4102 1236 4153 detinetis
1248 4100 1346 4165 singule
1360 4100 1439 4150 verba

155 4188 248 4223 meum
264 4175 387 4237 cupream.
415 4182 441 4223 et
462 4174 487 4221 iu
501 4174 590 4235 prinus
606 4175 703 4237 quidem
720 4174 822 4237 paginis
837 4172 936 4224 duabus
950 4174 1032 4235 (Vllll
1050 4170 1081 4223 6*
1101 4180 1126 4222 et
1145 4172 1173 4234 7)
1188 4178 1311 4234 quaterna
1326 4184 1440 4220 peremere

156 4251 270 4293 commta
286 4244 385 4310 saepta
402 4251 472 4304 suut,
491 4246 517 4293 ta
535 4242 640 4302 duabus,
664 4259 730 4309 quae
749 4251 886 4306 sequautur
907 4243 990 4307 (Vllll
1009 4239 1041 4290 7*
1060 4249 1084 4292 et
1099 4240 1129 4304 8)
1151 4242 1219 4295 bina.
1255 4242 1340 4290 ultim
1358 4248 1439 4289 autem

157 4315 322 4377 pumenius
332 4315 429 4378 papiae
445 4315 574 4377 scriptura
589 4322 673 4365 uacat.
710 4315 795 4363 mutus
811 4312 939 4362 scribendi
954 4315 1022 4363 ratio
1039 4314 1064 4360 in
1082 4311 1218 4377 archetypo
1232 4311 1314 4373 fuisse
1329 4310 1437 4363 uidetur.

157 4384 208 4432 idere
223 4392 299 4434 nutus
318 4392 357 4434 est
373 4399 448 4434 οιτον
461 4382 569 4445 librarii,
582 4384 649 4448 quod
666 4392 691 4435 et
704 4387 730 4434 v'u
741 4383 898 4433 neutralibus
915 4385 998 4434 verbis
1013 4382 1143 4446 quaedem,
1159 4396 1223 4445 quae
1241 4380 1278 4429 ad
1290 4379 1439 4442 deponentia

156 4454 192 4503 oet
212 4457 347 4505 manua
365 4457 509 4519 pertenent,
533 4463 558 4504 et
576 4454 602 4501 iu
625 4453 803 4517 deponentibus
817 4467 865 4502 uon
883 4454 966 4515 nulla,
985 4466 1049 4517 quae
1069 4454 1094 4501 iu
1113 4450 1275 4500 eonenumbus
1291 4450 1439 4500 collocanda

158 4532 235 4586 amu,
251 4526 356 4587 scripsit
372 4531 399 4575 et
415 4526 545 4587 conplura,
562 4538 627 4589 quae
642 4526 682 4575 vel
697 4525 795 4587 scripta
810 4524 859 4573 ium
872 4533 947 4573 event
963 4526 1002 4573 oet
1016 4530 1107 4586 postea
1120 4519 1254 4571 scribenda
1272 4526 1359 4583 aaut,
1378 4534 1438 4584 per·

158 4608 226 4644 serso
239 4596 328 4647 ordine
343 4597 434 4657 pom.
469 4594 516 4646 sed
526 4597 639 4660 queniam
647 4597 769 4660 pensemus
780 4592 911 4643 verborum
923 4595 988 4644 ordo
999 4594 1100 4641 restitui
1111 4592 1201 4655 nequit,
1217 4590 1368 4654 praesertim
1386 4604 1439 4639 mem

159 4679 203 4715 nou
212 4667 276 4715 satis
287 4672 392 4724 consta,
404 4678 470 4729 quse
485 4664 563 4713 uerba
573 4664 706 4727 deponeret
720 4666 827 4728 somnae,
840 4680 905 4729 qreae
921 4663 1038 4713 commum
1051 4662 1166 4711 tribuerit
1182 4662 1366 4725 proseucticis,
1378 4675 1438 4723 per·

159 4734 279 4785 meatus
294 4734 389 4786 codicis
404 4736 555 4798 scripturum
571 4735 670 4800 reliqui.
707 4751 739 4784 ea
756 4742 836 4784 autem
853 4750 917 4798 queue
935 4734 1016 4783 alieno
1032 4736 1086 4782 loco
1103 4732 1228 4782 collocata
1243 4732 1281 4780 uel
1296 4746 1377 4793 praee
1396 4746 1437 4782 re-

158 4807 232 4867 petita
246 4813 306 4856 suae
318 4806 388 4855 ratde
405 4805 532 4867 adpositis
543 4807 630 4855 notaui
698 4806 729 4855 21
749 4802 834 4870 venio]
850 4806 963 4871 sortasse
981 4816 1060 4852 veneo
1131 4799 1222 4849 haereo
1242 4800 1375 4855 Potachius

160 4872 190 4925 ’13
206 4889 261 4925 erro
273 4874 364 4943 vopulo
376 4882 460 4927 scateo
471 4873 611 4927 Putschiue.
