3525 5600
772 379 843 442 ARS
1392 381 1455 448 319

1260 502 1282 542 p.
1295 491 1354 533 6666.
1366 493 1392 532 66
1406 489 1429 531 r.

171 565 378 634 Menaechmis,
408 566 523 626 ‘sorte
552 571 590 626 ut
616 566 771 626 multum
798 567 980 646 pluerat’.
1025 587 1058 630 ea
1086 587 1204 648 quoque
1227 587 1302 648 quae
1326 569 1455 630 diximus

171 667 279 728 inbuite
303 666 440 728 omnibus
463 666 650 746 temporibus
673 671 840 729 eommunia
863 676 947 738 sunt,
971 677 1004 729 ut
1026 669 1153 731 obruere
1176 671 1347 732 incendere.

248 769 372 830 Numeri
401 768 502 830 verbis
529 769 669 830 accidunt
697 769 771 840 duo,
804 770 964 850 singularis
992 779 1022 832 et
1047 773 1186 853 pluralis:
1220 774 1397 852 singularis,
1424 781 1555 850 ut384‚1

170 873 245 950 lego,
275 871 413 952 pluralis,
442 877 476 932 ut
502 870 639 949 legimus.
684 874 819 952 quamvis
845 873 967 952 quidam
996 874 1096 936 dicant
1130 883 1264 957 ternpore
1291 878 1457 956 praeterito

149 975 299 1054 sperlecto
321 991 466 1053 personae
490 975 597 1034 tertiae
621 992 686 1035 esse
710 974 825 1036 dualem
848 993 1021 1036 numerum:
1046 986 1078 1039 nt
1100 997 1169 1038 ecce
1191 977 1320 1056 legimus
1340 978 1457 1056 legistis

170 1078 301 1154 legerunt
322 1079 520 1157 praeteritum
541 1077 707 1156 perlectum
731 1083 776 1138 est
796 1081 913 1138 numeri
935 1078 1073 1158 pluralis;
1095 1079 1196 1158 legere
1218 1087 1318 1141 autem
1340 1081 1456 1142 dualem

169 1197 228 1240 esse
258 1180 377 1249 dieunt,
408 1187 439 1238 ut
465 1177 520 1238 hoe
548 1178 584 1238 de
613 1177 728 1239 dnobus
754 1186 836 1238 reete
866 1179 926 1240 dici
954 1180 1105 1252 videatur,
1132 1182 1271 1260 legerunt
1299 1190 1397 1244 autem
1420 1183 1456 1242 de

169 1279 312 1360 pluribus
358 1280 409 1340 sed
432 1279 508 1340 hanc
532 1280 732 1341 adsertionem
755 1299 826 1342 usus
848 1280 1028 1361 inprobavit.
1058 1285 1159 1364 itaque
1183 1303 1219 1345 ex
1242 1285 1456 1346 consuetudine

169 1383 307 1463 pluralem
332 1389 489 1462 utrumque
511 1383 648 1444 dicimus.

138 1506 158 1543 ro
250 1485 327 1546 Sunt
346 1484 438 1546 rerba
460 1485 600 1565 pleraque
624 1503 678 1565 per
700 1503 841 1546 numeros
859 1481 866 1570 l
886 1486 1045 1556 delectira,
1068 1495 1102 1548 ut
1124 1496 1169 1549 est
1196 1491 1263 1550 laxo
1285 1491 1365 1551 infit:
1399 1509 1457 1551 non

171 1590 245 1648 enim
280 1587 316 1649 ad
348 1587 549 1665 pluralitatem
576 1593 745 1657 transeunt,
780 1595 812 1648 ut
839 1589 950 1649 iaciant
976 1591 1104 1650 laximus
1132 1598 1183 1651 aut
1210 1592 1312 1652 insitis.
1356 1599 1457 1652 utrum

170 1697 264 1750 autem
287 1687 420 1750 vicissim
442 1690 502 1749 sint
527 1689 654 1768 pluralia
676 1697 790 1750 tanturn
814 1689 921 1760 verba,
945 1693 1075 1770 quaein
1098 1692 1279 1770 singularem
1301 1710 1457 1754 numerum

171 1811 224 1852 uon
247 1797 416 1862 transeant,
439 1791 569 1852 nondum
591 1794 722 1872 repperi.

250 1893 380 1972 Figurae
403 1891 561 1954 verborum
585 1901 654 1954 sunt
676 1894 767 1964 duae,
797 1895 922 1974 simplex
950 1902 979 1955 61
1006 1897 1168 1976 conposita.
1214 1904 1263 1958 aut
1285 1900 1366 1959 enirn
1388 1901 1487 1959 sim-3

138 2015 159 2054 15
170 1996 255 2076 plicia
284 2003 353 2056 sunt
380 1993 483 2066 verba,
513 2003 548 2056 ut
576 1995 688 2066 scribo,
718 2003 768 2056 aut
796 1999 964 2076 conposita,
995 2007 1030 2058 ut
1056 1998 1204 2060 describo.
1250 2009 1458 2080 conponuntur

170 2107 265 2160 autem
288 2096 377 2158 verba
400 2098 497 2158 modis
519 2104 682 2186 quattuor.
701 2105 733 2158 ut
754 2105 871 2159 ceterae
893 2105 995 2178 partes
1026 2103 1185 2162 orationis:
1216 2120 1252 2161 ex
1275 2101 1391 2164 duobus
1412 2105 1458 2163 in-

170 2202 275 2278 166616,
300 2206 333 2260 ut
354 2199 526 2278 proscribo;
550 2219 586 2260 ex
609 2199 725 2261 duobus
747 2203 910 2280 corruptis,
935 2208 967 2262 ut
988 2203 1119 2274 sufficio;
1143 2221 1179 2263 ex
1202 2205 1320 2282 integro
1342 2212 1372 2264 et
1393 2223 1458 2265 cor·

170 2309 271 2381 rupto,
295 2307 328 2362 ut
350 2302 467 2371 refici0;
492 2320 527 2361 ex
550 2310 690 2382 corrupto
713 2310 744 2363 et
765 2305 898 2382 integro,
922 2311 955 2364 ut
977 2305 1096 2364 sullero.
1137 2317 1346 2385 conponuntur
1369 2308 1459 2366 etiam

171 2403 378 2484 expluribus,
407 2409 441 2464 ut
467 2421 646 2484 reconpono.
691 2405 763 2466 illud
787 2412 885 2466 autern
913 2407 945 2466 iu
968 2404 1092 2466 dubium
1113 2424 1172 2466 non
1195 2409 1289 2478 venit,
1316 2409 1458 2488 pleraque

137 2505 258 2566 orerba
283 2524 341 2568 non
370 2523 456 2585 posse
480 2509 622 2585 conponi,
652 2513 684 2566 ut
712 2509 758 2567 aio
786 2526 912 2588 quaeso,
948 2515 978 2566 et
1004 2507 1146 2588 pleraque
1174 2526 1279 2572 rursus
1305 2510 1458 2589 conposita

170 2607 317 2688 simplicia
346 2608 410 2668 fieri
439 2627 499 2668 non
526 2627 629 2688 posse,
660 2627 692 2670 ea
716 2609 845 2679 scilicet,
869 2627 945 2689 quae
968 2616 1020 2669 aut
1040 2628 1076 2670 ex
1099 2609 1214 2671 duobus
1236 2590 1387 2690 corruptis
1409 2616 1460 2685 aut

170 2717 248 2771 certe
272 2728 308 2770 ex
329 2713 495 2790 posteriore
518 2719 660 2790 corrupto
682 2720 904 2791 conponuntur,
928 2718 962 2771 ut
983 2711 1099 2772 sufficio
1121 2713 1234 2773 reticio.

251 2813 390 2893 Plerique
419 2814 560 2875 adserunt
587 2833 651 2875 esse
680 2814 769 2875 verba
796 2833 851 2894 per
872 2816 984 2892 liguras
1005 2814 1165 2884 defectiva,
1190 2822 1221 2874 ut
1242 2814 1362 2894 impleo.
1408 2815 1459 2876 sed

169 2916 224 2977 boe
246 2914 409 2975 absurdum
424 2916 555 2986 ridetur,
579 2935 645 2977 eum
662 2936 748 2979 omne
770 2916 907 2988 verbum,
932 2920 958 2977 si
986 2918 1114 2997 conponi
1136 2935 1195 2977 nou
1218 2919 1328 2996 possit,
1351 2916 1461 2977 habeat

135 3019 292 3096 edgorem
315 3017 496 3097 simplicem;
525 3020 548 3079 si
578 3037 648 3079 vero
677 3022 863 3100 conpositum
892 3021 946 3088 sit,
975 3018 1084 3080 babeat
1110 3020 1236 3096 figuram
1265 3020 1459 3097 conpositam,

171 3138 266 3199 neque
289 3120 329 3181 sit
351 3119 457 3191 ullum,
481 3120 559 3200 quod
582 3139 640 3181 nou
664 3128 714 3181 aut
736 3121 859 3200 simplex
884 3128 934 3183 aut
961 3123 1148 3200 conpositum
1176 3122 1236 3182 dici
1266 3139 1388 3181 necesse
1411 3123 1459 3189 sit,

171 3224 228 3282 uisi
251 3223 327 3283 lorte
350 3241 417 3283 eum
440 3222 563 3283 alterius
583 3225 679 3303 partis
700 3226 866 3304 conpositio
887 3222 932 3283 vel
955 3225 1072 3299 integra
1092 3222 1138 3283 rel
1153 3229 1295 3302 corrupta
1310 3229 1460 3303 appareat,

171 3324 295 3385 alterius
318 3326 440 3385 omnino
462 3343 521 3385 non
545 3332 639 3393 66161,
663 3331 697 3385 ut
719 3333 765 3385 est
786 3326 842 3385 boc
865 3327 963 3405 ipsum
986 3325 1095 3405 impleo
1117 3331 1169 3384 aut
1190 3327 1314 3405 impero.

254 3426 402 3487 Personae
430 3425 530 3486 verbis
559 3427 713 3487 accidunt:
738 3424 845 3487 'earum
873 3429 1033 3488 varietates
1060 3433 1129 3487 sunt
1156 3437 1232 3497 tres,
1261 3446 1336 3508 quae
1358 3428 1463 3505 liguris
1476 3442 1507 3491 18

136 3528 330 3591 urerborum
353 3528 587 3606 distinguuntur.
617 3531 714 3609 prima
737 3536 783 3589 est
805 3548 880 3610 quae
903 3529 990 3600 dicit,
1013 3528 1094 3607 lego,
1118 3528 1247 3589 secunda
1270 3531 1318 3589 eui
1341 3529 1461 3599 dieitur,

169 3631 259 3708 legis,
282 3633 371 3691 tertia
395 3630 430 3691 de
454 3650 511 3711 qua
535 3632 660 3700 dicitur,
682 3630 770 3709 legit;
794 3650 869 3711 quae
886 3631 1044 3692 distantiae
1067 3631 1175 3710 plurali
1197 3648 1313 3711 quoque
1337 3648 1461 3691 numero

170 3740 337 3794 servantur.
383 3751 451 3793 nam
479 3736 576 3813 prima
604 3752 732 3813 persona
756 3741 815 3803 est,
840 3753 908 3794 cum
931 3734 1041 3794 dicitur
1062 3732 1204 3811 legimus,
1228 3728 1461 3803 secunda,'oum

171 3836 282 3895 dicitur
304 3833 419 3912 legitis,
446 3838 550 3904 tertia,
574 3854 641 3895 eum
665 3836 776 3897 dieitur
797 3836 911 3914 legunt.
942 3841 1011 3895 sunt
1033 3834 1177 3915 quaedam
1192 3834 1283 3895 rerba
1304 3853 1380 3915 quae
1403 3853 1462 3895 non

170 3956 224 4017 per
248 3955 350 3997 omues
371 3954 515 4016 personas
537 3938 617 3999 lleeti
640 3946 781 4018 possunt,
806 3956 900 4018 eaque
915 3936 961 3997 rel
976 3939 1103 4016 primam
1124 3955 1281 4017 personam
1303 3936 1463 3996 indicativo

138 4039 261 4099 serundo
283 4040 384 4099 statim
407 4058 464 4100 non
487 4039 612 4111 babent,
636 4047 670 4101 ut
691 4042 772 4111 insit;
796 4039 851 4110 vel,
875 4042 901 4101 si
924 4041 1051 4118 primam
1074 4037 1185 4126 babent
1206 4039 1341 4100 sollemni
1363 4038 1464 4099 littera

171 4211 437 4219 0—-...--—--..
445 4210 472 4218 ...ι

242 4312 256 4362 l
276 4308 312 4378 ut]
335 4320 359 4361 et
375 4312 408 4363 Μ
476 4328 506 4363 66
524 4328 624 4377 quoque
644 4312 741 4361 infinita
760 4326 825 4375 quae
844 4311 957 4362 diximus
975 4310 1001 4360 B
1018 4326 1105 4361 eorum
1125 4327 1175 4374 que
1194 4310 1291 4361 infinita
1309 4312 1420 4361 diximus
1439 4310 1464 4361 L

172 4396 201 4431 ea
219 4396 319 4445 quoque
344 4398 409 4445 quae
428 4382 541 4439 diximus
563 4384 689 4432 inbuitiuo
706 4382 739 4431 M
806 4382 1000 4445 atemporitus
1018 4396 1063 4432 om.
1081 4380 1139 4432 BL
1207 4382 1414 4433 Sassertionern
1434 4382 1467 4431 M

172 4452 294 4502 rationem
314 4452 370 4501 BL
443 4452 476 4504 13
496 4450 763 4503 nontranseuntBL
833 4450 865 4503 15
882 4452 993 4501 discribo
1009 4451 1103 4503 BML
1174 4450 1266 4503 161111
1286 4450 1419 4501 modisM

174 4519 206 4572 18
226 4530 412 4587 componuntur
430 4532 513 4573 autern
533 4538 565 4571 ex
583 4524 699 4588 pluribus
716 4522 741 4571 B
755 4531 932 4587 conponuntur
949 4530 1033 4571 sotem
1046 4539 1079 4572 ex
1094 4522 1257 4587 conpluribus
1270 4522 1295 4574 L
1310 4536 1466 4585 componun·

173 4602 212 4639 mr
227 4606 261 4641 ex
279 4592 392 4655 pluribus
412 4592 444 4642 M
512 4594 545 4643 21
565 4606 615 4643 non
635 4606 710 4656 posse
727 4598 751 4641 et
768 4607 797 4641 es
812 4592 838 4641 B
857 4590 926 4641 nullo
944 4592 1020 4642 modo
1039 4607 1117 4657 posse
1136 4600 1160 4641 et
1178 4608 1208 4643 66
1223 4592 1257 4643 M
1261 4593 1286 4642 L
1302 4591 1371 4641 nullo
1389 4590 1464 4641 modo

174 4676 251 4725 posse
269 4677 298 4711 ee
310 4660 450 4712 Sicbardus
538 4678 570 4713 ex
587 4664 688 4711 duabus
703 4662 829 4727 corruptis
846 4660 903 4711 BL
921 4678 954 4710 ex
970 4662 1070 4712 duobus
1088 4677 1157 4714 corr.
1178 4678 1210 4711 ex
1228 4661 1381 4711 (1661666111

172 4732 206 4780 '22
225 4740 340 4796 corrupta
357 4731 420 4781 ΒΜ
438 4742 553 4797 66666616
570 4732 594 4780 J.
665 4731 749 4783 reficio
768 4746 899 4795 superarer.
919 4735 954 4781 61.
969 4748 1036 4785 man.
1056 4731 1106 4781 nisi
1123 4732 1227 4781 redeant
1243 4732 1276 4781 sd
1295 4733 1464 4798 integritatem

172 4799 198 4849 B
269 4802 302 4852 211
320 4816 401 4865 neque
419 4806 453 4851 sit
469 4802 547 4853 ullum
569 4802 637 4865 quod
654 4803 695 4852 uel
715 4817 761 4851 nec
780 4816 828 4851 non
847 4810 892 4851 aut
909 4800 935 4850 B
953 4816 1035 4864 neque
1054 4802 1088 4851 sit
1106 4802 1184 4853 ullum
1204 4801 1321 4866 (uerbum
1340 4802 1401 4854 add.
1420 4800 1465 4863 M)

174 4870 243 4933 qrrod
263 4886 306 4921 nee
322 4880 364 4921 661
380 4872 442 4923 ML

1195 4954 1262 5019 25*
