3525 5600
346 333 409 400 446
899 335 1085 452 uvrrcslls

346 522 563 604 existimavit,
595 530 704 588 utrum
737 521 969 606 grammaticus
1001 521 1135 586 natione
1161 520 1326 604 Graecus,
1360 544 1436 587 cum
1463 521 1501 587 de
1524 523 1594 599 latino
1685 584 1686 589 ,

347 647 496 691 sermone
517 623 690 706 scriberet,
714 645 830 688 nornen
854 646 948 688 suum
969 624 1005 689 in
1025 622 1163 689 latinum
1191 646 1313 689 morem
1336 624 1549 712 convertisset,
1567 656 1595 699 an
1686 656 1687 659 ยน

346 723 482 791 latinum
515 724 639 791 scilieet
672 748 790 790 noman
820 747 941 810 graeca
973 727 1200 791 terminatione
1233 728 1408 813 adsumpta
1434 731 1594 801 mutavisset.

346 827 426 892 mihi
447 829 547 893 tutius
571 849 643 892 esse
665 828 773 892 visum
789 835 839 894 est
854 827 1041 894 Cassiodori
1055 826 1280 894 testimonium
1302 829 1397 894 bonis
1420 827 1508 895 libris
1524 835 1595 920 ipsius

346 929 550 1016 grammatici
573 927 799 995 confirmatum
821 951 918 1016 quam
939 929 1104 995 inferioris
1120 930 1236 996 aetatis
1252 929 1514 996 consuetudinem
1525 943 1594 1024 sequi.

432 1031 645 1118 Antiquiores
668 1032 749 1096 artis
771 1032 1003 1117 grammaticae
1017 1040 1167 1098 auctores
1183 1055 1248 1099 non
1262 1034 1446 1100 nominavit
1460 1034 1595 1122 Eutyches,

347 1135 408 1199 nisi
435 1134 521 1221 quod
552 1133 651 1199 semel
680 1133 885 1198 Priscianum
911 1146 1158 1221 praeceptorem
1186 1157 1283 1200 suum
1310 1133 1462 1201 laudavit
1487 1159 1513 1222 p.
1530 1138 1594 1205 2154.
1688 1182 1689 1187 ฮบ

346 1236 493 1302 eiusdem
515 1235 608 1302 libris
631 1236 671 1300 de
694 1237 794 1302 verbo
817 1235 982 1302 interdum
1003 1258 1084 1302 usus
1107 1245 1168 1302 est.
1205 1237 1296 1301 cuins
1318 1237 1366 1302 rei
1389 1238 1551 1304 certissima
1565 1243 1596 1306 in-

346 1338 432 1403 dieia
461 1348 538 1403 sunt
563 1339 597 1402 in
624 1337 665 1402 iis
689 1359 772 1424 quae
794 1339 834 1404 de
857 1338 967 1405 verbis
989 1340 1023 1403 in
1045 1349 1075 1404 to
1103 1338 1326 1406 desinentibus
1349 1339 1484 1425 scripsit
1500 1362 1525 1426 p.
1541 1343 1597 1409 2185
1688 1344 1690 1356 '

347 1438 421 1506 coll.
451 1439 554 1506 Prisc.
584 1439 604 1503 l.
635 1439 669 1504 X
691 1463 723 1526 p.
746 1440 820 1506 536.
858 1463 956 1527 saepe
984 1442 1081 1506 etiam
1116 1440 1229 1505 iisdem
1262 1451 1411 1506 veterum
1444 1441 1597 1527 scriptomn

346 1541 504 1628 exemplis
527 1552 664 1628 uterque
679 1553 764 1606 'usus
787 1551 846 1606 est.
877 1542 1035 1628 equibus
1051 1541 1212 1630 quaedam
1229 1541 1416 1630 Eutychem
1439 1567 1459 1608 a
1473 1543 1596 1612 Prisciani

348 1643 508 1730 recepisse
536 1643 707 1729 probabile
734 1653 799 1726 est3
828 1643 893 1709 alia
919 1667 998 1710 vero
1026 1643 1079 1709 vel
1110 1666 1152 1708 ex
1182 1645 1367 1730 antiquiore
1396 1646 1485 1711 fonte
1509 1648 1550 1711 rel
1569 1671 1597 1714 er

345 1745 493 1832 ipsorum
516 1747 711 1831 scriptorum
739 1742 831 1810 libris
855 1747 959 1832 petita
980 1768 1053 1811 esse
1075 1747 1256 1833 scripturae
1278 1747 1463 1812 differentia
1483 1750 1596 1814 ostendit.

347 1869 449 1930 quara
480 1847 515 1910 in
542 1845 583 1910 iis
610 1864 694 1931 quae
722 1847 862 1912 maxime
890 1848 1115 1914 memorabilia
1148 1871 1218 1914 esse
1254 1848 1453 1914 videbantur
1477 1847 1597 1914 Prisciani

347 1950 453 2032 locos,
477 1948 532 2014 ubi
555 1946 667 2014 eadem
691 1947 854 2033 leguntur,
877 1949 1032 2016 indicavi.
