3525 5600
778 421 849 489 Ans
881 507 889 515 ¹
1079 457 1082 466 .
1418 415 1458 484 19

925 529 931 540 ·
1267 529 1433 584 emmo

165 615 336 678 communia
366 633 442 694 quae
469 621 500 676 et
526 615 641 692 agentis
668 620 698 674 et
725 609 865 694 patientis
892 614 949 676 sibi
977 611 1127 674 vindicant
1148 611 1407 689 significationem
1431 617 1460 671 et

165 716 203 778 de
218 719 314 778 activo
330 719 480 797 passivum
496 717 542 785 lit,
567 716 647 777 etde
662 717 777 796 passivo
793 717 928 776 activum.
948 749 986 760 -
1002 713 1128 776 Osculor
1142 721 1214 774 tunc
1228 713 1352 775 activum
1369 713 1459 792 signi·
1471 719 1530 781 360,
1543 721 1558 770 5

165 819 250 889 licat,
282 819 401 898 quando
429 820 627 880 accusativum
656 836 757 880 casum
780 819 871 896 regit,
896 825 928 878 ut
946 813 1067 879 osculor
1088 815 1187 886 illum;
1210 823 1281 876 tuno
1303 817 1459 896 passivum,
1543 823 1547 840 ⁸

166 920 288 1001 qnando
298 920 468 990 ablativum,
480 927 513 982 ut
528 919 647 982 osculor
661 919 698 982 ab
713 919 778 981 ilio:
795 920 957 981 dicimus
973 921 1066 980 enim
1083 917 1237 980 osculor
1254 925 1287 978 ιε
1302 924 1337 978 ει
1352 935 1458 979 oscu-

141 1021 257 1084 olora
279 1031 325 1084 ιε.
340 1057 384 1068 -
402 1023 563 1101 Figurae
586 1021 798 1082 verborum:
823 1024 935 1100 figurae
951 1023 993 1082 sio
1009 1021 1148 1082 accidunt
1163 1018 1274 1090 verbis,
1292 1039 1349 1100 quo
1372 1020 1488 1082 modos

165 1125 353 1193 nominibus,
370 1123 495 1204 simplex
511 1126 729 1203 etcomposita.
746 1157 783 1168 -
808 1124 990 1203 Tempora
1013 1121 1211 1185 verborum
1233 1131 1320 1202 quot
1342 1123 1488 1184 suntlzn

165 1228 222 1286 tria
256 1235 393 1306 tempora
425 1233 510 1294 sunt,
547 1228 577 1287 in
606 1225 803 1287 declinatione
836 1227 983 1306 quinque,
1020 1227 1086 1306 quia
1114 1227 1266 1304 praeteriti
1303 1233 1362 1286 tros
1391 1232 1461 1286 sunt

165 1326 340 1398 distantiae,
363 1328 519 1408 inperfecti
541 1329 666 1407 perlecti
688 1325 982 1406 plusquaruperlccti.
1027 1345 1174 1406 praesens
1197 1326 1340 1406 estquod
1363 1327 1461 1389 lacere

164 1428 316 1498 videmur,
346 1431 540 1509 praeteritum
567 1429 764 1510 inperfectum
796 1438 843 1491 est
870 1429 948 1510 quod
977 1429 1076 1491 lacere
1103 1427 1275 1490 videbamur
1297 1436 1327 1490 et
1348 1425 1459 1508 inperl·

131 1530 277 1592 reiectum
301 1530 482 1600 dimisimus,
505 1533 700 1612 praeteritum
729 1531 894 1612 perlectum
924 1539 967 1592 est
994 1531 1072 1612 quod
1095 1531 1205 1592 lactum
1227 1549 1307 1594 nuno
1329 1529 1458 1611 eomple-

166 1634 275 1703 vimus,
306 1635 500 1714 praeteritum
523 1630 863 1715 plusvpuam[{1rerlectum
891 1640 935 1694 est
968 1633 1045 1713 quod
1073 1632 1143 1694 olim
1173 1652 1222 1714 res
1248 1633 1380 1713 perlecta
1407 1640 1459 1703 est,

167 1736 302 1797 futurum
326 1743 369 1796 est
397 1735 476 1816 quod
499 1735 599 1797 lairere
621 1755 675 1796 nos
696 1734 874 1815 quandoque
896 1733 1143 1796 demonstramus.

175 1912 179 1918 Δ
249 1837 542 1916 Coniugationis
563 1839 705 1899 tertiae
727 1843 941 1916 correptae:
965 1838 1051 1898 tertia
1068 1837 1236 1916 coniugatio
1252 1855 1370 1917 semper
1393 1855 1458 1898 eor·
1473 1844 1503 1893 ιι

166 1941 282 2018 cipitur.
315 1973 352 1984 -
387 1941 530 2000 Futuro
562 1937 680 2018 legam
714 1938 836 2018 leges:
865 1938 996 2001 secunda
1029 1957 1156 2018 persona
1184 1940 1274 2000 luturi
1301 1938 1459 2000 indicativo
1471 1945 1504 1996 23

132 2039 311 2120 usingulari
333 2059 460 2103 numero
482 2039 664 2122 e‚producta
686 2040 906 2121 pronuntianda
930 2048 989 2110 est,
1014 2057 1051 2102 ne
1073 2027 1202 2103 secunda
1224 2059 1351 2121 persona
1373 2059 1459 2122 prae·

164 2144 258 2204 sentis
285 2144 431 2223 temporis
457 2142 654 2222 intellegatur.
681 2177 716 2188 -
742 2142 937 2222 lmperativns
960 2143 1065 2205 modus
1086 2144 1235 2224 praesenti
1258 2149 1391 2222 tempore
1412 2161 1458 2204 se·
1471 2150 1505 2200 at

165 2244 294 2307 condam
328 2253 359 2306 et
390 2247 507 2306 tertiam
540 2263 698 2325 personam
730 2243 834 2314 babet,
865 2247 933 2326 quia
967 2247 1031 2325 ipse
1060 2244 1117 2306 sibi
1145 2263 1232 2308 nemo
1258 2246 1395 2324 imperat.
1420 2277 1456 2290 -

165 2346 300 2408 Eodem
327 2347 433 2408 modo
460 2355 629 2428 tempore
656 2347 799 2409 luturo:
834 2347 939 2408 modus
970 2349 1161 2426 imperativus
1195 2348 1337 2426 temporis
1370 2347 1504 2408 tuturiao

166 2449 283 2509 numeri
298 2447 422 2529 pluralis
436 2451 541 2510 tertiae
562 2467 709 2529 personae
723 2450 762 2510 ita
778 2451 825 2519 iit,
846 2452 874 2509 si
894 2448 1008 2510 sublata
1032 2468 1049 2510 o
1071 2447 1221 2510 indicativi
1243 2449 1323 2510 modi
1345 2451 1459 2530 primae

131 2567 314 2630 aupersooae
341 2550 433 2612 addes
460 2559 547 2621 outo,
578 2561 611 2613 ot
638 2569 705 2612 amo
733 2558 870 2621 amunio,
899 2550 992 2613 doceo
1017 2555 1021 2627 ι
1048 2550 1210 2622 doceuuto,
1239 2549 1306 2630 lego
1327 2551 1457 2630 legunto,

167 2652 253 2712 andin
275 2651 431 2713 audiunto.
462 2689 498 2698 -
528 2654 669 2715 Futuro
697 2653 828 2732 legito:
855 2654 886 2714 in
910 2651 965 2713 lroo
988 2652 1088 2714 ltrturo
1111 2669 1166 2714 neo
1187 2654 1218 2714 in
1240 2653 1381 2733 singulari
1403 2671 1459 2714 nec

165 2753 447 2836 inploraliprima
468 2773 593 2837 persona
616 2763 669 2817 est.
708 2789 743 2801 -
778 2755 1026 2819 Coniunctivo
1055 2755 1175 2817 modo:
1210 2757 1350 2838 temporis
1372 2765 1504 2837 pree-33

166 2858 259 2918 sentis
281 2859 488 2921 coniunctivus
503 2858 615 2921 modus
642 2860 744 2920 loturo
767 2858 887 2939 optativi
910 2856 1014 2920 similis
1037 2867 1091 2919 cst.
1123 2894 1153 2903 -
1188 2858 1561 2929 lnlioitimndi361,t

167 2961 334 3021 numeris
362 2968 396 3020 ει
423 2962 612 3039 personis:
646 2961 778 3021 indultus
807 2960 875 3021 ideo
906 2960 1017 3030 dictus,
1047 2960 1125 3041 quod
1152 2963 1183 3023 in
1211 2963 1342 3023 numeris
1371 2970 1401 3023 et
1428 2963 1458 3023 in

132 3060 356 3141 ntemporibos
383 3068 413 3122 et
439 3063 470 3122 in
498 3064 633 3142 personis
659 3060 792 3141 aequalis
820 3069 874 3123 est.
919 3061 1045 3123 dicimus
1073 3065 1152 3124 enim
1174 3082 1190 3123 a
1214 3082 1338 3125 numero
1359 3062 1459 3142 legere

169 3162 258 3223 debet
280 3172 311 3223 et
333 3161 434 3241 legere
456 3163 579 3235 debent,
608 3182 624 3224 a
648 3173 782 3245 ternpore
805 3163 904 3243 legera
928 3162 1037 3225 habent
1064 3172 1095 3225 et
1115 3162 1215 3242 legere
1237 3164 1420 3235 habuerunt,
1443 3184 1458 3226 o

169 3282 295 3343 persona
319 3263 421 3345 legere
443 3265 551 3335 habeo,
575 3266 676 3345 legere
698 3265 805 3335 habes.
829 3265 929 3343 legere
952 3264 1050 3326 habet.
1080 3267 1129 3327 lvio
1151 3266 1286 3329 similiter
1308 3270 1363 3329 tria
1385 3274 1459 3329 tem·

168 3383 241 3444 pora
262 3364 368 3437 lralret,
393 3370 528 3446 quamvis
541 3370 572 3429 in
588 3370 739 3449 praesenti
753 3369 850 3429 omnia
867 3367 1095 3448 complectatur,
1118 3376 1150 3429 ut
1173 3377 1218 3429 est
1240 3368 1338 3449 legere
1361 3370 1458 3439 modo,

167 3465 267 3546 legere
282 3476 385 3540 autea,
403 3468 503 3549 legere
517 3477 629 3550 postea.
656 3506 691 3515 -
719 3470 835 3531 Verbo
857 3470 1109 3550 inpersonali:
1132 3470 1318 3551 inpersonale
1335 3472 1485 3533 verbumo

133 3580 213 3634 nest
234 3571 313 3652 quod
335 3572 472 3651 personis
495 3574 659 3634 caretsuis
681 3580 748 3634 eta
770 3575 947 3653 pronomine
970 3573 1077 3653 accipit
1100 3576 1105 3646 l
1130 3591 1271 3653 personas
1294 3583 1323 3635 et
1343 3575 1385 3635 sic
1408 3574 1458 3635 de·
1522 3608 1530 3625 ·

169 3672 309 3735 clinatur:
344 3673 470 3735 dicimus
496 3677 576 3736 enirn
604 3673 710 3753 legitur
737 3693 752 3735 a
783 3694 831 3735 me
858 3684 926 3736 ate
949 3675 986 3737 ah
1008 3675 1068 3736 illo.
1087 3708 1141 3741 ,-
1177 3676 1352 3737 Gerundi:
1389 3676 1485 3736 ideott

168 3774 277 3837 dicitur
299 3775 441 3854 gerundi,
465 3776 544 3855 qood
567 3796 621 3839 nos
642 3776 753 3857 aliquid
776 3794 882 3855 gerere
904 3779 1062 3857 signifieat,
1086 3785 1119 3838 ut
1140 3786 1209 3858 puta
1231 3778 1349 3856 legendi
1371 3796 1458 3839 causa

170 3878 249 3945 veni,
278 3876 407 3955 legendo
429 3878 502 3939 mihi
523 3880 647 3957 contigit
668 3877 819 3948 valetudo,
848 3879 1006 3958 legendum
1035 3878 1106 3940 mihi
1135 3882 1204 3951 erit,
1232 3880 1340 3942 lectum
1363 3882 1457 3951 venio,

168 3980 259 4041 nimio
280 3978 359 4041 lectu
382 3982 520 4059 fatigatus
540 3999 620 4051 sum,
644 3988 676 4041 ut
698 3981 844 4060 Vergilius

136 4102 159 4141 so
320 4100 387 4143 nec
409 4084 489 4143 visu
511 4081 638 4145 lacilis
661 4102 728 4144 nec
751 4083 852 4145 dictu
875 4082 1045 4145 allahilis
1069 4082 1146 4145 ulli.

170 4182 223 4245 sed
250 4186 343 4262 magis
374 4180 492 4269 [melius
518 4180 574 4268 est]
597 4186 753 4267 participia
775 4193 857 4255 srrnt,
887 4205 974 4265 quam
1002 4185 1128 4265 gerundi
1154 4186 1257 4248 verba:
1292 4185 1387 4247 bonus
1415 4194 1459 4247 est

359 4322 471 4329 -—a—--.-

239 4390 301 4441 uod.
323 4390 402 4442 Benr.
425 4390 460 4438 lll
484 4388 587 4442 1⁸—3.
660 4393 672 4443 1
692 4392 834 4441 communio
852 4404 916 4453 quae
938 4399 977 4441 εει
997 4392 1098 4457 egentis
1167 4393 1183 4441 2
1206 4389 1459 4459 prassinum],paooi-

171 4474 228 4509 nam
296 4460 430 4510 dosculor
445 4461 537 4524 proab
554 4460 598 4510 illo
650 4460 751 4513 osculor
766 4459 799 4528 te]
822 4459 910 4510 osculo
929 4469 953 4509 ιε
1022 4460 1126 4525 liquod
1144 4470 1203 4510 sunt
1254 4458 1326 4527 lio]
1346 4478 1404 4512 curn

174 4529 206 4581 to
220 4530 404 4597 compleulmus
423 4532 587 4596 praeteritum
604 4533 766 4597 praeteritum
791 4530 1069 4597 plusquamperlectum
1141 4532 1173 4581 12
1193 4546 1243 4595 qno
1261 4530 1344 4581 iecere
1415 4534 1459 4582 de—

172 4610 342 4650 monstremus
360 4600 435 4650 tertio
458 4602 604 4666 coniugatio
627 4602 814 4668 coniugatinuia
837 4600 925 4650 ιειιίεε
945 4613 1075 4668 correptae
1095 4616 1196 4667 semper
1282 4598 1317 4651 20
1334 4617 1460 4668 personae
1513 4637 1518 4652 .

172 4680 195 4719 ει
213 4670 275 4720 odeo
329 4670 361 4722 te
376 4670 398 4720 ei
414 4686 460 4723 οιιι.
514 4672 641 4723 tdluturi
658 4670 763 4738 optatlui
815 4672 998 4723 25unumero
1015 4674 1072 4738 lege
1088 4671 1173 4737 legere
1224 4671 1258 4722 tu
1276 4672 1309 4721 ad
1325 4674 1404 4737 (corr,
1423 4675 1457 4727 at.

171 4755 235 4791 m.
254 4740 282 4803 ιι)
299 4749 413 4807 tempore
466 4740 501 4791 tu
518 4757 608 4793 uerum
625 4758 694 4798 corr,
713 4745 748 4793 nl.
766 4756 833 4793 nnn.
852 4742 957 4791 uerbum
1016 4740 1050 4792 34
1069 4739 1201 4811 fatigatus]
1224 4742 1306 4792 l’octns
1359 4742 1392 4795 36
1409 4744 1460 4794 aiot

244 4932 275 4983 lt
290 4930 366 4981 iutnri
380 4932 477 4997 passivi
495 4932 617 4999 Hagenua
685 4932 718 4984 34
737 4930 877 5000 Vergilius]
896 4932 959 4985 Aeo,
979 4930 1075 4984 111621

1212 5015 1306 5087 2*Δ
