<?xml version="1.0" encoding="UTF-8"?>
<!DOCTYPE html PUBLIC "-//W3C//DTD XHTML 1.0 Transitional//EN"
    "http://www.w3.org/TR/xhtml1/DTD/xhtml1-transitional.dtd">
<html xmlns="http://www.w3.org/1999/xhtml" xml:lang="en" lang="en">
 <head>
  <title>
</title>
<meta http-equiv="Content-Type" content="text/html;charset=utf-8" />
  <meta name='ocr-system' content='tesseract 3.04.00' />
  <meta name='ocr-capabilities' content='ocr_page ocr_carea ocr_par ocr_line ocrx_word'/>
</head>
<body>
  <div class='ocr_page' id='page_1' title='image "./grammaticilatin03hagagoog_0574.png"; bbox 0 0 3525 5600; ppageno 0'>
   <div class='ocr_carea' id='block_1_1' title="bbox 272 393 1706 4247">
    <p class='ocr_par' dir='ltr' id='par_1_1' title="bbox 360 393 1705 1464">
     <span class='ocr_line' id='line_1_1' title="bbox 360 393 1705 489; baseline -0.003 -29"><span class='ocrx_word' id='word_1_1' title='bbox 360 393 424 460; x_wconf 82' lang='lat'><strong>564</strong></span> <span class='ocrx_word' id='word_1_2' title='bbox 879 397 1019 479; x_wconf 69' lang='lat' dir='ltr'><strong>nuncu.</strong></span> <span class='ocrx_word' id='word_1_3' title='bbox 1043 397 1128 459; x_wconf 80' lang='lat' dir='ltr'><strong>Bou.</strong></span> <span class='ocrx_word' id='word_1_4' title='bbox 1704 478 1705 489; x_wconf 10' lang='grc' dir='ltr'>ἵ</span> 
     </span>
     <span class='ocr_line' id='line_1_2' title="bbox 388 494 1705 573; baseline 0.002 -29"><span class='ocrx_word' id='word_1_5' title='bbox 388 519 408 558; x_wconf 75' lang='lat' dir='ltr'><strong>p.</strong></span> <span class='ocrx_word' id='word_1_6' title='bbox 424 507 512 548; x_wconf 78' lang='lat' dir='ltr'><strong>raa-ao</strong></span> <span class='ocrx_word' id='word_1_7' title='bbox 527 505 552 544; x_wconf 87' lang='lat' dir='ltr'><strong>v.</strong></span> <span class='ocrx_word' id='word_1_8' title='bbox 1704 494 1705 573; x_wconf 65' lang='grc'><strong>1</strong></span> 
     </span>
     <span class='ocr_line' id='line_1_3' title="bbox 361 584 1619 673; baseline 0.001 -27"><span class='ocrx_word' id='word_1_9' title='bbox 361 605 428 646; x_wconf 91' lang='lat' dir='ltr'><strong>rum</strong></span> <span class='ocrx_word' id='word_1_10' title='bbox 456 587 503 647; x_wconf 89' lang='lat' dir='ltr'><strong>his</strong></span> <span class='ocrx_word' id='word_1_11' title='bbox 531 585 649 664; x_wconf 91' lang='lat' dir='ltr'><strong>templis</strong></span> <span class='ocrx_word' id='word_1_12' title='bbox 677 585 749 644; x_wconf 86' lang='lat' dir='ltr'><strong>hacc</strong></span> <span class='ocrx_word' id='word_1_13' title='bbox 779 584 888 664; x_wconf 86' lang='lat' dir='ltr'><strong>templa</strong></span> <span class='ocrx_word' id='word_1_14' title='bbox 916 604 934 642; x_wconf 90' lang='lat' dir='ltr'><strong>o</strong></span> <span class='ocrx_word' id='word_1_15' title='bbox 960 585 1070 665; x_wconf 87' lang='lat' dir='ltr'><strong>templa</strong></span> <span class='ocrx_word' id='word_1_16' title='bbox 1098 585 1211 646; x_wconf 91' lang='lat' dir='ltr'><strong>ab&#39;bis</strong></span> <span class='ocrx_word' id='word_1_17' title='bbox 1232 585 1362 664; x_wconf 90' lang='lat' dir='ltr'><strong>templis.</strong></span> <span class='ocrx_word' id='word_1_18' title='bbox 1406 585 1515 673; x_wconf 76' lang='lat' dir='ltr'><strong>lorrnae</strong></span> <span class='ocrx_word' id='word_1_19' title='bbox 1536 589 1619 647; x_wconf 84' lang='lat' dir='ltr'><strong>tertiae</strong></span> 
     </span>
     <span class='ocr_line' id='line_1_4' title="bbox 361 686 1619 765; baseline 0 -17"><span class='ocrx_word' id='word_1_20' title='bbox 361 691 479 765; x_wconf 88' lang='lat' dir='ltr'><strong>generis</strong></span> <span class='ocrx_word' id='word_1_21' title='bbox 502 687 656 748; x_wconf 81' lang='lat' dir='ltr'><strong>masculini</strong></span> <span class='ocrx_word' id='word_1_22' title='bbox 672 686 720 747; x_wconf 87' lang='lat' dir='ltr'><strong>bic</strong></span> <span class='ocrx_word' id='word_1_23' title='bbox 743 705 794 748; x_wconf 88' lang='lat' dir='ltr'><strong>rex</strong></span> <span class='ocrx_word' id='word_1_24' title='bbox 810 687 899 748; x_wconf 78' lang='lat' dir='ltr'><strong>lanius</strong></span> <span class='ocrx_word' id='word_1_25' title='bbox 914 689 994 765; x_wconf 88' lang='lat' dir='ltr'><strong>regis</strong></span> <span class='ocrx_word' id='word_1_26' title='bbox 1015 688 1085 748; x_wconf 86' lang='lat' dir='ltr'><strong>bule</strong></span> <span class='ocrx_word' id='word_1_27' title='bbox 1107 692 1171 765; x_wconf 91' lang='lat' dir='ltr'><strong>regi</strong></span> <span class='ocrx_word' id='word_1_28' title='bbox 1194 688 1272 746; x_wconf 87' lang='lat' dir='ltr'><strong>bunc</strong></span> <span class='ocrx_word' id='word_1_29' title='bbox 1295 705 1397 764; x_wconf 90' lang='lat' dir='ltr'><strong>regern</strong></span> <span class='ocrx_word' id='word_1_30' title='bbox 1418 707 1437 745; x_wconf 91' lang='lat' dir='ltr'><strong>o</strong></span> <span class='ocrx_word' id='word_1_31' title='bbox 1459 705 1508 745; x_wconf 83' lang='lat' dir='ltr'><strong>rer</strong></span> <span class='ocrx_word' id='word_1_32' title='bbox 1528 687 1560 747; x_wconf 89' lang='lat' dir='ltr'><strong>ab</strong></span> <span class='ocrx_word' id='word_1_33' title='bbox 1578 690 1619 748; x_wconf 82' lang='lat' dir='ltr'><strong>bor</strong></span> 
     </span>
     <span class='ocr_line' id='line_1_5' title="bbox 363 757 1620 867; baseline -0.001 -17"><span class='ocrx_word' id='word_1_34' title='bbox 363 808 432 867; x_wconf 87' lang='lat' dir='ltr'><strong>rege</strong></span> <span class='ocrx_word' id='word_1_35' title='bbox 456 789 487 850; x_wconf 89' lang='grc'><strong>111</strong></span> <span class='ocrx_word' id='word_1_36' title='bbox 516 807 610 867; x_wconf 74' lang='lat' dir='ltr'><strong>roges¹</strong></span> <span class='ocrx_word' id='word_1_37' title='bbox 630 789 736 849; x_wconf 92' lang='lat' dir='ltr'><strong>horum</strong></span> <span class='ocrx_word' id='word_1_38' title='bbox 765 807 868 867; x_wconf 89' lang='lat' dir='ltr'><strong>regum</strong></span> <span class='ocrx_word' id='word_1_39' title='bbox 897 791 944 850; x_wconf 91' lang='lat' dir='ltr'><strong>bis</strong></span> <span class='ocrx_word' id='word_1_40' title='bbox 966 790 1087 867; x_wconf 88' lang='lat' dir='ltr'><strong>regibus</strong></span> <span class='ocrx_word' id='word_1_41' title='bbox 1107 790 1162 850; x_wconf 92' lang='lat' dir='ltr'><strong>bos</strong></span> <span class='ocrx_word' id='word_1_42' title='bbox 1183 757 1271 866; x_wconf 54' lang='lat' dir='ltr'><strong>deges</strong></span> <span class='ocrx_word' id='word_1_43' title='bbox 1292 809 1310 848; x_wconf 95' lang='lat' dir='ltr'><strong>o</strong></span> <span class='ocrx_word' id='word_1_44' title='bbox 1331 807 1419 867; x_wconf 86' lang='lat' dir='ltr'><strong>reges</strong></span> <span class='ocrx_word' id='word_1_45' title='bbox 1441 788 1477 848; x_wconf 88' lang='lat' dir='ltr'><strong>ab</strong></span> <span class='ocrx_word' id='word_1_46' title='bbox 1498 789 1541 848; x_wconf 90' lang='lat' dir='ltr'><strong>bis</strong></span> <span class='ocrx_word' id='word_1_47' title='bbox 1559 794 1620 867; x_wconf 84' lang='lat' dir='ltr'><strong>regi·</strong></span> 
     </span>
     <span class='ocr_line' id='line_1_6' title="bbox 362 891 1621 969; baseline -0.002 -18"><span class='ocrx_word' id='word_1_48' title='bbox 362 891 431 962; x_wconf 91' lang='lat' dir='ltr'><strong>bus,</strong></span> <span class='ocrx_word' id='word_1_49' title='bbox 459 893 580 969; x_wconf 88' lang='lat' dir='ltr'><strong>generis</strong></span> <span class='ocrx_word' id='word_1_50' title='bbox 606 892 742 951; x_wconf 83' lang='lat' dir='ltr'><strong>seminini</strong></span> <span class='ocrx_word' id='word_1_51' title='bbox 772 891 844 952; x_wconf 88' lang='lat' dir='ltr'><strong>baec</strong></span> <span class='ocrx_word' id='word_1_52' title='bbox 870 893 940 952; x_wconf 87' lang='grc'>111111</span> <span class='ocrx_word' id='word_1_53' title='bbox 968 893 1057 952; x_wconf 89' lang='lat' dir='ltr'><strong>buius</strong></span> <span class='ocrx_word' id='word_1_54' title='bbox 1084 893 1180 969; x_wconf 79' lang='lat' dir='ltr'><strong>frugis</strong></span> <span class='ocrx_word' id='word_1_55' title='bbox 1200 892 1272 952; x_wconf 85' lang='lat' dir='ltr'><strong>buic</strong></span> <span class='ocrx_word' id='word_1_56' title='bbox 1292 893 1373 968; x_wconf 80' lang='lat' dir='ltr'><strong>frugi</strong></span> <span class='ocrx_word' id='word_1_57' title='bbox 1395 891 1471 951; x_wconf 77' lang='lat' dir='ltr'><strong>banc·</strong></span> <span class='ocrx_word' id='word_1_58' title='bbox 1492 892 1591 968; x_wconf 86' lang='lat' dir='ltr'><strong>lrugem</strong></span> <span class='ocrx_word' id='word_1_59' title='bbox 1607 914 1621 949; x_wconf 83' lang='lat' dir='ltr'><strong>o</strong></span> 
     </span>
     <span class='ocr_line' id='line_1_7' title="bbox 362 992 1638 1071; baseline -0.002 -18"><span class='ocrx_word' id='word_1_60' title='bbox 362 997 427 1053; x_wconf 88' lang='lat' dir='ltr'><strong>l&#39;rux</strong></span> <span class='ocrx_word' id='word_1_61' title='bbox 456 993 492 1054; x_wconf 88' lang='lat' dir='ltr'><strong>ab</strong></span> <span class='ocrx_word' id='word_1_62' title='bbox 520 993 575 1054; x_wconf 91' lang='lat' dir='ltr'><strong>bac</strong></span> <span class='ocrx_word' id='word_1_63' title='bbox 603 993 689 1070; x_wconf 75' lang='lat' dir='ltr'><strong>fruge</strong></span> <span class='ocrx_word' id='word_1_64' title='bbox 717 994 772 1054; x_wconf 90' lang='lat' dir='ltr'><strong>hae</strong></span> <span class='ocrx_word' id='word_1_65' title='bbox 802 994 905 1070; x_wconf 79' lang='lat' dir='ltr'><strong>fruges</strong></span> <span class='ocrx_word' id='word_1_66' title='bbox 931 994 1038 1054; x_wconf 88' lang='lat' dir='ltr'><strong>barum</strong></span> <span class='ocrx_word' id='word_1_67' title='bbox 1064 996 1184 1071; x_wconf 85' lang='lat' dir='ltr'><strong>lrugunr</strong></span> <span class='ocrx_word' id='word_1_68' title='bbox 1205 994 1253 1053; x_wconf 91' lang='lat' dir='ltr'><strong>bis</strong></span> <span class='ocrx_word' id='word_1_69' title='bbox 1274 992 1413 1070; x_wconf 79' lang='lat' dir='ltr'>frugibus</span> <span class='ocrx_word' id='word_1_70' title='bbox 1434 993 1487 1053; x_wconf 86' lang='lat' dir='ltr'><strong>lras</strong></span> <span class='ocrx_word' id='word_1_71' title='bbox 1507 993 1592 1071; x_wconf 82' lang='lat' dir='ltr'><strong>fruges</strong></span> <span class='ocrx_word' id='word_1_72' title='bbox 1608 1013 1638 1053; x_wconf 81' lang='grc'><strong>111</strong></span> 
     </span>
     <span class='ocr_line' id='line_1_8' title="bbox 361 1094 1621 1175; baseline 0 -20"><span class='ocrx_word' id='word_1_73' title='bbox 361 1097 462 1172; x_wconf 81' lang='lat' dir='ltr'><strong>fruges</strong></span> <span class='ocrx_word' id='word_1_74' title='bbox 484 1095 520 1155; x_wconf 91' lang='lat' dir='ltr'><strong>ab</strong></span> <span class='ocrx_word' id='word_1_75' title='bbox 543 1094 590 1153; x_wconf 90' lang='lat' dir='ltr'><strong>bis</strong></span> <span class='ocrx_word' id='word_1_76' title='bbox 612 1094 766 1172; x_wconf 77' lang='lat' dir='ltr'><strong>lrugibus,</strong></span> <span class='ocrx_word' id='word_1_77' title='bbox 789 1097 909 1174; x_wconf 86' lang='lat' dir='ltr'><strong>generis</strong></span> <span class='ocrx_word' id='word_1_78' title='bbox 932 1099 1031 1156; x_wconf 89' lang='lat' dir='ltr'><strong>neutri</strong></span> <span class='ocrx_word' id='word_1_79' title='bbox 1059 1096 1115 1156; x_wconf 89' lang='lat' dir='ltr'><strong>boc</strong></span> <span class='ocrx_word' id='word_1_80' title='bbox 1137 1115 1213 1175; x_wconf 91' lang='lat' dir='ltr'><strong>opus</strong></span> <span class='ocrx_word' id='word_1_81' title='bbox 1234 1095 1324 1156; x_wconf 90' lang='lat' dir='ltr'><strong>buius</strong></span> <span class='ocrx_word' id='word_1_82' title='bbox 1344 1097 1446 1175; x_wconf 89' lang='lat' dir='ltr'><strong>operis</strong></span> <span class='ocrx_word' id='word_1_83' title='bbox 1472 1095 1538 1155; x_wconf 90' lang='lat' dir='ltr'><strong>huic</strong></span> <span class='ocrx_word' id='word_1_84' title='bbox 1555 1100 1621 1174; x_wconf 82' lang='lat' dir='ltr'><strong>operi</strong></span> 
     </span>
     <span class='ocr_line' id='line_1_9' title="bbox 362 1196 1705 1297; baseline 0 -41"><span class='ocrx_word' id='word_1_85' title='bbox 362 1197 416 1256; x_wconf 89' lang='lat' dir='ltr'><strong>boc</strong></span> <span class='ocrx_word' id='word_1_86' title='bbox 439 1216 512 1276; x_wconf 92' lang='lat' dir='ltr'><strong>opus</strong></span> <span class='ocrx_word' id='word_1_87' title='bbox 540 1215 557 1254; x_wconf 96' lang='lat' dir='ltr'><strong>o</strong></span> <span class='ocrx_word' id='word_1_88' title='bbox 586 1214 660 1274; x_wconf 89' lang='lat' dir='ltr'><strong>opus</strong></span> <span class='ocrx_word' id='word_1_89' title='bbox 689 1196 726 1256; x_wconf 88' lang='lat' dir='ltr'><strong>ab</strong></span> <span class='ocrx_word' id='word_1_90' title='bbox 754 1197 809 1258; x_wconf 89' lang='lat' dir='ltr'><strong>boc</strong></span> <span class='ocrx_word' id='word_1_91' title='bbox 840 1217 931 1277; x_wconf 91' lang='lat' dir='ltr'><strong>opere</strong></span> <span class='ocrx_word' id='word_1_92' title='bbox 954 1199 1028 1258; x_wconf 87' lang='lat' dir='ltr'><strong>baec</strong></span> <span class='ocrx_word' id='word_1_93' title='bbox 1049 1216 1139 1277; x_wconf 90' lang='lat' dir='ltr'><strong>opera</strong></span> <span class='ocrx_word' id='word_1_94' title='bbox 1162 1197 1268 1258; x_wconf 88' lang='lat' dir='ltr'><strong>borum</strong></span> <span class='ocrx_word' id='word_1_95' title='bbox 1292 1217 1416 1277; x_wconf 90' lang='lat' dir='ltr'><strong>operum</strong></span> <span class='ocrx_word' id='word_1_96' title='bbox 1439 1197 1487 1257; x_wconf 86' lang='lat' dir='ltr'><strong>bis</strong></span> <span class='ocrx_word' id='word_1_97' title='bbox 1506 1197 1622 1277; x_wconf 80' lang='lat' dir='ltr'><strong>operibus</strong></span> <span class='ocrx_word' id='word_1_98' title='bbox 1704 1202 1705 1297; x_wconf 62' lang='grc'><strong>1</strong></span> 
     </span>
     <span class='ocr_line' id='line_1_10' title="bbox 360 1298 1705 1380; baseline 0.001 -22"><span class='ocrx_word' id='word_1_99' title='bbox 360 1298 433 1359; x_wconf 85' lang='lat' dir='ltr'><strong>baec</strong></span> <span class='ocrx_word' id='word_1_100' title='bbox 455 1317 545 1378; x_wconf 87' lang='lat' dir='ltr'><strong>opera</strong></span> <span class='ocrx_word' id='word_1_101' title='bbox 575 1316 592 1357; x_wconf 93' lang='lat' dir='ltr'><strong>o</strong></span> <span class='ocrx_word' id='word_1_102' title='bbox 621 1317 710 1377; x_wconf 91' lang='lat' dir='ltr'><strong>opera</strong></span> <span class='ocrx_word' id='word_1_103' title='bbox 739 1299 776 1359; x_wconf 90' lang='lat' dir='ltr'><strong>ab</strong></span> <span class='ocrx_word' id='word_1_104' title='bbox 803 1301 850 1360; x_wconf 93' lang='lat' dir='ltr'><strong>his</strong></span> <span class='ocrx_word' id='word_1_105' title='bbox 879 1300 1034 1380; x_wconf 90' lang='lat' dir='ltr'><strong>operibus,</strong></span> <span class='ocrx_word' id='word_1_106' title='bbox 1057 1302 1177 1378; x_wconf 88' lang='lat' dir='ltr'><strong>generis</strong></span> <span class='ocrx_word' id='word_1_107' title='bbox 1198 1303 1365 1367; x_wconf 82' lang='lat' dir='ltr'><strong>communis</strong></span> <span class='ocrx_word' id='word_1_108' title='bbox 1387 1301 1437 1360; x_wconf 91' lang='lat' dir='ltr'><strong>bic</strong></span> <span class='ocrx_word' id='word_1_109' title='bbox 1458 1308 1488 1359; x_wconf 89' lang='lat' dir='ltr'><strong>et</strong></span> <span class='ocrx_word' id='word_1_110' title='bbox 1507 1299 1572 1359; x_wconf 84' lang='lat' dir='ltr'><strong>baec</strong></span> <span class='ocrx_word' id='word_1_111' title='bbox 1588 1320 1622 1360; x_wconf 89' lang='lat' dir='ltr'><strong>sa-</strong></span> <span class='ocrx_word' id='word_1_112' title='bbox 1704 1300 1705 1323; x_wconf 64' lang='lat'>¹</span> 
     </span>
     <span class='ocr_line' id='line_1_11' title="bbox 360 1400 1621 1464; baseline 0.002 -6"><span class='ocrx_word' id='word_1_113' title='bbox 360 1400 465 1460; x_wconf 86' lang='lat' dir='ltr'><strong>cerdos</strong></span> <span class='ocrx_word' id='word_1_114' title='bbox 489 1401 576 1462; x_wconf 92' lang='lat' dir='ltr'><strong>buius</strong></span> <span class='ocrx_word' id='word_1_115' title='bbox 599 1400 763 1460; x_wconf 87' lang='lat' dir='ltr'><strong>sacerdotis</strong></span> <span class='ocrx_word' id='word_1_116' title='bbox 784 1402 854 1462; x_wconf 90' lang='lat' dir='ltr'><strong>buic</strong></span> <span class='ocrx_word' id='word_1_117' title='bbox 877 1403 1023 1464; x_wconf 89' lang='lat' dir='ltr'><strong>sacerdoti</strong></span> <span class='ocrx_word' id='word_1_118' title='bbox 1045 1403 1125 1464; x_wconf 87' lang='lat' dir='ltr'><strong>buno</strong></span> <span class='ocrx_word' id='word_1_119' title='bbox 1153 1410 1183 1463; x_wconf 89' lang='lat' dir='ltr'><strong>et</strong></span> <span class='ocrx_word' id='word_1_120' title='bbox 1204 1403 1281 1463; x_wconf 89' lang='lat' dir='ltr'><strong>banc</strong></span> <span class='ocrx_word' id='word_1_121' title='bbox 1303 1403 1489 1463; x_wconf 78' lang='lat' dir='ltr'><strong>sacerdotem</strong></span> <span class='ocrx_word' id='word_1_122' title='bbox 1510 1421 1621 1461; x_wconf 70' lang='grc'>1151111-</span> 
     </span>
    </p>

    <p class='ocr_par' dir='ltr' id='par_1_2' title="bbox 272 1499 1706 4247">
     <span class='ocr_line' id='line_1_12' title="bbox 272 1499 1648 1566; baseline 0.003 -6"><span class='ocrx_word' id='word_1_123' title='bbox 272 1499 276 1506; x_wconf 87' lang='grc'><em>’</em></span> <span class='ocrx_word' id='word_1_124' title='bbox 360 1502 413 1562; x_wconf 92' lang='lat' dir='ltr'><strong>dos</strong></span> <span class='ocrx_word' id='word_1_125' title='bbox 440 1502 476 1562; x_wconf 88' lang='lat' dir='ltr'><strong>ab</strong></span> <span class='ocrx_word' id='word_1_126' title='bbox 505 1501 561 1562; x_wconf 91' lang='lat' dir='ltr'><strong>boc</strong></span> <span class='ocrx_word' id='word_1_127' title='bbox 588 1509 618 1560; x_wconf 90' lang='lat' dir='ltr'><strong>ct</strong></span> <span class='ocrx_word' id='word_1_128' title='bbox 645 1501 682 1562; x_wconf 91' lang='lat' dir='ltr'><strong>ab</strong></span> <span class='ocrx_word' id='word_1_129' title='bbox 712 1503 767 1562; x_wconf 88' lang='lat' dir='ltr'><strong>bae</strong></span> <span class='ocrx_word' id='word_1_130' title='bbox 794 1505 948 1564; x_wconf 80' lang='lat' dir='ltr'><strong>sacerdote</strong></span> <span class='ocrx_word' id='word_1_131' title='bbox 975 1505 1008 1564; x_wconf 94' lang='lat' dir='ltr'><strong>bi</strong></span> <span class='ocrx_word' id='word_1_132' title='bbox 1036 1515 1065 1566; x_wconf 89' lang='lat' dir='ltr'><strong>et</strong></span> <span class='ocrx_word' id='word_1_133' title='bbox 1093 1506 1149 1566; x_wconf 91' lang='lat' dir='ltr'><strong>bae</strong></span> <span class='ocrx_word' id='word_1_134' title='bbox 1171 1505 1341 1566; x_wconf 81' lang='lat' dir='ltr'><strong>sacerdotes</strong></span> <span class='ocrx_word' id='word_1_135' title='bbox 1362 1504 1469 1565; x_wconf 86' lang='lat' dir='ltr'><strong>borum</strong></span> <span class='ocrx_word' id='word_1_136' title='bbox 1490 1512 1519 1565; x_wconf 92' lang='lat' dir='ltr'><strong>et</strong></span> <span class='ocrx_word' id='word_1_137' title='bbox 1537 1505 1648 1564; x_wconf 81' lang='lat' dir='ltr'><strong>bamam</strong></span> 
     </span>
     <span class='ocr_line' id='line_1_13' title="bbox 359 1603 1623 1668; baseline 0.001 -4"><span class='ocrx_word' id='word_1_138' title='bbox 359 1605 546 1665; x_wconf 83' lang='lat' dir='ltr'><strong>sacerdotum</strong></span> <span class='ocrx_word' id='word_1_139' title='bbox 574 1603 621 1664; x_wconf 92' lang='lat' dir='ltr'><strong>bis</strong></span> <span class='ocrx_word' id='word_1_140' title='bbox 649 1604 853 1666; x_wconf 90' lang='lat' dir='ltr'><strong>sacerdotibus</strong></span> <span class='ocrx_word' id='word_1_141' title='bbox 881 1607 936 1667; x_wconf 93' lang='lat' dir='ltr'><strong>bos</strong></span> <span class='ocrx_word' id='word_1_142' title='bbox 963 1615 993 1667; x_wconf 91' lang='lat' dir='ltr'><strong>et</strong></span> <span class='ocrx_word' id='word_1_143' title='bbox 1020 1607 1073 1667; x_wconf 90' lang='lat' dir='ltr'><strong>bas</strong></span> <span class='ocrx_word' id='word_1_144' title='bbox 1101 1607 1271 1668; x_wconf 82' lang='lat' dir='ltr'><strong>sacerdotes</strong></span> <span class='ocrx_word' id='word_1_145' title='bbox 1298 1627 1316 1667; x_wconf 92' lang='lat' dir='ltr'><strong>o</strong></span> <span class='ocrx_word' id='word_1_146' title='bbox 1343 1608 1513 1667; x_wconf 80' lang='lat' dir='ltr'><strong>sacerdotes</strong></span> <span class='ocrx_word' id='word_1_147' title='bbox 1538 1608 1570 1666; x_wconf 88' lang='lat' dir='ltr'><strong>ab</strong></span> <span class='ocrx_word' id='word_1_148' title='bbox 1587 1608 1623 1666; x_wconf 83' lang='lat' dir='ltr'><strong>his</strong></span> 
     </span>
     <span class='ocr_line' id='line_1_14' title="bbox 360 1702 1705 1795; baseline 0.001 -29"><span class='ocrx_word' id='word_1_149' title='bbox 360 1705 578 1776; x_wconf 87' lang='lat' dir='ltr'><strong>sacerdotibus,</strong></span> <span class='ocrx_word' id='word_1_150' title='bbox 608 1702 611 1786; x_wconf 81' lang='lat' dir='ltr'><strong>l</strong></span> <span class='ocrx_word' id='word_1_151' title='bbox 642 1710 761 1783; x_wconf 90' lang='lat' dir='ltr'><strong>generis</strong></span> <span class='ocrx_word' id='word_1_152' title='bbox 792 1711 889 1769; x_wconf 89' lang='lat' dir='ltr'><strong>omnis</strong></span> <span class='ocrx_word' id='word_1_153' title='bbox 910 1710 961 1770; x_wconf 91' lang='lat' dir='ltr'><strong>bie</strong></span> <span class='ocrx_word' id='word_1_154' title='bbox 982 1716 1013 1768; x_wconf 92' lang='lat' dir='ltr'><strong>et</strong></span> <span class='ocrx_word' id='word_1_155' title='bbox 1034 1709 1107 1769; x_wconf 89' lang='lat' dir='ltr'><strong>haec</strong></span> <span class='ocrx_word' id='word_1_156' title='bbox 1129 1717 1160 1769; x_wconf 94' lang='lat' dir='ltr'><strong>et</strong></span> <span class='ocrx_word' id='word_1_157' title='bbox 1181 1710 1237 1769; x_wconf 89' lang='lat' dir='ltr'><strong>boc</strong></span> <span class='ocrx_word' id='word_1_158' title='bbox 1258 1710 1330 1770; x_wconf 82' lang='lat' dir='ltr'><strong>lelix</strong></span> <span class='ocrx_word' id='word_1_159' title='bbox 1352 1710 1441 1770; x_wconf 90' lang='lat' dir='ltr'><strong>buius</strong></span> <span class='ocrx_word' id='word_1_160' title='bbox 1462 1709 1552 1770; x_wconf 89' lang='lat' dir='ltr'><strong>lelicis</strong></span> <span class='ocrx_word' id='word_1_161' title='bbox 1569 1709 1623 1768; x_wconf 87' lang='lat' dir='ltr'><strong>buir</strong></span> <span class='ocrx_word' id='word_1_162' title='bbox 1704 1704 1705 1795; x_wconf 67' lang='lat' dir='ltr'><strong>l</strong></span> 
     </span>
     <span class='ocr_line' id='line_1_15' title="bbox 359 1807 1705 1895; baseline 0.001 -29"><span class='ocrx_word' id='word_1_163' title='bbox 359 1808 439 1867; x_wconf 87' lang='lat' dir='ltr'><strong>lelici</strong></span> <span class='ocrx_word' id='word_1_164' title='bbox 462 1807 541 1867; x_wconf 87' lang='lat' dir='ltr'><strong>hune</strong></span> <span class='ocrx_word' id='word_1_165' title='bbox 564 1815 594 1867; x_wconf 89' lang='lat' dir='ltr'><strong>et</strong></span> <span class='ocrx_word' id='word_1_166' title='bbox 616 1807 691 1868; x_wconf 87' lang='lat' dir='ltr'><strong>bane</strong></span> <span class='ocrx_word' id='word_1_167' title='bbox 719 1809 836 1870; x_wconf 79' lang='lat' dir='ltr'><strong>felicem</strong></span> <span class='ocrx_word' id='word_1_168' title='bbox 864 1818 894 1871; x_wconf 89' lang='lat' dir='ltr'><strong>et</strong></span> <span class='ocrx_word' id='word_1_169' title='bbox 922 1812 978 1872; x_wconf 88' lang='lat' dir='ltr'><strong>boe</strong></span> <span class='ocrx_word' id='word_1_170' title='bbox 1006 1811 1076 1872; x_wconf 82' lang='lat' dir='ltr'><strong>lelix</strong></span> <span class='ocrx_word' id='word_1_171' title='bbox 1099 1831 1117 1870; x_wconf 92' lang='lat' dir='ltr'><strong>o</strong></span> <span class='ocrx_word' id='word_1_172' title='bbox 1138 1812 1210 1871; x_wconf 86' lang='lat' dir='ltr'><strong>lelix</strong></span> <span class='ocrx_word' id='word_1_173' title='bbox 1232 1811 1269 1872; x_wconf 88' lang='lat' dir='ltr'><strong>ab</strong></span> <span class='ocrx_word' id='word_1_174' title='bbox 1292 1812 1348 1872; x_wconf 88' lang='lat' dir='ltr'><strong>hoc</strong></span> <span class='ocrx_word' id='word_1_175' title='bbox 1370 1819 1400 1872; x_wconf 93' lang='lat' dir='ltr'><strong>et</strong></span> <span class='ocrx_word' id='word_1_176' title='bbox 1422 1810 1460 1871; x_wconf 89' lang='lat' dir='ltr'><strong>ab</strong></span> <span class='ocrx_word' id='word_1_177' title='bbox 1482 1811 1534 1871; x_wconf 86' lang='lat' dir='ltr'><strong>bac</strong></span> <span class='ocrx_word' id='word_1_178' title='bbox 1554 1820 1580 1870; x_wconf 85' lang='grc'><strong>11</strong></span> <span class='ocrx_word' id='word_1_179' title='bbox 1596 1810 1623 1870; x_wconf 84' lang='lat' dir='ltr'><strong>ab</strong></span> <span class='ocrx_word' id='word_1_180' title='bbox 1704 1818 1705 1895; x_wconf 62' lang='grc'><strong>1</strong></span> 
     </span>
     <span class='ocr_line' id='line_1_16' title="bbox 359 1909 1705 1991; baseline 0.003 -23"><span class='ocrx_word' id='word_1_181' title='bbox 359 1909 414 1968; x_wconf 87' lang='lat' dir='ltr'><strong>boe</strong></span> <span class='ocrx_word' id='word_1_182' title='bbox 444 1909 523 1969; x_wconf 89' lang='lat' dir='ltr'><strong>leliei</strong></span> <span class='ocrx_word' id='word_1_183' title='bbox 557 1909 588 1968; x_wconf 91' lang='lat' dir='ltr'><strong>bi</strong></span> <span class='ocrx_word' id='word_1_184' title='bbox 616 1917 646 1969; x_wconf 93' lang='lat' dir='ltr'><strong>et</strong></span> <span class='ocrx_word' id='word_1_185' title='bbox 678 1910 733 1970; x_wconf 86' lang='lat' dir='ltr'><strong>bae</strong></span> <span class='ocrx_word' id='word_1_186' title='bbox 767 1912 871 1972; x_wconf 89' lang='lat' dir='ltr'><strong>lelices</strong></span> <span class='ocrx_word' id='word_1_187' title='bbox 899 1922 929 1974; x_wconf 91' lang='lat' dir='ltr'><strong>et</strong></span> <span class='ocrx_word' id='word_1_188' title='bbox 956 1913 1030 1974; x_wconf 88' lang='lat' dir='ltr'><strong>baec</strong></span> <span class='ocrx_word' id='word_1_189' title='bbox 1058 1913 1158 1974; x_wconf 82' lang='lat' dir='ltr'><strong>leticia</strong></span> <span class='ocrx_word' id='word_1_190' title='bbox 1180 1913 1288 1974; x_wconf 87' lang='lat' dir='ltr'><strong>borum</strong></span> <span class='ocrx_word' id='word_1_191' title='bbox 1310 1923 1341 1974; x_wconf 87' lang='lat' dir='ltr'><strong>et</strong></span> <span class='ocrx_word' id='word_1_192' title='bbox 1362 1914 1469 1974; x_wconf 88' lang='lat' dir='ltr'><strong>barum</strong></span> <span class='ocrx_word' id='word_1_193' title='bbox 1491 1917 1520 1972; x_wconf 91' lang='lat' dir='ltr'><strong>et</strong></span> <span class='ocrx_word' id='word_1_194' title='bbox 1539 1913 1624 1972; x_wconf 76' lang='lat' dir='ltr'><strong>boram</strong></span> <span class='ocrx_word' id='word_1_195' title='bbox 1704 1910 1705 1991; x_wconf 85' lang='lat' dir='ltr'><strong>l</strong></span> 
     </span>
     <span class='ocr_line' id='line_1_17' title="bbox 359 2004 1705 2077; baseline 0.003 -7"><span class='ocrx_word' id='word_1_196' title='bbox 359 2011 491 2071; x_wconf 82' lang='lat' dir='ltr'><strong>felicium</strong></span> <span class='ocrx_word' id='word_1_197' title='bbox 513 2011 559 2070; x_wconf 89' lang='lat' dir='ltr'><strong>bis</strong></span> <span class='ocrx_word' id='word_1_198' title='bbox 582 2012 721 2072; x_wconf 84' lang='lat' dir='ltr'><strong>felicibus</strong></span> <span class='ocrx_word' id='word_1_199' title='bbox 743 2013 796 2074; x_wconf 90' lang='lat' dir='ltr'><strong>bos</strong></span> <span class='ocrx_word' id='word_1_200' title='bbox 819 2022 848 2074; x_wconf 90' lang='lat' dir='ltr'><strong>et</strong></span> <span class='ocrx_word' id='word_1_201' title='bbox 870 2015 924 2076; x_wconf 91' lang='lat' dir='ltr'><strong>bas</strong></span> <span class='ocrx_word' id='word_1_202' title='bbox 946 2016 1049 2076; x_wconf 87' lang='lat' dir='ltr'><strong>lelices</strong></span> <span class='ocrx_word' id='word_1_203' title='bbox 1070 2024 1100 2076; x_wconf 86' lang='lat' dir='ltr'><strong>et</strong></span> <span class='ocrx_word' id='word_1_204' title='bbox 1122 2016 1195 2076; x_wconf 88' lang='lat' dir='ltr'><strong>baec</strong></span> <span class='ocrx_word' id='word_1_205' title='bbox 1216 2016 1316 2077; x_wconf 86' lang='lat' dir='ltr'><strong>lelicia</strong></span> <span class='ocrx_word' id='word_1_206' title='bbox 1343 2037 1360 2075; x_wconf 93' lang='lat' dir='ltr'><strong>o</strong></span> <span class='ocrx_word' id='word_1_207' title='bbox 1387 2016 1490 2076; x_wconf 88' lang='lat' dir='ltr'><strong>lelices</strong></span> <span class='ocrx_word' id='word_1_208' title='bbox 1511 2024 1539 2075; x_wconf 85' lang='lat' dir='ltr'><strong>et</strong></span> <span class='ocrx_word' id='word_1_209' title='bbox 1559 2035 1574 2074; x_wconf 94' lang='lat' dir='ltr'><strong>o</strong></span> <span class='ocrx_word' id='word_1_210' title='bbox 1591 2017 1649 2074; x_wconf 79' lang='lat' dir='ltr'><strong>lou</strong></span> <span class='ocrx_word' id='word_1_211' title='bbox 1704 2004 1705 2023; x_wconf 57' lang='lat'>¹</span> 
     </span>
     <span class='ocr_line' id='line_1_18' title="bbox 359 2111 1706 2197; baseline 0.001 -23"><span class='ocrx_word' id='word_1_212' title='bbox 359 2113 427 2174; x_wconf 89' lang='lat' dir='ltr'><strong>licia</strong></span> <span class='ocrx_word' id='word_1_213' title='bbox 450 2111 487 2174; x_wconf 90' lang='lat' dir='ltr'><strong>ab</strong></span> <span class='ocrx_word' id='word_1_214' title='bbox 509 2113 557 2173; x_wconf 90' lang='lat' dir='ltr'><strong>his</strong></span> <span class='ocrx_word' id='word_1_215' title='bbox 579 2113 728 2174; x_wconf 81' lang='lat' dir='ltr'><strong>felicibus.</strong></span> <span class='ocrx_word' id='word_1_216' title='bbox 759 2117 871 2177; x_wconf 79' lang='lat' dir='ltr'><strong>formae</strong></span> <span class='ocrx_word' id='word_1_217' title='bbox 894 2126 1016 2197; x_wconf 80' lang='lat' dir='ltr'><strong>quartae</strong></span> <span class='ocrx_word' id='word_1_218' title='bbox 1039 2120 1160 2196; x_wconf 87' lang='lat' dir='ltr'><strong>generis</strong></span> <span class='ocrx_word' id='word_1_219' title='bbox 1181 2119 1337 2180; x_wconf 85' lang='lat' dir='ltr'><strong>masculini</strong></span> <span class='ocrx_word' id='word_1_220' title='bbox 1359 2119 1409 2178; x_wconf 89' lang='lat' dir='ltr'><strong>bic</strong></span> <span class='ocrx_word' id='word_1_221' title='bbox 1431 2135 1535 2178; x_wconf 86' lang='lat' dir='ltr'><strong>currus</strong></span> <span class='ocrx_word' id='word_1_222' title='bbox 1555 2118 1624 2176; x_wconf 80' lang='lat' dir='ltr'><strong>braim</strong></span> <span class='ocrx_word' id='word_1_223' title='bbox 1704 2148 1706 2175; x_wconf 73' lang='grc'><strong>1</strong></span> 
     </span>
     <span class='ocr_line' id='line_1_19' title="bbox 358 2198 1706 2281; baseline 0.002 -7"><span class='ocrx_word' id='word_1_224' title='bbox 358 2233 465 2274; x_wconf 87' lang='lat' dir='ltr'><strong>currus</strong></span> <span class='ocrx_word' id='word_1_225' title='bbox 488 2215 557 2275; x_wconf 88' lang='lat' dir='ltr'><strong>buic</strong></span> <span class='ocrx_word' id='word_1_226' title='bbox 580 2218 681 2276; x_wconf 89' lang='lat' dir='ltr'><strong>currui</strong></span> <span class='ocrx_word' id='word_1_227' title='bbox 704 2217 782 2278; x_wconf 89' lang='lat' dir='ltr'><strong>bunc</strong></span> <span class='ocrx_word' id='word_1_228' title='bbox 806 2238 928 2280; x_wconf 88' lang='lat' dir='ltr'><strong>currum</strong></span> <span class='ocrx_word' id='word_1_229' title='bbox 951 2240 969 2279; x_wconf 92' lang='lat' dir='ltr'><strong>o</strong></span> <span class='ocrx_word' id='word_1_230' title='bbox 991 2238 1098 2280; x_wconf 91' lang='lat' dir='ltr'><strong>currus</strong></span> <span class='ocrx_word' id='word_1_231' title='bbox 1113 2219 1151 2280; x_wconf 87' lang='lat' dir='ltr'><strong>ab</strong></span> <span class='ocrx_word' id='word_1_232' title='bbox 1167 2220 1222 2280; x_wconf 90' lang='lat' dir='ltr'><strong>boe</strong></span> <span class='ocrx_word' id='word_1_233' title='bbox 1244 2239 1336 2281; x_wconf 88' lang='lat' dir='ltr'><strong>curru</strong></span> <span class='ocrx_word' id='word_1_234' title='bbox 1357 2221 1389 2280; x_wconf 94' lang='lat' dir='ltr'><strong>bi</strong></span> <span class='ocrx_word' id='word_1_235' title='bbox 1411 2238 1518 2280; x_wconf 89' lang='lat' dir='ltr'><strong>currus</strong></span> <span class='ocrx_word' id='word_1_236' title='bbox 1537 2221 1624 2279; x_wconf 89' lang='lat' dir='ltr'><strong>borum</strong></span> <span class='ocrx_word' id='word_1_237' title='bbox 1704 2198 1706 2223; x_wconf 48' lang='lat'>³</span> 
     </span>
     <span class='ocr_line' id='line_1_20' title="bbox 358 2317 1623 2400; baseline 0.003 -25"><span class='ocrx_word' id='word_1_238' title='bbox 358 2335 500 2377; x_wconf 90' lang='lat' dir='ltr'><strong>curruum</strong></span> <span class='ocrx_word' id='word_1_239' title='bbox 522 2317 569 2376; x_wconf 87' lang='lat' dir='ltr'><strong>his</strong></span> <span class='ocrx_word' id='word_1_240' title='bbox 592 2317 732 2379; x_wconf 85' lang='lat' dir='ltr'><strong>curribus</strong></span> <span class='ocrx_word' id='word_1_241' title='bbox 753 2319 807 2381; x_wconf 93' lang='lat' dir='ltr'><strong>bos</strong></span> <span class='ocrx_word' id='word_1_242' title='bbox 829 2341 937 2382; x_wconf 86' lang='lat' dir='ltr'><strong>currus</strong></span> <span class='ocrx_word' id='word_1_243' title='bbox 952 2341 969 2381; x_wconf 96' lang='lat' dir='ltr'><strong>o</strong></span> <span class='ocrx_word' id='word_1_244' title='bbox 984 2341 1091 2382; x_wconf 81' lang='lat' dir='ltr'><strong>cirrrus</strong></span> <span class='ocrx_word' id='word_1_245' title='bbox 1112 2322 1150 2383; x_wconf 93' lang='lat' dir='ltr'><strong>ab</strong></span> <span class='ocrx_word' id='word_1_246' title='bbox 1173 2322 1221 2382; x_wconf 92' lang='lat' dir='ltr'><strong>his</strong></span> <span class='ocrx_word' id='word_1_247' title='bbox 1242 2322 1397 2391; x_wconf 91' lang='lat' dir='ltr'><strong>curribus,</strong></span> <span class='ocrx_word' id='word_1_248' title='bbox 1420 2323 1537 2400; x_wconf 88' lang='lat' dir='ltr'><strong>generis</strong></span> <span class='ocrx_word' id='word_1_249' title='bbox 1555 2323 1623 2380; x_wconf 82' lang='lat' dir='ltr'><strong>ieni-</strong></span> 
     </span>
     <span class='ocr_line' id='line_1_21' title="bbox 358 2408 1705 2486; baseline 0.002 -8"><span class='ocrx_word' id='word_1_250' title='bbox 358 2421 422 2478; x_wconf 89' lang='lat' dir='ltr'><strong>nini</strong></span> <span class='ocrx_word' id='word_1_251' title='bbox 444 2419 517 2480; x_wconf 87' lang='lat' dir='ltr'><strong>bace</strong></span> <span class='ocrx_word' id='word_1_252' title='bbox 544 2436 649 2478; x_wconf 90' lang='lat' dir='ltr'><strong>manus</strong></span> <span class='ocrx_word' id='word_1_253' title='bbox 670 2420 759 2482; x_wconf 90' lang='lat' dir='ltr'><strong>huius</strong></span> <span class='ocrx_word' id='word_1_254' title='bbox 782 2441 886 2484; x_wconf 90' lang='lat' dir='ltr'><strong>manus</strong></span> <span class='ocrx_word' id='word_1_255' title='bbox 907 2424 978 2484; x_wconf 89' lang='lat' dir='ltr'><strong>lmie</strong></span> <span class='ocrx_word' id='word_1_256' title='bbox 1000 2427 1100 2486; x_wconf 89' lang='lat' dir='ltr'><strong>manui</strong></span> <span class='ocrx_word' id='word_1_257' title='bbox 1128 2425 1205 2484; x_wconf 86' lang='lat' dir='ltr'><strong>banc</strong></span> <span class='ocrx_word' id='word_1_258' title='bbox 1226 2443 1345 2485; x_wconf 89' lang='lat' dir='ltr'><strong>manum</strong></span> <span class='ocrx_word' id='word_1_259' title='bbox 1366 2443 1385 2484; x_wconf 92' lang='lat' dir='ltr'><strong>o</strong></span> <span class='ocrx_word' id='word_1_260' title='bbox 1406 2443 1510 2484; x_wconf 88' lang='lat' dir='ltr'><strong>manus</strong></span> <span class='ocrx_word' id='word_1_261' title='bbox 1529 2422 1563 2483; x_wconf 87' lang='lat' dir='ltr'><strong>ab</strong></span> <span class='ocrx_word' id='word_1_262' title='bbox 1581 2423 1623 2481; x_wconf 83' lang='lat' dir='ltr'><strong>bar</strong></span> <span class='ocrx_word' id='word_1_263' title='bbox 1704 2408 1705 2463; x_wconf 63' lang='lat' dir='ltr'><strong>l</strong></span> 
     </span>
     <span class='ocr_line' id='line_1_22' title="bbox 358 2521 1649 2587; baseline 0.002 -7"><span class='ocrx_word' id='word_1_264' title='bbox 358 2538 447 2580; x_wconf 90' lang='lat' dir='ltr'><strong>mann</strong></span> <span class='ocrx_word' id='word_1_265' title='bbox 481 2521 537 2580; x_wconf 90' lang='lat' dir='ltr'><strong>bae</strong></span> <span class='ocrx_word' id='word_1_266' title='bbox 564 2539 670 2581; x_wconf 89' lang='lat' dir='ltr'><strong>manus</strong></span> <span class='ocrx_word' id='word_1_267' title='bbox 697 2523 802 2586; x_wconf 90' lang='lat' dir='ltr'><strong>barum</strong></span> <span class='ocrx_word' id='word_1_268' title='bbox 829 2545 969 2586; x_wconf 85' lang='lat' dir='ltr'><strong>nranuum</strong></span> <span class='ocrx_word' id='word_1_269' title='bbox 997 2527 1044 2586; x_wconf 87' lang='lat' dir='ltr'><strong>lris</strong></span> <span class='ocrx_word' id='word_1_270' title='bbox 1070 2525 1208 2587; x_wconf 88' lang='lat' dir='ltr'><strong>manibus</strong></span> <span class='ocrx_word' id='word_1_271' title='bbox 1236 2526 1290 2586; x_wconf 90' lang='lat' dir='ltr'><strong>bas</strong></span> <span class='ocrx_word' id='word_1_272' title='bbox 1310 2545 1415 2587; x_wconf 81' lang='lat' dir='ltr'><strong>ananus</strong></span> <span class='ocrx_word' id='word_1_273' title='bbox 1437 2546 1455 2585; x_wconf 89' lang='lat' dir='ltr'><strong>o</strong></span> <span class='ocrx_word' id='word_1_274' title='bbox 1477 2544 1574 2586; x_wconf 88' lang='lat' dir='ltr'><strong>manns</strong></span> <span class='ocrx_word' id='word_1_275' title='bbox 1594 2524 1649 2583; x_wconf 70' lang='lat' dir='ltr'><strong>aba</strong></span> 
     </span>
     <span class='ocr_line' id='line_1_23' title="bbox 359 2621 1623 2706; baseline 0.003 -25"><span class='ocrx_word' id='word_1_276' title='bbox 359 2623 406 2682; x_wconf 91' lang='lat' dir='ltr'><strong>bis</strong></span> <span class='ocrx_word' id='word_1_277' title='bbox 429 2621 583 2692; x_wconf 90' lang='lat' dir='ltr'><strong>manibus,</strong></span> <span class='ocrx_word' id='word_1_278' title='bbox 607 2627 727 2699; x_wconf 86' lang='lat' dir='ltr'><strong>generis</strong></span> <span class='ocrx_word' id='word_1_279' title='bbox 749 2629 847 2686; x_wconf 88' lang='lat' dir='ltr'><strong>neutri</strong></span> <span class='ocrx_word' id='word_1_280' title='bbox 871 2629 926 2688; x_wconf 88' lang='lat' dir='ltr'><strong>boc</strong></span> <span class='ocrx_word' id='word_1_281' title='bbox 948 2647 1028 2706; x_wconf 87' lang='lat' dir='ltr'><strong>genu</strong></span> <span class='ocrx_word' id='word_1_282' title='bbox 1049 2628 1137 2689; x_wconf 92' lang='lat' dir='ltr'><strong>buius</strong></span> <span class='ocrx_word' id='word_1_283' title='bbox 1159 2647 1237 2706; x_wconf 88' lang='lat' dir='ltr'><strong>genu</strong></span> <span class='ocrx_word' id='word_1_284' title='bbox 1259 2629 1329 2688; x_wconf 89' lang='lat' dir='ltr'><strong>bule</strong></span> <span class='ocrx_word' id='word_1_285' title='bbox 1350 2647 1430 2706; x_wconf 90' lang='lat' dir='ltr'><strong>genu</strong></span> <span class='ocrx_word' id='word_1_286' title='bbox 1451 2629 1506 2688; x_wconf 90' lang='lat' dir='ltr'><strong>boc</strong></span> <span class='ocrx_word' id='word_1_287' title='bbox 1526 2647 1623 2705; x_wconf 87' lang='lat' dir='ltr'><strong>genno</strong></span> 
     </span>
     <span class='ocr_line' id='line_1_24' title="bbox 357 2723 1623 2809; baseline 0.003 -27"><span class='ocrx_word' id='word_1_288' title='bbox 357 2742 435 2801; x_wconf 89' lang='lat' dir='ltr'><strong>genu</strong></span> <span class='ocrx_word' id='word_1_289' title='bbox 459 2724 495 2784; x_wconf 92' lang='lat' dir='ltr'><strong>ab</strong></span> <span class='ocrx_word' id='word_1_290' title='bbox 518 2723 573 2784; x_wconf 89' lang='lat' dir='ltr'><strong>hoc</strong></span> <span class='ocrx_word' id='word_1_291' title='bbox 596 2741 675 2802; x_wconf 90' lang='lat' dir='ltr'><strong>genu</strong></span> <span class='ocrx_word' id='word_1_292' title='bbox 697 2727 769 2787; x_wconf 90' lang='lat' dir='ltr'><strong>baec</strong></span> <span class='ocrx_word' id='word_1_293' title='bbox 792 2747 888 2806; x_wconf 88' lang='lat' dir='ltr'><strong>genua</strong></span> <span class='ocrx_word' id='word_1_294' title='bbox 911 2731 1017 2790; x_wconf 91' lang='lat' dir='ltr'><strong>borum</strong></span> <span class='ocrx_word' id='word_1_295' title='bbox 1045 2749 1175 2809; x_wconf 90' lang='lat' dir='ltr'><strong>genuum</strong></span> <span class='ocrx_word' id='word_1_296' title='bbox 1198 2732 1244 2791; x_wconf 92' lang='lat' dir='ltr'><strong>bis</strong></span> <span class='ocrx_word' id='word_1_297' title='bbox 1266 2730 1393 2809; x_wconf 88' lang='lat' dir='ltr'><strong>genibus</strong></span> <span class='ocrx_word' id='word_1_298' title='bbox 1415 2730 1489 2791; x_wconf 86' lang='lat' dir='ltr'><strong>baec</strong></span> <span class='ocrx_word' id='word_1_299' title='bbox 1509 2747 1623 2808; x_wconf 83' lang='lat' dir='ltr'><strong>genuae</strong></span> 
     </span>
     <span class='ocr_line' id='line_1_25' title="bbox 357 2826 1621 2911; baseline 0.004 -26"><span class='ocrx_word' id='word_1_300' title='bbox 357 2844 452 2903; x_wconf 86' lang='lat' dir='ltr'><strong>genua</strong></span> <span class='ocrx_word' id='word_1_301' title='bbox 475 2826 512 2886; x_wconf 90' lang='lat' dir='ltr'><strong>ab</strong></span> <span class='ocrx_word' id='word_1_302' title='bbox 535 2826 581 2887; x_wconf 91' lang='lat' dir='ltr'><strong>bis</strong></span> <span class='ocrx_word' id='word_1_303' title='bbox 604 2828 741 2904; x_wconf 84' lang='lat' dir='ltr'><strong>genibus.</strong></span> <span class='ocrx_word' id='word_1_304' title='bbox 786 2832 859 2891; x_wconf 84' lang='lat' dir='ltr'><strong>haec</strong></span> <span class='ocrx_word' id='word_1_305' title='bbox 882 2833 994 2911; x_wconf 88' lang='lat' dir='ltr'><strong>antiqui</strong></span> <span class='ocrx_word' id='word_1_306' title='bbox 1018 2834 1107 2893; x_wconf 88' lang='lat' dir='ltr'><strong>etiarn</strong></span> <span class='ocrx_word' id='word_1_307' title='bbox 1130 2834 1278 2910; x_wconf 76' lang='lat' dir='ltr'><strong>singulari</strong></span> <span class='ocrx_word' id='word_1_308' title='bbox 1300 2851 1426 2894; x_wconf 87' lang='lat' dir='ltr'><strong>numero</strong></span> <span class='ocrx_word' id='word_1_309' title='bbox 1448 2837 1492 2894; x_wconf 83' lang='lat' dir='ltr'><strong>sir.</strong></span> <span class='ocrx_word' id='word_1_310' title='bbox 1513 2841 1543 2893; x_wconf 89' lang='lat' dir='ltr'><strong>ut</strong></span> <span class='ocrx_word' id='word_1_311' title='bbox 1562 2850 1621 2892; x_wconf 86' lang='lat' dir='ltr'><strong>mas·</strong></span> 
     </span>
     <span class='ocr_line' id='line_1_26' title="bbox 357 2928 1622 3013; baseline 0.004 -27"><span class='ocrx_word' id='word_1_312' title='bbox 357 2928 454 2987; x_wconf 83' lang='lat' dir='ltr'><strong>crdina</strong></span> <span class='ocrx_word' id='word_1_313' title='bbox 477 2934 507 2987; x_wconf 92' lang='lat' dir='ltr'><strong>et</strong></span> <span class='ocrx_word' id='word_1_314' title='bbox 529 2928 671 2989; x_wconf 79' lang='lat' dir='ltr'><strong>feminina</strong></span> <span class='ocrx_word' id='word_1_315' title='bbox 700 2932 901 3003; x_wconf 88' lang='lat' dir='ltr'><strong>declinabant,</strong></span> <span class='ocrx_word' id='word_1_316' title='bbox 931 2934 1064 2995; x_wconf 90' lang='lat' dir='ltr'><strong>dicentes</strong></span> <span class='ocrx_word' id='word_1_317' title='bbox 1091 2936 1180 2995; x_wconf 90' lang='lat' dir='ltr'><strong>buius</strong></span> <span class='ocrx_word' id='word_1_318' title='bbox 1207 2954 1302 3013; x_wconf 91' lang='lat' dir='ltr'><strong>genus</strong></span> <span class='ocrx_word' id='word_1_319' title='bbox 1323 2945 1354 2996; x_wconf 87' lang='lat' dir='ltr'><strong>et</strong></span> <span class='ocrx_word' id='word_1_320' title='bbox 1375 2936 1465 2995; x_wconf 88' lang='lat' dir='ltr'><strong>buius</strong></span> <span class='ocrx_word' id='word_1_321' title='bbox 1485 2953 1584 2995; x_wconf 87' lang='lat' dir='ltr'><strong>cornus</strong></span> <span class='ocrx_word' id='word_1_322' title='bbox 1600 2942 1622 2992; x_wconf 88' lang='grc'><strong>11</strong></span> 
     </span>
     <span class='ocr_line' id='line_1_27' title="bbox 357 3013 1705 3107; baseline 0.004 -17"><span class='ocrx_word' id='word_1_323' title='bbox 357 3030 425 3090; x_wconf 90' lang='lat' dir='ltr'><strong>lmic</strong></span> <span class='ocrx_word' id='word_1_324' title='bbox 447 3034 537 3107; x_wconf 89' lang='lat' dir='ltr'><strong>genui</strong></span> <span class='ocrx_word' id='word_1_325' title='bbox 560 3030 628 3091; x_wconf 90' lang='lat' dir='ltr'><strong>lmic</strong></span> <span class='ocrx_word' id='word_1_326' title='bbox 644 3038 758 3095; x_wconf 91' lang='lat' dir='ltr'><strong>cornui.</strong></span> <span class='ocrx_word' id='word_1_327' title='bbox 788 3036 866 3096; x_wconf 89' lang='lat' dir='ltr'><strong>unde</strong></span> <span class='ocrx_word' id='word_1_328' title='bbox 882 3043 912 3095; x_wconf 84' lang='lat' dir='ltr'><strong>ot</strong></span> <span class='ocrx_word' id='word_1_329' title='bbox 927 3036 1063 3098; x_wconf 85' lang='lat' dir='ltr'><strong>Lucanus</strong></span> <span class='ocrx_word' id='word_1_330' title='bbox 1085 3038 1240 3098; x_wconf 78' lang='lat' dir='ltr'><strong>‘cornus</strong></span> <span class='ocrx_word' id='word_1_331' title='bbox 1263 3037 1332 3097; x_wconf 93' lang='lat' dir='ltr'><strong>tibi</strong></span> <span class='ocrx_word' id='word_1_332' title='bbox 1356 3055 1446 3097; x_wconf 89' lang='lat' dir='ltr'><strong>cura</strong></span> <span class='ocrx_word' id='word_1_333' title='bbox 1469 3039 1648 3101; x_wconf 61' lang='lat' dir='ltr'><strong>sinistras</strong></span> <span class='ocrx_word' id='word_1_334' title='bbox 1704 3013 1705 3082; x_wconf 84' lang='lat' dir='ltr'><strong>l</strong></span> 
     </span>
     <span class='ocr_line' id='line_1_28' title="bbox 357 3085 1706 3218; baseline 0.004 -27"><span class='ocrx_word' id='word_1_335' title='bbox 357 3132 529 3200; x_wconf 86' lang='lat' dir='ltr'><strong>Lentule,</strong></span> <span class='ocrx_word' id='word_1_336' title='bbox 560 3150 638 3192; x_wconf 90' lang='lat' dir='ltr'><strong>cum</strong></span> <span class='ocrx_word' id='word_1_337' title='bbox 667 3137 797 3212; x_wconf 88' lang='lat' dir='ltr'><strong>prima,</strong></span> <span class='ocrx_word' id='word_1_338' title='bbox 827 3156 918 3218; x_wconf 89' lang='lat' dir='ltr'><strong>quae</strong></span> <span class='ocrx_word' id='word_1_339' title='bbox 947 3145 1019 3200; x_wconf 89' lang='lat' dir='ltr'><strong>lum</strong></span> <span class='ocrx_word' id='word_1_340' title='bbox 1047 3142 1120 3201; x_wconf 87' lang='lat' dir='ltr'><strong>luit</strong></span> <span class='ocrx_word' id='word_1_341' title='bbox 1149 3160 1176 3200; x_wconf 86' lang='grc'><strong>11.</strong></span> <span class='ocrx_word' id='word_1_342' title='bbox 1207 3139 1236 3200; x_wconf 91' lang='lat' dir='ltr'><strong>b.</strong></span> <span class='ocrx_word' id='word_1_343' title='bbox 1265 3158 1291 3198; x_wconf 87' lang='lat' dir='ltr'><strong>c.</strong></span> <span class='ocrx_word' id='word_1_344' title='bbox 1321 3159 1349 3218; x_wconf 87' lang='lat' dir='ltr'><strong>q.</strong></span> <span class='ocrx_word' id='word_1_345' title='bbox 1372 3140 1393 3199; x_wconf 94' lang='grc'><strong>1.</strong></span> <span class='ocrx_word' id='word_1_346' title='bbox 1416 3140 1470 3207; x_wconf 91' lang='lat' dir='ltr'><strong>d.&#39;,</strong></span> <span class='ocrx_word' id='word_1_347' title='bbox 1493 3140 1621 3199; x_wconf 77' lang='grc'>11111111</span> <span class='ocrx_word' id='word_1_348' title='bbox 1704 3085 1706 3204; x_wconf 90' lang='lat' dir='ltr'><strong>l</strong></span> 
     </span>
     <span class='ocr_line' id='line_1_29' title="bbox 356 3232 1706 3324; baseline 0.004 -31"><span class='ocrx_word' id='word_1_349' title='bbox 356 3232 468 3312; x_wconf 89' lang='lat' dir='ltr'><strong>ubique</strong></span> <span class='ocrx_word' id='word_1_350' title='bbox 498 3235 528 3294; x_wconf 94' lang='lat' dir='ltr'><strong>in</strong></span> <span class='ocrx_word' id='word_1_351' title='bbox 561 3234 701 3305; x_wconf 86' lang='lat' dir='ltr'><strong>lristnria;</strong></span> <span class='ocrx_word' id='word_1_352' title='bbox 737 3241 897 3318; x_wconf 83' lang='lat' dir='ltr'><strong>posteritas</strong></span> <span class='ocrx_word' id='word_1_353' title='bbox 929 3242 1007 3299; x_wconf 88' lang='lat' dir='ltr'><strong>inter</strong></span> <span class='ocrx_word' id='word_1_354' title='bbox 1039 3243 1196 3303; x_wconf 85' lang='lat' dir='ltr'><strong>monoclita</strong></span> <span class='ocrx_word' id='word_1_355' title='bbox 1229 3243 1338 3321; x_wconf 85' lang='lat' dir='ltr'><strong>posuit.</strong></span> <span class='ocrx_word' id='word_1_356' title='bbox 1383 3242 1495 3301; x_wconf 89' lang='lat' dir='ltr'><strong>lormae</strong></span> <span class='ocrx_word' id='word_1_357' title='bbox 1522 3242 1621 3320; x_wconf 78' lang='lat' dir='ltr'><strong>quintae</strong></span> <span class='ocrx_word' id='word_1_358' title='bbox 1704 3247 1706 3324; x_wconf 73' lang='grc'><strong>1</strong></span> 
     </span>
     <span class='ocr_line' id='line_1_30' title="bbox 357 3327 1706 3427; baseline 0.005 -34"><span class='ocrx_word' id='word_1_359' title='bbox 357 3336 478 3412; x_wconf 87' lang='lat' dir='ltr'><strong>generis</strong></span> <span class='ocrx_word' id='word_1_360' title='bbox 500 3336 654 3397; x_wconf 90' lang='lat' dir='ltr'><strong>masculini</strong></span> <span class='ocrx_word' id='word_1_361' title='bbox 680 3338 728 3398; x_wconf 85' lang='grc'>1111</span> <span class='ocrx_word' id='word_1_362' title='bbox 751 3340 815 3400; x_wconf 87' lang='lat' dir='ltr'><strong>dies</strong></span> <span class='ocrx_word' id='word_1_363' title='bbox 837 3342 925 3401; x_wconf 78' lang='lat' dir='ltr'><strong>buiris</strong></span> <span class='ocrx_word' id='word_1_364' title='bbox 947 3342 1007 3404; x_wconf 90' lang='lat' dir='ltr'><strong>diei</strong></span> <span class='ocrx_word' id='word_1_365' title='bbox 1031 3344 1100 3403; x_wconf 86' lang='lat' dir='ltr'><strong>lruic</strong></span> <span class='ocrx_word' id='word_1_366' title='bbox 1116 3344 1176 3403; x_wconf 83' lang='lat' dir='ltr'><strong>dici</strong></span> <span class='ocrx_word' id='word_1_367' title='bbox 1199 3344 1277 3404; x_wconf 87' lang='lat' dir='ltr'><strong>bunc</strong></span> <span class='ocrx_word' id='word_1_368' title='bbox 1300 3343 1378 3402; x_wconf 91' lang='lat' dir='ltr'><strong>diem</strong></span> <span class='ocrx_word' id='word_1_369' title='bbox 1402 3362 1420 3401; x_wconf 88' lang='lat' dir='ltr'><strong>o</strong></span> <span class='ocrx_word' id='word_1_370' title='bbox 1443 3343 1506 3402; x_wconf 83' lang='lat' dir='ltr'><strong>dies</strong></span> <span class='ocrx_word' id='word_1_371' title='bbox 1526 3341 1559 3402; x_wconf 90' lang='lat' dir='ltr'><strong>ab</strong></span> <span class='ocrx_word' id='word_1_372' title='bbox 1578 3342 1620 3400; x_wconf 84' lang='lat' dir='ltr'><strong>ho·</strong></span> <span class='ocrx_word' id='word_1_373' title='bbox 1704 3327 1706 3427; x_wconf 82' lang='lat' dir='ltr'><strong>l</strong></span> 
     </span>
     <span class='ocr_line' id='line_1_31' title="bbox 356 3436 1706 3526; baseline 0.004 -31"><span class='ocrx_word' id='word_1_374' title='bbox 356 3436 404 3495; x_wconf 88' lang='lat' dir='ltr'><strong>die</strong></span> <span class='ocrx_word' id='word_1_375' title='bbox 428 3436 458 3496; x_wconf 93' lang='grc'><strong>111</strong></span> <span class='ocrx_word' id='word_1_376' title='bbox 482 3438 545 3497; x_wconf 87' lang='lat' dir='ltr'><strong>dies</strong></span> <span class='ocrx_word' id='word_1_377' title='bbox 568 3437 673 3499; x_wconf 88' lang='lat' dir='ltr'><strong>borum</strong></span> <span class='ocrx_word' id='word_1_378' title='bbox 696 3440 812 3502; x_wconf 90' lang='lat' dir='ltr'><strong>dierum</strong></span> <span class='ocrx_word' id='word_1_379' title='bbox 836 3442 1011 3505; x_wconf 92' lang='lat' dir='ltr'><strong>hisdiebus</strong></span> <span class='ocrx_word' id='word_1_380' title='bbox 1034 3444 1088 3506; x_wconf 87' lang='lat' dir='ltr'><strong>lros</strong></span> <span class='ocrx_word' id='word_1_381' title='bbox 1110 3446 1174 3505; x_wconf 83' lang='lat' dir='ltr'><strong>dies</strong></span> <span class='ocrx_word' id='word_1_382' title='bbox 1195 3466 1213 3505; x_wconf 91' lang='lat' dir='ltr'><strong>o</strong></span> <span class='ocrx_word' id='word_1_383' title='bbox 1235 3446 1299 3505; x_wconf 83' lang='lat' dir='ltr'><strong>dies</strong></span> <span class='ocrx_word' id='word_1_384' title='bbox 1322 3445 1428 3507; x_wconf 89' lang='lat' dir='ltr'><strong>abbis</strong></span> <span class='ocrx_word' id='word_1_385' title='bbox 1451 3444 1618 3518; x_wconf 52' lang='grc'>(1111111111-</span> <span class='ocrx_word' id='word_1_386' title='bbox 1704 3453 1706 3526; x_wconf 31' lang='grc' dir='ltr'>ἐ</span> 
     </span>
     <span class='ocr_line' id='line_1_32' title="bbox 356 3540 1705 3608; baseline 0.002 -10"><span class='ocrx_word' id='word_1_387' title='bbox 356 3540 437 3598; x_wconf 88' lang='lat' dir='ltr'><strong>neris</strong></span> <span class='ocrx_word' id='word_1_388' title='bbox 466 3541 603 3600; x_wconf 90' lang='lat' dir='ltr'><strong>leminini</strong></span> <span class='ocrx_word' id='word_1_389' title='bbox 631 3540 703 3601; x_wconf 86' lang='lat' dir='ltr'><strong>baec</strong></span> <span class='ocrx_word' id='word_1_390' title='bbox 732 3561 781 3602; x_wconf 85' lang='lat' dir='ltr'><strong>res</strong></span> <span class='ocrx_word' id='word_1_391' title='bbox 808 3545 897 3605; x_wconf 91' lang='lat' dir='ltr'><strong>buius</strong></span> <span class='ocrx_word' id='word_1_392' title='bbox 925 3548 969 3605; x_wconf 92' lang='lat' dir='ltr'><strong>rei</strong></span> <span class='ocrx_word' id='word_1_393' title='bbox 998 3546 1067 3606; x_wconf 88' lang='lat' dir='ltr'><strong>lmic</strong></span> <span class='ocrx_word' id='word_1_394' title='bbox 1094 3550 1139 3608; x_wconf 88' lang='lat' dir='ltr'><strong>rei</strong></span> <span class='ocrx_word' id='word_1_395' title='bbox 1166 3547 1242 3608; x_wconf 90' lang='lat' dir='ltr'><strong>bane</strong></span> <span class='ocrx_word' id='word_1_396' title='bbox 1271 3566 1334 3607; x_wconf 89' lang='lat' dir='ltr'><strong>rem</strong></span> <span class='ocrx_word' id='word_1_397' title='bbox 1360 3566 1378 3606; x_wconf 93' lang='lat' dir='ltr'><strong>o</strong></span> <span class='ocrx_word' id='word_1_398' title='bbox 1400 3565 1452 3607; x_wconf 89' lang='lat' dir='ltr'><strong>res</strong></span> <span class='ocrx_word' id='word_1_399' title='bbox 1473 3545 1508 3606; x_wconf 92' lang='lat' dir='ltr'><strong>ab</strong></span> <span class='ocrx_word' id='word_1_400' title='bbox 1529 3545 1575 3605; x_wconf 82' lang='grc'>1111</span> <span class='ocrx_word' id='word_1_401' title='bbox 1593 3556 1647 3601; x_wconf 66' lang='lat' dir='ltr'><strong>ms</strong></span> <span class='ocrx_word' id='word_1_402' title='bbox 1704 3561 1705 3566; x_wconf 49' lang='lat'>¹</span> 
     </span>
     <span class='ocr_line' id='line_1_33' title="bbox 356 3640 1705 3720; baseline 0.006 -21"><span class='ocrx_word' id='word_1_403' title='bbox 356 3640 410 3701; x_wconf 91' lang='lat' dir='ltr'><strong>bae</strong></span> <span class='ocrx_word' id='word_1_404' title='bbox 434 3658 483 3701; x_wconf 89' lang='lat' dir='ltr'><strong>res</strong></span> <span class='ocrx_word' id='word_1_405' title='bbox 505 3642 609 3701; x_wconf 90' lang='lat' dir='ltr'><strong>barum</strong></span> <span class='ocrx_word' id='word_1_406' title='bbox 633 3661 733 3705; x_wconf 89' lang='lat' dir='ltr'><strong>rernm</strong></span> <span class='ocrx_word' id='word_1_407' title='bbox 757 3646 804 3705; x_wconf 89' lang='lat' dir='ltr'><strong>bis</strong></span> <span class='ocrx_word' id='word_1_408' title='bbox 827 3646 917 3706; x_wconf 87' lang='lat' dir='ltr'><strong>robus</strong></span> <span class='ocrx_word' id='word_1_409' title='bbox 940 3646 992 3707; x_wconf 85' lang='lat' dir='ltr'><strong>bas</strong></span> <span class='ocrx_word' id='word_1_410' title='bbox 1013 3666 1063 3708; x_wconf 90' lang='lat' dir='ltr'><strong>res</strong></span> <span class='ocrx_word' id='word_1_411' title='bbox 1084 3669 1102 3708; x_wconf 94' lang='lat' dir='ltr'><strong>o</strong></span> <span class='ocrx_word' id='word_1_412' title='bbox 1123 3668 1173 3709; x_wconf 88' lang='lat' dir='ltr'><strong>res</strong></span> <span class='ocrx_word' id='word_1_413' title='bbox 1194 3650 1232 3711; x_wconf 90' lang='lat' dir='ltr'><strong>ab</strong></span> <span class='ocrx_word' id='word_1_414' title='bbox 1255 3650 1300 3709; x_wconf 87' lang='lat' dir='ltr'><strong>bis</strong></span> <span class='ocrx_word' id='word_1_415' title='bbox 1323 3648 1425 3709; x_wconf 93' lang='lat' dir='ltr'><strong>rebus.</strong></span> <span class='ocrx_word' id='word_1_416' title='bbox 1462 3649 1560 3709; x_wconf 89' lang='lat' dir='ltr'><strong>borum</strong></span> <span class='ocrx_word' id='word_1_417' title='bbox 1579 3666 1618 3706; x_wconf 80' lang='lat' dir='ltr'><strong>oo</strong></span> <span class='ocrx_word' id='word_1_418' title='bbox 1704 3709 1705 3720; x_wconf 50' lang='grc'>,</span> 
     </span>
     <span class='ocr_line' id='line_1_34' title="bbox 355 3739 1706 3831; baseline 0.005 -30"><span class='ocrx_word' id='word_1_419' title='bbox 355 3744 468 3802; x_wconf 91' lang='lat' dir='ltr'><strong>minum</strong></span> <span class='ocrx_word' id='word_1_420' title='bbox 489 3746 636 3819; x_wconf 83' lang='lat' dir='ltr'><strong>genitivus</strong></span> <span class='ocrx_word' id='word_1_421' title='bbox 665 3757 694 3805; x_wconf 88' lang='lat' dir='ltr'><strong>et</strong></span> <span class='ocrx_word' id='word_1_422' title='bbox 722 3747 837 3808; x_wconf 85' lang='lat' dir='ltr'><strong>dativus</strong></span> <span class='ocrx_word' id='word_1_423' title='bbox 860 3750 1018 3826; x_wconf 88' lang='lat' dir='ltr'><strong>singularis</strong></span> <span class='ocrx_word' id='word_1_424' title='bbox 1040 3770 1056 3809; x_wconf 93' lang='lat' dir='ltr'><strong>e</strong></span> <span class='ocrx_word' id='word_1_425' title='bbox 1079 3752 1290 3831; x_wconf 83' lang='lat' dir='ltr'><strong>paenultimam</strong></span> <span class='ocrx_word' id='word_1_426' title='bbox 1312 3752 1443 3811; x_wconf 87' lang='lat' dir='ltr'><strong>litteram</strong></span> <span class='ocrx_word' id='word_1_427' title='bbox 1467 3751 1549 3810; x_wconf 88' lang='lat' dir='ltr'><strong>modo</strong></span> <span class='ocrx_word' id='word_1_428' title='bbox 1566 3768 1617 3828; x_wconf 86' lang='lat' dir='ltr'><strong>pm·</strong></span> <span class='ocrx_word' id='word_1_429' title='bbox 1704 3739 1706 3774; x_wconf 68' lang='lat' dir='ltr'><strong>l</strong></span> 
     </span>
     <span class='ocr_line' id='line_1_35' title="bbox 355 3844 1705 3931; baseline 0.004 -28"><span class='ocrx_word' id='word_1_430' title='bbox 355 3844 471 3904; x_wconf 86' lang='lat' dir='ltr'><strong>ductam</strong></span> <span class='ocrx_word' id='word_1_431' title='bbox 498 3846 585 3905; x_wconf 86' lang='lat' dir='ltr'><strong>modo</strong></span> <span class='ocrx_word' id='word_1_432' title='bbox 613 3856 780 3928; x_wconf 81' lang='lat' dir='ltr'><strong>correptam</strong></span> <span class='ocrx_word' id='word_1_433' title='bbox 807 3850 936 3921; x_wconf 87' lang='lat' dir='ltr'><strong>babent,</strong></span> <span class='ocrx_word' id='word_1_434' title='bbox 967 3852 1153 3930; x_wconf 87' lang='lat' dir='ltr'><strong>productam,</strong></span> <span class='ocrx_word' id='word_1_435' title='bbox 1183 3872 1250 3913; x_wconf 81' lang='lat' dir='ltr'><strong>euni</strong></span> <span class='ocrx_word' id='word_1_436' title='bbox 1278 3872 1311 3912; x_wconf 92' lang='lat' dir='ltr'><strong>es</strong></span> <span class='ocrx_word' id='word_1_437' title='bbox 1333 3851 1445 3931; x_wconf 80' lang='lat' dir='ltr'><strong>syllaba</strong></span> <span class='ocrx_word' id='word_1_438' title='bbox 1468 3852 1617 3912; x_wconf 77' lang='lat' dir='ltr'><strong>nominatio</strong></span> <span class='ocrx_word' id='word_1_439' title='bbox 1704 3849 1705 3924; x_wconf 78' lang='lat' dir='ltr'><strong>l</strong></span> 
     </span>
     <span class='ocr_line' id='line_1_36' title="bbox 354 3938 1617 4033; baseline 0.005 -30"><span class='ocrx_word' id='word_1_440' title='bbox 354 3966 440 4007; x_wconf 86' lang='lat' dir='ltr'><strong>casus</strong></span> <span class='ocrx_word' id='word_1_441' title='bbox 463 3946 622 4023; x_wconf 88' lang='lat' dir='ltr'><strong>singularis</strong></span> <span class='ocrx_word' id='word_1_442' title='bbox 645 3969 720 4029; x_wconf 89' lang='lat' dir='ltr'><strong>pura</strong></span> <span class='ocrx_word' id='word_1_443' title='bbox 743 3953 841 4021; x_wconf 88' lang='lat' dir='ltr'><strong>luerit,</strong></span> <span class='ocrx_word' id='word_1_444' title='bbox 865 3953 894 4012; x_wconf 91' lang='lat' dir='ltr'><strong>ld</strong></span> <span class='ocrx_word' id='word_1_445' title='bbox 917 3961 1044 4014; x_wconf 89' lang='lat' dir='ltr'><strong>estnon</strong></span> <span class='ocrx_word' id='word_1_446' title='bbox 1066 3938 1294 4033; x_wconf 85' lang='lat' dir='ltr'><strong>praecedentem</strong></span> <span class='ocrx_word' id='word_1_447' title='bbox 1316 3952 1458 4013; x_wconf 87' lang='lat' dir='ltr'><strong>babuerit</strong></span> <span class='ocrx_word' id='word_1_448' title='bbox 1478 3970 1617 4014; x_wconf 80' lang='lat' dir='ltr'><strong>consonan·</strong></span> 
     </span>
     <span class='ocr_line' id='line_1_37' title="bbox 355 4050 1643 4135; baseline 0.005 -29"><span class='ocrx_word' id='word_1_449' title='bbox 355 4054 428 4118; x_wconf 89' lang='lat' dir='ltr'><strong>tem,</strong></span> <span class='ocrx_word' id='word_1_450' title='bbox 458 4056 490 4108; x_wconf 93' lang='grc'><strong>111</strong></span> <span class='ocrx_word' id='word_1_451' title='bbox 518 4050 582 4109; x_wconf 89' lang='lat' dir='ltr'><strong>dies</strong></span> <span class='ocrx_word' id='word_1_452' title='bbox 611 4050 686 4120; x_wconf 87' lang='lat' dir='ltr'><strong>diei,</strong></span> <span class='ocrx_word' id='word_1_453' title='bbox 716 4056 794 4112; x_wconf 81' lang='lat' dir='ltr'><strong>acies</strong></span> <span class='ocrx_word' id='word_1_454' title='bbox 824 4056 915 4123; x_wconf 86' lang='lat' dir='ltr'><strong>aciei,</strong></span> <span class='ocrx_word' id='word_1_455' title='bbox 946 4064 1130 4135; x_wconf 88' lang='lat' dir='ltr'><strong>correptam,</strong></span> <span class='ocrx_word' id='word_1_456' title='bbox 1154 4075 1221 4117; x_wconf 87' lang='grc'>111111</span> <span class='ocrx_word' id='word_1_457' title='bbox 1244 4057 1444 4135; x_wconf 81' lang='lat' dir='ltr'><strong>praecesserit</strong></span> <span class='ocrx_word' id='word_1_458' title='bbox 1465 4065 1643 4119; x_wconf 61' lang='grc'><strong>11111111111111,1</strong></span> 
     </span>
     <span class='ocr_line' id='line_1_38' title="bbox 353 4153 797 4247; baseline 0.014 -39"><span class='ocrx_word' id='word_1_459' title='bbox 353 4156 386 4209; x_wconf 92' lang='grc'><strong>111</strong></span> <span class='ocrx_word' id='word_1_460' title='bbox 409 4168 458 4209; x_wconf 90' lang='lat' dir='ltr'><strong>res</strong></span> <span class='ocrx_word' id='word_1_461' title='bbox 480 4153 538 4221; x_wconf 89' lang='lat' dir='ltr'><strong>rei,</strong></span> <span class='ocrx_word' id='word_1_462' title='bbox 563 4171 631 4232; x_wconf 88' lang='lat' dir='ltr'><strong>spes</strong></span> <span class='ocrx_word' id='word_1_463' title='bbox 653 4156 727 4247; x_wconf 80' lang='lat' dir='ltr'><strong>spei.</strong></span> <span class='ocrx_word' id='word_1_464' title='bbox 790 4210 797 4229; x_wconf 79' lang='grc'>,</span> 
     </span>
    </p>
   </div>
   <div class='ocr_carea' id='block_1_2' title="bbox 850 4325 1143 4388">
    <p class='ocr_par' dir='ltr' id='par_1_3' title="bbox 850 4325 1143 4388">
     <span class='ocr_line' id='line_1_39' title="bbox 850 4325 1143 4388; baseline 0.007 -2"><span class='ocrx_word' id='word_1_465' title='bbox 850 4326 899 4386; x_wconf 87' lang='lat' dir='ltr'><strong>DE</strong></span> <span class='ocrx_word' id='word_1_466' title='bbox 921 4325 1143 4388; x_wconf 73' lang='lat' dir='ltr'><strong>pannonum</strong></span> 
     </span>
    </p>
   </div>
   <div class='ocr_carea' id='block_1_3' title="bbox 351 4440 1705 4731">
    <p class='ocr_par' dir='ltr' id='par_1_4' title="bbox 351 4440 1706 4750">
     <span class='ocr_line' id='line_1_40' title="bbox 437 4440 1705 4536; baseline 0.001 -37"><span class='ocrx_word' id='word_1_467' title='bbox 437 4440 647 4503; x_wconf 85' lang='lat' dir='ltr'><strong>Vniversorum</strong></span> <span class='ocrx_word' id='word_1_468' title='bbox 676 4448 885 4523; x_wconf 90' lang='lat' dir='ltr'><strong>pronominum</strong></span> <span class='ocrx_word' id='word_1_469' title='bbox 912 4446 1074 4507; x_wconf 87' lang='lat' dir='ltr'><strong>secundnm</strong></span> <span class='ocrx_word' id='word_1_470' title='bbox 1102 4448 1225 4507; x_wconf 87' lang='lat' dir='ltr'><strong>Latinos</strong></span> <span class='ocrx_word' id='word_1_471' title='bbox 1251 4448 1400 4525; x_wconf 90' lang='lat' dir='ltr'><strong>generalis</strong></span> <span class='ocrx_word' id='word_1_472' title='bbox 1426 4449 1502 4506; x_wconf 91' lang='lat' dir='ltr'><strong>trina</strong></span> <span class='ocrx_word' id='word_1_473' title='bbox 1527 4446 1617 4504; x_wconf 77' lang='lat' dir='ltr'><strong>divisio</strong></span> <span class='ocrx_word' id='word_1_474' title='bbox 1704 4509 1705 4536; x_wconf 17' lang='grc' dir='ltr'>ζ</span> 
     </span>
     <span class='ocr_line' id='line_1_41' title="bbox 352 4543 1705 4629; baseline 0.004 -28"><span class='ocrx_word' id='word_1_475' title='bbox 352 4549 408 4602; x_wconf 90' lang='lat' dir='ltr'><strong>est.</strong></span> <span class='ocrx_word' id='word_1_476' title='bbox 453 4548 503 4603; x_wconf 88' lang='lat' dir='ltr'><strong>aut</strong></span> <span class='ocrx_word' id='word_1_477' title='bbox 526 4546 605 4603; x_wconf 89' lang='lat' dir='ltr'><strong>enim</strong></span> <span class='ocrx_word' id='word_1_478' title='bbox 627 4546 709 4607; x_wconf 83' lang='lat' dir='ltr'><strong>linita</strong></span> <span class='ocrx_word' id='word_1_479' title='bbox 732 4556 800 4608; x_wconf 88' lang='lat' dir='ltr'><strong>sunt</strong></span> <span class='ocrx_word' id='word_1_480' title='bbox 822 4551 998 4628; x_wconf 90' lang='lat' dir='ltr'><strong>pronomina</strong></span> <span class='ocrx_word' id='word_1_481' title='bbox 1021 4557 1071 4623; x_wconf 80' lang='lat' dir='ltr'><strong>aut</strong></span> <span class='ocrx_word' id='word_1_482' title='bbox 1099 4552 1197 4610; x_wconf 89' lang='lat' dir='ltr'><strong>minus</strong></span> <span class='ocrx_word' id='word_1_483' title='bbox 1219 4568 1306 4629; x_wconf 83' lang='lat' dir='ltr'><strong>quam</strong></span> <span class='ocrx_word' id='word_1_484' title='bbox 1327 4550 1410 4609; x_wconf 87' lang='lat' dir='ltr'><strong>linita</strong></span> <span class='ocrx_word' id='word_1_485' title='bbox 1432 4556 1481 4609; x_wconf 90' lang='lat' dir='ltr'><strong>aut</strong></span> <span class='ocrx_word' id='word_1_486' title='bbox 1501 4543 1614 4624; x_wconf 78' lang='lat' dir='ltr'><strong>inlinita</strong></span> <span class='ocrx_word' id='word_1_487' title='bbox 1704 4625 1705 4628; x_wconf 7' lang='grc' dir='ltr'><strong>Ἴ</strong></span> 
     </span>
     <span class='ocr_line' id='line_1_42' title="bbox 351 4646 1614 4731; baseline 0.001 -29"><span class='ocrx_word' id='word_1_488' title='bbox 351 4661 456 4707; x_wconf 87' lang='lat' dir='ltr'><strong>rursus</strong></span> <span class='ocrx_word' id='word_1_489' title='bbox 485 4646 635 4707; x_wconf 87' lang='lat' dir='ltr'><strong>linitorum</strong></span> <span class='ocrx_word' id='word_1_490' title='bbox 665 4649 720 4709; x_wconf 88' lang='lat' dir='ltr'><strong>alia</strong></span> <span class='ocrx_word' id='word_1_491' title='bbox 750 4658 817 4709; x_wconf 90' lang='lat' dir='ltr'><strong>sunt</strong></span> <span class='ocrx_word' id='word_1_492' title='bbox 844 4649 1038 4731; x_wconf 89' lang='lat' dir='ltr'><strong>principalia,</strong></span> <span class='ocrx_word' id='word_1_493' title='bbox 1069 4652 1126 4712; x_wconf 88' lang='lat' dir='ltr'><strong>alia</strong></span> <span class='ocrx_word' id='word_1_494' title='bbox 1149 4652 1327 4713; x_wconf 76' lang='lat' dir='ltr'><strong>derivativa:</strong></span> <span class='ocrx_word' id='word_1_495' title='bbox 1356 4653 1439 4713; x_wconf 84' lang='lat' dir='ltr'><strong>finita</strong></span> <span class='ocrx_word' id='word_1_496' title='bbox 1461 4647 1614 4731; x_wconf 83' lang='lat' dir='ltr'><strong>principalia</strong></span> 
     </span>
    </p>
   </div>
   <div class='ocr_carea' id='block_1_4' title="bbox 422 4882 1156 4951">
    <p class='ocr_par' dir='ltr' id='par_1_5' title="bbox 422 4882 1156 4951">
     <span class='ocr_line' id='line_1_43' title="bbox 422 4882 1156 4951; baseline 0.011 -20"><span class='ocrx_word' id='word_1_497' title='bbox 422 4882 599 4951; x_wconf 68' lang='grc'>1511111111]</span> <span class='ocrx_word' id='word_1_498' title='bbox 621 4885 741 4938; x_wconf 83' lang='lat' dir='ltr'><strong>Pdursal.</strong></span> <span class='ocrx_word' id='word_1_499' title='bbox 760 4888 804 4935; x_wconf 79' lang='lat' dir='ltr'><strong>Vrl</strong></span> <span class='ocrx_word' id='word_1_500' title='bbox 823 4888 872 4939; x_wconf 77' lang='grc'>’117</span> <span class='ocrx_word' id='word_1_501' title='bbox 942 4889 977 4940; x_wconf 75' lang='lat' dir='ltr'><strong>‘ld</strong></span> <span class='ocrx_word' id='word_1_502' title='bbox 992 4898 1017 4939; x_wconf 84' lang='lat' dir='ltr'><strong>et</strong></span> <span class='ocrx_word' id='word_1_503' title='bbox 1036 4888 1111 4939; x_wconf 89' lang='lat' dir='ltr'><strong>libius</strong></span> <span class='ocrx_word' id='word_1_504' title='bbox 1130 4890 1156 4939; x_wconf 86' lang='lat' dir='ltr'><em>B</em></span> 
     </span>
    </p>
   </div>
   <div class='ocr_carea' id='block_1_5' title="bbox 0 0 1768 5600">
    <p class='ocr_par' dir='ltr' id='par_1_6' title="bbox 0 0 1768 5600">
     <span class='ocr_line' id='line_1_44' title="bbox 0 0 1768 5600; baseline 0 2"><span class='ocrx_word' id='word_1_505' title='bbox 0 0 1768 5600; x_wconf 95' lang='lat' dir='ltr'><strong> </strong></span> 
     </span>
    </p>
   </div>
  </div>
 </body>
</html>
