3525 5600
757 389 828 454 tus
1373 385 1438 450 369

1240 511 1262 551 p.
1276 497 1373 538 macae
1386 497 1409 537 P.

167 593 205 646 est
224 586 324 664 ‘pasco
346 589 375 640 te
399 582 434 642 ad
456 583 633 662 prandium’
663 588 693 640 et
719 584 842 661 ‘pascor
864 601 880 642 a
902 589 931 641 te
954 582 990 642 ad
1012 581 1198 662 prandium',
1228 582 1286 640 erit
1307 581 1436 641 activum

167 697 191 748 et
210 687 365 765 passivum,
389 687 467 747 sicut
489 693 535 746 est
556 687 719 766 ‘pascite
742 685 853 745 boves
875 687 1014 764 pueri'.
1045 687 1117 745 item
1139 684 1358 763 inspiciendum
1381 692 1435 750 est,

166 809 241 859 num,
267 794 299 847 ul
320 789 468 849 incertum
489 807 582 866 genus
605 789 766 858 alliciatur,
796 807 915 868 semper
942 806 957 848 r
985 788 1086 848 littera
1108 788 1217 847 inierat
1239 789 1385 864 passivam
1408 793 1437 846 et

166 892 379 953 declinationem
402 897 431 950 et
453 891 652 960 intellectum,
677 909 713 950 an
736 898 870 952 mutuum
892 891 949 950 hoc
971 893 1024 959 sit,
1054 897 1087 950 ut
1109 896 1140 948 et
1160 886 1276 948 sublata
1299 905 1315 945 r
1337 887 1437 948 littera

145 995 248 1055 caelica
269 992 429 1052 declinatio
452 1001 481 1052 et
503 995 546 1052 vis
568 993 735 1053 inducatur.
779 999 851 1072 pulo
879 1000 979 1052 tamen
1008 994 1107 1052 omnia
1134 991 1207 1050 haec
1229 987 1320 1049 verba
1342 991 1437 1066 magis
1495 978 1498 982 ’

165 1095 296 1157 neutralia
321 1092 423 1174 [quam
451 1093 644 1175 deponentia]
673 1097 769 1174 prima
792 1097 907 1155 ratione
935 1101 965 1154 et
991 1095 1185 1173 supervenire
1208 1093 1243 1152 ad
1266 1090 1436 1152 similitudi-

165 1217 223 1258 nem
243 1197 448 1257 declinationis
475 1205 504 1256 et
532 1196 701 1257 intellectus
728 1199 839 1276 passivi
868 1216 922 1276 per
950 1196 1079 1258 litteram
1107 1214 1133 1254 r.
1178 1197 1250 1255 item
1272 1192 1369 1270 simile
1392 1202 1437 1254 est

165 1303 283 1368 incesso,
306 1299 384 1378 quod
408 1306 452 1359 est
468 1301 610 1368 activum,
635 1317 702 1359 cum
724 1299 800 1360 dieis
823 1301 971 1376 ‘regina
993 1298 1035 1358 ad
1057 1297 1235 1376 templum
1257 1297 1436 1357 incessit’

164 1420 210 1480 pro
240 1401 359 1461 incedit.
404 1404 434 1461 in
467 1401 522 1462 hac
556 1402 771 1478 significatione
804 1401 937 1462 additum
965 1418 981 1459 r
1007 1419 1066 1460 uon
1094 1401 1164 1460 lacit
1192 1400 1354 1478 passivum:
1377 1416 1436 1458 non

134 1505 235 1562 ioenim
262 1505 395 1564 incessor
422 1520 477 1582 pro
504 1502 628 1563 incedor
655 1503 749 1573 dicas,
773 1503 824 1564 sed
847 1503 1041 1582 propulsor,
1065 1505 1113 1562 cui
1135 1503 1344 1580 significationi
1367 1500 1436 1562 suh·

163 1605 243 1664 lalmn
264 1623 280 1665 r
300 1606 391 1665 laciet
406 1604 539 1665 eiusdem
554 1606 706 1666 interdum
722 1607 947 1684 significationis
963 1607 1104 1672 activum,
1128 1622 1197 1664 uam
1216 1606 1314 1682 ipsum
1336 1603 1437 1663 dicere

163 1725 213 1766 uon
235 1707 357 1776 desinit,
386 1709 538 1768 incessere
561 1727 615 1787 pro
637 1709 767 1787 pulsare.
812 1717 880 1768 sunt
908 1709 998 1768 etiam
1021 1705 1110 1766 verba
1133 1709 1265 1766 incertae
1288 1707 1436 1783 signitica-

163 1810 241 1868 tionis
262 1808 307 1868 rel
330 1809 460 1888 ambigui
490 1813 609 1886 generis
638 1812 717 1871 inter
744 1809 891 1870 naturalia
919 1816 947 1870 el
970 1809 1164 1889 deponentia,
1188 1815 1221 1868 ut
1242 1807 1351 1868 tondeo
1372 1807 1437 1867 lavo

162 1909 265 1970 labrico
287 1912 376 1989 punio
399 1929 522 1972 munero
544 1914 642 1991 partio
664 1912 772 1991 populo
794 1911 929 1974 adsentio
944 1911 1032 1972 adulo
1046 1911 1126 1972 lucto
1148 1927 1260 1988 auguro
1282 1917 1311 1970 et
1327 1917 1436 1970 celera.

133 2011 226 2072 atreo
247 2013 343 2073 omnia
366 2013 421 2073 suh
444 2013 547 2074 eadem
575 2017 603 2073 vi
632 2022 661 2074 et
690 2016 720 2074 in
743 2033 758 2073 r
781 2014 880 2074 littera
908 2015 1067 2083 liniuntur,
1096 2021 1129 2073 ut
1156 2012 1281 2074 tondeor
1310 2021 1340 2073 et
1367 2011 1437 2072 reli·
1525 2075 1529 2081 ,

163 2133 221 2192 qua.
270 2123 357 2194 alque
390 2116 528 2178 omnibns
566 2116 613 2176 his
651 2115 751 2176 verbis
790 2123 923 2194 tempora
960 2118 1185 2196 participiorum
1219 2105 1376 2175 accidunt'
1392 2116 1437 2174 in·

162 2217 268 2276 tendum
295 2235 389 2296 paene
418 2220 530 2287 omnia,
559 2225 661 2298 utpote
689 2235 756 2278 cum
785 2217 914 2278 liberum
941 2222 981 2279 sit
1003 2217 1040 2279 ah
1063 2216 1206 2278 utralibet
1227 2217 1437 2278 declinationis

162 2321 250 2397 speeie
278 2321 434 2399 participia
462 2329 652 2399 praesumpta
682 2322 820 2380 lormare.
866 2323 906 2380 ita
935 2339 951 2380 a
976 2315 982 2401 Ι
1007 2323 1104 2399 partio
1136 2322 1268 2399 partiens
1302 2318 1436 2386 lundum,

163 2423 315 2499 partiturus
336 2421 476 2490 lundum,
500 2442 516 2483 a
538 2424 654 2502 partior
675 2425 802 2501 partitus
824 2422 965 2492 lundum;
993 2425 1067 2482 item
1094 2440 1257 2482 amunero
1279 2439 1438 2481 munerans

132 2530 375 2593 remuneraturus,
399 2544 416 2586 a
438 2542 579 2584 muneror
601 2532 783 2585 muneratus.
814 2527 886 2584 item
908 2526 976 2584 nori
998 2526 1118 2602 generis
1139 2523 1262 2584 verbum
1285 2531 1329 2583 est
1350 2523 1436 2591 laeio,

162 2627 198 2684 lta
220 2634 249 2685 ut
271 2629 403 2700 incertae
425 2627 652 2704 significationis
675 2629 729 2696 sit,
753 2635 853 2686 utrum
875 2626 933 2686 hoc
955 2627 1089 2687 neutrale
1110 2629 1225 2705 potius,
1249 2645 1286 2687 au
1308 2628 1437 2686 activum

162 2745 218 2786 esse
240 2727 383 2789 rideatur.
428 2747 496 2788 nam
523 2731 548 2788 si
577 2729 702 2790 sormam
731 2728 917 2797 consideres,
946 2729 1024 2809 quod
1051 2737 1172 2809 accepta
1194 2747 1210 2788 r
1232 2728 1356 2789 latinum
1377 2745 1436 2786 non

161 2838 200 2889 est
230 2832 338 2900 lacior,
374 2830 493 2891 videtur
519 2831 653 2892 neutrale
682 2848 757 2891 esse.
803 2840 832 2891 at
858 2849 964 2892 rursus
990 2834 1129 2911 quoniam
1156 2833 1305 2911 passivum
1338 2830 1436 2898 habet,

162 2938 248 3009 potest
275 2932 334 2993 dici
363 2934 499 2993 activum.
545 2934 694 3012 passivum
728 2935 792 2993 eius
825 2940 870 2993 est
897 2935 945 2993 llo.
990 2941 1020 2993 et
1047 2936 1260 3013 cuiuscumque
1287 2935 1437 3013 passivum

131 3041 249 3103 uentu,
277 3053 335 3113 quo
356 3034 444 3094 modo
472 3042 568 3114 potest
595 3037 724 3095 activum
746 3054 806 3096 non
828 3037 947 3115 putari?
974 3037 1026 3096 sed
1048 3036 1142 3113 ligura
1165 3036 1336 3096 ultimarum
1358 3036 1437 3095 litte·

161 3154 252 3195 rarum
274 3138 439 3215 quaeritur.
476 3155 581 3197 vocum
608 3140 687 3197 enim
714 3145 829 3198 tantum
857 3137 976 3215 regulas
997 3140 1208 3215 grammaticus
1231 3140 1315 3218 sequi
1338 3137 1436 3197 debet.

161 3246 309 3317 utrumque
331 3241 468 3299 neutrius
489 3241 610 3317 generis
631 3239 800 3300 habendum
823 3249 884 3310 est,
908 3247 937 3300 et
959 3249 1047 3300 erunt
1070 3242 1101 3300 in
1123 3248 1249 3319 utroque
1272 3239 1331 3300 duo
1352 3257 1436 3307 nova,

161 3344 189 3397 ut
213 3347 240 3400 et
268 3340 344 3400 lacio
373 3339 512 3411 verbtrm,
544 3344 629 3402 cuius
657 3344 805 3421 passivum
834 3350 929 3411 extat,
953 3344 1080 3402 activum
1102 3360 1160 3402 non
1183 3345 1237 3411 sit,
1260 3349 1290 3402 et
1311 3343 1350 3401 lio
1372 3359 1437 3401 ver·

161 3438 237 3510 bum,
269 3460 336 3503 cum
368 3445 510 3522 patientis
540 3445 785 3521 significationem
818 3443 926 3505 habeat
958 3452 988 3504 et
1016 3446 1144 3505 activum
1171 3446 1237 3504 eius
1265 3451 1359 3513 extet,
1382 3462 1437 3504 nee

130 3544 301 3619 apassimm
329 3545 368 3604 sit
394 3563 450 3605 uec
478 3545 646 3625 deponens,
676 3547 728 3606 sed
751 3555 892 3607 neutrmn
914 3549 1013 3626 potius
1034 3545 1193 3617 habeatur,
1217 3547 1356 3627 quoniam
1378 3564 1436 3605 non

160 3662 173 3702 r
192 3644 286 3706 littera
308 3648 496 3707 terminatur.
528 3648 623 3707 simile
640 3655 685 3707 est
700 3648 794 3708 vendo
817 3656 846 3709 et
868 3667 977 3709 veneo:
1001 3668 1068 3709 nam
1089 3649 1184 3710 vendo
1206 3650 1323 3727 agentis
1344 3650 1436 3725 signi-

223 3920 280 3969 let
293 3934 384 3985 pascor
402 3934 417 3967 a
438 3928 462 3969 te
481 3918 512 3968 ad
532 3919 666 3985 prandium
685 3935 730 3969 om.
752 3920 785 3969 M
852 3921 921 3970 iaie
939 3921 1024 3971 estM
1091 3918 1198 3987 pascite]
1222 3920 1300 3985 Verp.
1318 3920 1397 3969 dueol.
1414 3920 1437 3983 l,

159 3986 189 4038 tt
205 3989 309 4053 pascite,
330 3998 356 4038 ut
374 3996 441 4045 ante,
458 3988 545 4047 boves,
565 3990 652 4054 pueri:
672 3990 708 4053 cf.
724 3986 796 4043 Seru.
814 3993 839 4039 iu
857 3992 936 4054 Verp.
957 3990 1023 4044 Aen,
1043 3990 1054 4037 l
1075 3990 1125 4041 194
1193 3993 1210 4040 4
1229 4004 1261 4038 en
1280 3998 1375 4038 motum
1389 3987 1438 4037 hoc

159 4058 188 4105 sit
201 4058 224 4106 B
238 4073 270 4107 on
284 4070 398 4108 mutuum
417 4058 464 4108 hoc
479 4058 506 4108 llt
521 4060 545 4109 L
560 4073 591 4107 an
607 4067 722 4109 mutuum
740 4058 788 4109 hoc
806 4060 836 4109 M
924 4068 952 4109 nt
969 4058 1070 4109 sublata
1087 4060 1120 4109 M
1199 4061 1315 4110 declina
1333 4059 1437 4109 clinatio

161 4126 188 4175 ,tl
203 4129 277 4177 actiui
294 4128 430 4178 declinatio
450 4129 475 4179 B
493 4129 577 4178 aetina
595 4129 765 4179 declinatione
783 4131 808 4179 L
894 4130 911 4180 6
931 4143 1006 4192 quem
1025 4129 1178 4194 deponentia
1195 4143 1240 4177 om.
1258 4130 1318 4178 ML
1404 4129 1438 4178 ed

160 4211 199 4244 om.
218 4197 251 4245 M
315 4195 447 4264 Bregma]
469 4198 547 4263 Verp,
565 4198 630 4251 Aen.
652 4198 732 4250 149ss
802 4196 916 4266 lucessit]
935 4198 1055 4249 ceasitM
1124 4195 1271 4264 lupence]
1293 4198 1368 4263 pulso
1386 4198 1438 4247 BL

221 4268 252 4316 12
271 4267 363 4317 desinit
380 4270 420 4319 uel
440 4268 545 4318 desinit'
569 4268 606 4333 (lt,
628 4284 650 4320 e.
671 4268 808 4331 desinitur)
831 4270 857 4318 in
878 4284 957 4334 marp.
977 4268 1038 4323 add.
1061 4268 1101 4317 M.
1118 4282 1152 4316 an
1168 4266 1252 4317 dicere
1272 4281 1322 4317 non
1341 4268 1437 4317 desini·

160 4336 226 4383 mua?
243 4344 268 4386 ut
286 4338 413 4386 incessere
432 4340 565 4388 etiamalio
586 4341 670 4389 altero
686 4340 868 4402 aipnfieatioue
880 4354 930 4402 pro
943 4340 1060 4388 incedere
1079 4338 1130 4387 clici
1145 4340 1298 4401 ripoificelur
1357 4338 1436 4386 incer·

161 4420 209 4453 sere
226 4407 250 4455 L
319 4407 352 4459 13
372 4408 436 4457 inter
454 4416 543 4457 neutra
562 4418 587 4457 et
605 4408 757 4473 deponentia
775 4408 806 4456 M
822 4408 887 4458 inter
904 4409 1018 4458 neutrale
1037 4422 1121 4473 genus
1134 4416 1159 4456 et
1175 4408 1311 4472 deponant.
1329 4406 1355 4453 B
1373 4406 1437 4456 inter

161 4475 263 4524 neutrale}
280 4490 360 4541 genua
381 4486 406 4526 et
422 4476 560 4543 deponenti
577 4478 602 4527 L
672 4477 763 4525 tondeo
788 4478 869 4527 condo
891 4479 948 4527 lauo
966 4478 1000 4527 M
1068 4478 1099 4527 14
1124 4486 1148 4525 et
1169 4487 1251 4527 cetera
1272 4493 1317 4528 om
1337 4475 1369 4525 M

161 4544 188 4594 15
205 4545 228 4593 ni
244 4560 299 4595 cnm
318 4548 344 4594 in
362 4560 374 4593 r
391 4546 422 4595 M
494 4547 526 4596 l'l
545 4548 576 4596 ab
594 4555 700 4609 utroque
718 4546 779 4595 libet
798 4548 830 4596 M
887 4547 921 4598 18
937 4547 1057 4596 formaret
1074 4548 1109 4595 ita
1125 4562 1140 4596 a
1158 4548 1239 4611 partio
1257 4548 1305 4596 neti
1324 4546 1437 4612 partiens

161 4613 203 4661 lut'
217 4618 352 4678 pertituros
372 4615 479 4666 landum
498 4616 524 4667 B
582 4616 797 4665 adseueranda
865 4617 899 4668 23
914 4617 982 4666 laeio
999 4616 1091 4666 BML
1159 4616 1193 4665 24
1211 4618 1343 4681 pastinum
1361 4615 1436 4665 habet

161 4683 188 4731 de
206 4691 286 4748 potest
304 4686 353 4735 dici
372 4686 482 4735 uotiuum
500 4696 525 4735 et
542 4688 724 4749 cuiuscumque
737 4680 768 4735 M
825 4688 858 4737 26
872 4687 944 4750 sequi
957 4686 1032 4735 debet
1044 4685 1076 4734 M
1093 4682 1168 4734 hebet
1181 4686 1236 4736 BL
1289 4687 1323 4735 27
1339 4694 1437 4735 utrum-

161 4766 203 4811 qne
220 4754 348 4819 utriusque
365 4771 434 4809 corr.
455 4759 489 4810 al.
509 4772 573 4809 mon.
592 4764 728 4820 utrumque
744 4756 906 4820 neutriusque
924 4756 949 4806 B
1032 4756 1067 4805 28
1088 4755 1194 4804 uerbum
1213 4757 1322 4806 actiunm
1342 4770 1392 4805 non
1410 4756 1437 4804 llt

162 4822 225 4871 cuine
238 4825 367 4887 prasinum
387 4835 470 4877 exsut
488 4834 512 4875 et
531 4826 563 4875 lio
582 4825 612 4875 M
665 4840 714 4876 raon
734 4828 766 4876 ait
784 4826 923 4877 Siodardur
939 4842 991 4876 non
1009 4826 1036 4874 ιιι
1051 4826 1105 4875 BL
1160 4826 1195 4877 29
1208 4835 1233 4876 ot
1251 4828 1360 4876 actiunm
1380 4827 1436 4876 eius

161 4899 223 4942 extet
241 4894 271 4943 M
289 4896 395 4945 uotiuum
415 4897 470 4946 eius
490 4897 557 4959 quod
576 4894 664 4956 (qnam
678 4897 716 4959 B)
736 4904 803 4947 extet
821 4896 875 4950 BL
934 4896 968 4952 30
986 4897 1020 4948 eit
1037 4897 1062 4948 B
1080 4895 1107 4945 dt
1123 4898 1156 4962 L,
1173 4911 1219 4947 om.
1240 4896 1273 4945 M
