3525 5600
683 397 920 460 denuntiavit
1385 383 1444 454 139

1274 515 1293 556 p.
1307 503 1383 542 94-97
1398 501 1419 540 t.

173 611 225 654 nou
244 589 377 652 delemus
398 592 469 651 istas
492 595 591 670 partes
613 596 791 667 conputare,
816 603 892 664 quae
913 591 1014 665 partes
1037 585 1186 646 naturales
1202 593 1280 653 sunt,
1298 601 1367 657 non,
1392 582 1443 642 sed

170 695 228 754 illas
246 699 414 771 conputare,
444 711 519 774 quae
541 687 577 752 ex‘
600 699 664 753 arte
686 690 881 752 descendunt.
919 693 993 750 istae
1021 695 1119 749 autem
1148 685 1298 748 naturales
1325 705 1385 748 non
1409 705 1444 747 ex

171 805 227 859 arto
245 795 430 857 descendunt.
459 794 513 856 sed
535 795 667 855 Donatus
689 795 720 854 in
742 793 798 854 alia
820 801 905 872 parte
928 790 1005 854 male
1027 791 1112 861 lecit,
1136 790 1214 870 quod
1238 789 1287 850 ille
1302 809 1361 851 non
1376 790 1446 850 lecit

170 902 262 981 perite.
289 899 530 978 conparationem
553 897 759 957 adnumeravit
781 896 913 956 Donatus
935 897 966 956 in
989 893 1044 956 ltac
1067 893 1224 955 divisione:
1249 911 1309 953 non
1332 891 1442 952 debuit.

151 1008 280 1084 spropter
299 1018 387 1080 quam
409 1000 549 1061 causam?
571 997 640 1059 illae
662 1000 741 1059 enim
764 999 897 1078 quinque
920 1015 968 1057 res
983 994 1059 1058 hene
1076 1003 1265 1057 enumeratae
1280 1001 1359 1063 sunt,
1377 995 1445 1074 quia

170 1123 275 1184 semper
295 1101 445 1170 accidunt,
468 1100 592 1181 qualitas
614 1119 709 1178 genus
731 1118 873 1162 numerus
889 1101 983 1178 ligura
998 1115 1098 1160 casus:
1123 1097 1237 1160 nullum
1253 1115 1360 1159 nomen
1378 1115 1445 1158 csse

168 1215 254 1287 potest
271 1201 276 1285 Ι
292 1205 356 1265 sine
378 1203 532 1285 qualitate,
556 1202 671 1264 nullum
693 1203 758 1262 sine
778 1219 903 1280 genere,
928 1195 1042 1262 nullum
1064 1203 1127 1262 sine
1143 1219 1229 1271 casn,
1254 1199 1366 1262 nullum
1382 1201 1445 1260 sine

169 1311 266 1387 figura,
287 1306 400 1373 nullum
421 1308 486 1366 sine
508 1323 643 1366 numero.
674 1306 748 1364 istae
770 1306 902 1384 quinque
925 1323 974 1364 res
996 1323 1115 1383 semper
1137 1303 1299 1365 cohaerent
1321 1304 1443 1364 nomini.

169 1410 340 1470 econtrario
368 1409 560 1469 inveniuntur
587 1409 709 1468 nomina
736 1423 812 1489 quae
839 1412 943 1466 carent
975 1407 1194 1486 conparatione.
1244 1406 1350 1466 doctus
1378 1405 1447 1466 lacit

139 1512 285 1580 indoctiom
306 1509 417 1570 Hector
439 1528 499 1570 non
521 1511 627 1589 recipit
649 1510 901 1589 conparationem.
932 1507 1074 1586 numquid
1091 1509 1161 1570 lacit
1176 1507 1349 1570 llectoriorl
1373 1509 1445 1587 quin

169 1633 229 1675 cum
248 1615 304 1673 sint
324 1614 440 1692 specics
462 1612 616 1672 nominum
639 1609 885 1691 appellativorum
909 1612 1009 1688 viginti
1034 1619 1063 1672 et
1084 1618 1207 1690 septem,
1231 1629 1290 1671 non
1314 1617 1382 1672 sunt
1404 1609 1445 1670 ibi

169 1717 217 1776 nisi
231 1715 311 1782 duae,
328 1713 438 1792 quibus
453 1712 591 1774 accidunt
607 1716 843 1793 conparationem
860 1712 1007 1793 qualitatis
1023 1720 1052 1774 et
1068 1714 1247 1791 quantitatis.
1278 1729 1349 1790 ergo
1365 1712 1446 1772 vides

169 1818 292 1897 quoniam
320 1817 352 1876 in
375 1835 411 1877 eo
434 1818 581 1896 peccavit,
611 1817 752 1896 qnoniam
781 1814 986 1876 adnumeravit
1015 1815 1271 1894 conparationem,
1299 1833 1363 1874 rem
1386 1833 1446 1875 non

169 1936 312 1998 numquam
341 1917 541 1989 accidentem,
569 1919 648 1979 inter
680 1937 729 1979 res
756 1937 876 1998 semper
904 1917 1081 1979 accidentes.
1126 1915 1192 1976 illac
1221 1918 1299 1976 enim
1329 1935 1447 1997 semper

139 2021 305 2088 reaccidunt,
329 2019 456 2099 qualitas
478 2038 573 2100 genus
594 2039 739 2081 numerus
760 2021 854 2100 tlgura
876 2037 977 2088 casum
1001 2018 1050 2080 illa
1073 2037 1134 2080 non
1157 2037 1318 2099 numquam
1330 2018 1445 2080 accidit.

168 2123 214 2182 hoc
233 2123 327 2182 sciens
354 2121 472 2183 Probus
499 2121 643 2184 abstinuit
665 2143 713 2183 se:
741 2123 820 2183 inter
849 2120 1013 2182 accidentia
1036 2139 1154 2201 semper
1182 2139 1241 2181 non
1270 2120 1346 2182 dixit
1372 2119 1445 2183 illud

168 2223 232 2304 quod
253 2241 313 2283 non
336 2239 499 2301 numquam
522 2223 645 2294 accidit,
669 2245 744 2293 non,
767 2223 819 2284 sed
843 2223 916 2285 divit
938 2225 1063 2284 ‘nomini
1086 2221 1226 2284 accidunt
1247 2222 1372 2304 qualitas
1395 2241 1445 2302 ge·

167 2345 213 2387 nus
232 2343 372 2386 numerus
394 2327 488 2403 figura
510 2328 637 2396 casus',.
654 2333 684 2388 ct
705 2345 765 2388 non
787 2325 838 2386 dat
858 2327 1101 2406 conparationem
1124 2325 1246 2386 nomini.
1288 2327 1364 2404 siqui
1392 2325 1446 2386 tihi

167 2429 233 2489 dicat
253 2432 358 2509 ‘quare
386 2426 436 2488 ille
464 2428 634 2507 conputavit
663 2436 694 2488 et
719 2427 768 2488 ille
798 2429 894 2488 nonl’
922 2429 998 2488 iusta
1026 2429 1141 2489 ratione
1170 2445 1229 2488 non
1258 2423 1445 2508 conputalvit

137 2533 250 2592 amiens
270 2549 331 2591 non
354 2549 474 2609 semper
496 2530 632 2590 accidere
654 2531 769 2624 nomini
791 2531 1048 2610 conparationem;
1079 2538 1108 2589 ot
1136 2529 1215 2609 quod
1245 2547 1303 2590 nou
1327 2547 1446 2608 semper

165 2633 273 2702 accidit,
297 2651 357 2694 non
380 2631 470 2692 debet
491 2634 562 2712 poni
585 2634 663 2693 inter
684 2631 714 2692 id
737 2631 815 2712 quod
838 2651 957 2712 semper
980 2630 1094 2692 accidit.
1141 2631 1197 2692 hoc
1220 2631 1298 2691 onim
1326 2650 1445 2711 semper

162 2733 256 2796 accidit
278 2737 319 2805 ei,
344 2736 476 2814 quinque
497 2735 571 2794 istae
592 2742 708 2816 partes,
736 2732 786 2794 illa
814 2751 873 2794 non
902 2751 1029 2815 semper.
1076 2752 1220 2814 ergosen
1243 2741 1344 2814 partes
1368 2731 1445 2819 [ora-

163 2836 255 2918 tionis]
280 2838 419 2899 accidunt
442 2838 563 2897 nomini.
609 2836 761 2898 videamus
782 2838 923 2916 singulas.

662 3020 710 3067 DE
732 3019 936 3080 Qvanlrarn·

136 3144 156 3183 a
238 3127 367 3199 Qualitas
389 3129 542 3188 nominum
566 3125 771 3207 principaliter
793 3124 934 3186 dividitur
955 3128 986 3185 in
1009 3127 1083 3189 duas
1106 3136 1213 3206 partes.
1246 3130 1344 3189 omnia
1368 3129 1517 3191 animno,
1532 3131 1564 3179 37

166 3230 271 3288 nomina
297 3229 522 3309 apudeatinos
549 3238 600 3289 aut
628 3230 747 3308 propria
776 3236 846 3289 sunt
873 3236 924 3288 aut
961 3228 1146 3308 appellativa.
1192 3229 1256 3289 vide
1284 3231 1363 3309 quod
1392 3230 1445 3291 tibi

166 3329 234 3389 dico:
256 3329 333 3391 aliud
356 3333 436 3392 enirn
460 3330 570 3391 habent
591 3330 711 3391 Graeci:
746 3332 844 3392 omnia
867 3333 986 3392 nomina
1009 3330 1086 3411 apud
1110 3332 1230 3393 Latinos
1253 3339 1303 3392 aut
1325 3336 1445 3412 propria
1479 3352 1480 3357 ¹

166 3440 225 3491 sunt
248 3440 297 3493 aut
323 3431 508 3511 appellativa.
553 3433 583 3491 in
606 3450 708 3492 rerum
731 3440 835 3495 natura
863 3432 949 3493 aliam
973 3433 1146 3494 divisionem
1169 3453 1228 3495 non
1252 3434 1345 3496 habes
1369 3435 1444 3515 apud

166 3532 278 3594 Latinos.
324 3552 530 3614 quaecumque
556 3540 626 3593 sunt
648 3536 768 3595 nomina
791 3534 868 3612 apud
892 3534 1026 3605 Latinos,
1050 3536 1075 3595 si
1098 3538 1218 3615 propria
1241 3555 1300 3597 non
1323 3537 1444 3605 luerint,

137 3634 325 3713 oappellativa
348 3644 433 3705 sunt;
457 3637 576 3697 sillem
599 3635 774 3717 appellativa
797 3655 857 3697 non
880 3638 1005 3709 luerint,
1034 3640 1155 3718 propria
1177 3646 1254 3700 sunt.
1300 3638 1351 3699 sed
1375 3637 1444 3699 sub·

164 3735 308 3799 divisiones
329 3746 400 3799 sont
421 3736 498 3817 apud
521 3746 590 3798 nos(

337 3922 385 3969 DE
408 3922 597 3971 SPEGIEBVS
619 3922 847 3970 PBOPRIORVM
870 3923 915 3969 ET
937 3922 1257 3971 APPnnLfflvonvrc

236 4028 267 4087 ln
289 4029 414 4107 proprio
435 4030 557 4088 nomine
579 4035 716 4105 quattuor
738 4036 807 4089 sunt
829 4031 958 4108 species,
983 4030 1013 4089 in
1036 4027 1212 4109 appellativo
1234 4029 1379 4093 habemus
1402 4034 1443 4092 vi·

165 4129 226 4205 giuti
247 4139 276 4188 et
295 4138 410 4209 septem
432 4131 558 4209 species.
589 4128 643 4190 has
657 4131 763 4191 Gracci
784 4130 964 4193 rettulerunt
978 4130 1014 4191 ad
1037 4139 1152 4211 septem
1175 4122 1298 4212 spcc'ies.
1332 4132 1445 4195 habetis

139 4228 376 4308 adiligcntissime
397 4233 429 4290 in
444 4230 600 4311 Apollonio
622 4239 777 4294 tractatum
801 4233 838 4293 de
859 4232 1024 4313 spejcielvus
1047 4234 1120 4294 istis.
1152 4234 1362 4315 sedquoniam
1385 4254 1445 4297 non

223 4419 365 4469 lnonoed
386 4418 475 4469 BOa:
494 4418 648 4473 nonnanA
715 4419 1081 4471 licaveutBGacareantA
1151 4421 1181 4472 11
1194 4422 1231 4470 ibi
1250 4423 1445 4487 conparationes

166 4485 206 4535 nisi
222 4488 269 4537 dno
284 4489 362 4545 (duae
379 4487 429 4552 bc)
447 4504 512 4553 quae
530 4490 652 4538 accedunt
672 4488 802 4554 (accidunt
820 4488 858 4552 B)
879 4491 995 4553 qualitati
1014 4500 1038 4540 et
1056 4492 1189 4554 quantitati
1205 4491 1278 4541 BCa
1295 4493 1331 4541 ibi
1349 4508 1443 4559 conpo-

165 4556 262 4607 rationes
285 4559 335 4608 atsi
356 4558 408 4608 duo
432 4558 566 4621 qualitates
588 4559 648 4607 dum
670 4562 793 4610 accedunt
811 4561 946 4624 qualitates
964 4568 989 4609 et
1013 4562 1167 4625 quantitates
1186 4562 1209 4609 A
1297 4563 1328 4612 17
1349 4564 1445 4613 nomini

165 4622 267 4675 accidunt
284 4628 309 4677 B
325 4628 423 4678 nomini
438 4628 562 4678 accedunt
576 4629 596 4679 0
610 4632 706 4680 nomini
725 4630 823 4680 accedit
837 4631 862 4679 Α
931 4629 966 4680 20
981 4633 1065 4681 sciens
1082 4645 1131 4681 non
1151 4630 1194 4679 At
1210 4632 1294 4682 sciens
1311 4634 1377 4683 enim
1394 4648 1445 4685 nnn

166 4692 225 4745 noa
290 4698 693 4765 etquodscmpcruonABG
760 4699 1443 4767 23nominilnaonucvrarrurnsannssruunmsl

167 4764 260 4825 qualitas
275 4766 299 4815 A
370 4768 403 4817 27
431 4768 499 4833 apud
524 4768 616 4819 latinos
637 4778 680 4819 ant
696 4771 802 4835 proprie
819 4780 863 4820 aut
880 4771 1035 4835 appellatiua
1053 4781 1112 4820 sunt
1131 4771 1189 4822 uide
1204 4770 1335 4838 BOapud
1353 4774 1444 4823 latinos

167 4834 216 4883 uide
231 4837 254 4884 A
322 4838 357 4889 29
380 4838 485 4886 nomina
505 4839 574 4902 apud
591 4840 685 4889 latinos
703 4840 725 4889 si
743 4842 847 4906 propria
866 4841 941 4891 nna
959 4840 1063 4889 nomina
1085 4841 1152 4907 apud
1171 4842 1263 4893 latinos
1280 4852 1323 4893 aut
1342 4844 1445 4909 proprie

167 4913 216 4953 runt
231 4915 271 4954 aut
286 4904 443 4974 appellatiua
463 4949 469 4961 .
485 4949 509 4960 ,.
584 4910 690 4975 propria
707 4909 731 4957 A
801 4910 834 4962 35
851 4910 998 4976 appollouio
1017 4910 1073 4959 AB
1090 4911 1262 4977 appolonloO
