3525 5600
1461 349 1474 378 S

230 419 235 440 '
330 435 393 501 476
882 436 1067 500 uvrvcnrs

355 557 378 598 p.
393 545 512 588 lateat.
1424 547 1582 598 patrant.

330 627 445 707 primae
468 632 549 694 sunt,
579 631 612 685 ut
639 641 710 702 rogo
738 641 839 702 rogas,
870 627 1022 702 interrogo
1048 625 1226 702 interrogas.
1272 645 1345 705 cogo
1373 628 1454 686 enim
1476 628 1554 704 cogis
1572 627 1602 687 ah

330 745 385 806 ago
407 727 617 807 compositum,
641 725 719 805 quod
741 725 872 788 ostendit
895 733 925 786 et
946 728 978 786 in
1000 727 1163 805 praeterito
1190 728 1324 806 perlecto
1351 745 1405 788 suo
1427 729 1525 804 coegi,
1550 747 1602 788 ser·

329 837 378 890 vat
399 829 638 906 coniugationem
660 829 814 906 primitivi.
844 847 864 888 ιι
887 827 1082 888 antecedente
1104 830 1218 908 primae
1241 837 1318 899 sunt,
1342 835 1376 890 nt
1397 830 1469 906 iugo
1491 831 1602 906 coningo

329 947 460 1008 conrugo
489 945 585 1006 nugor
611 931 747 1007 nugaris,
777 948 853 1008 quae
876 948 893 990 a
914 929 1085 990 nominibus
1113 930 1183 1008 iuga
1205 932 1307 1008 iugum
1329 948 1405 1008 ruga
1426 947 1520 1008 nugas
1539 932 1602 992 iacta

328 1035 393 1093 inre
423 1037 492 1092 sunt
519 1032 643 1110 primae.
687 1037 807 1091 notatur
835 1033 942 1092 tertiae
970 1047 1045 1108 sugo
1071 1032 1169 1108 sugis,
1198 1041 1231 1092 ut
1257 1034 1455 1112 primitivum.
1498 1033 1564 1092 item
1586 1052 1622 1102 ιιι

328 1133 372 1194 vel
396 1151 411 1193 r
434 1132 679 1195 antecedentibus
708 1139 775 1194 ante
803 1150 857 1210 go,
887 1135 948 1193 nisi
977 1135 1038 1194 sint
1059 1151 1076 1192 a
1098 1131 1284 1213 nominihus,
1317 1151 1504 1213 quacumque
1525 1134 1601 1194 rocah

328 1237 493 1315 anteposita
522 1236 628 1294 tertiae
657 1241 726 1294 sunt
754 1237 852 1294 omnia
880 1235 1112 1312 coniugationis,
1135 1241 1168 1294 ut
1190 1242 1278 1312 tango
1299 1236 1406 1314 irango
1427 1254 1537 1315 pango,
1557 1235 1605 1295 llo

326 1339 421 1398 ratius
443 1336 639 1415 epistularum
662 1333 739 1396 libro
761 1335 774 1395 l

477 1455 544 1497 nec
566 1453 647 1498 cum
670 1437 799 1497 venari
821 1436 924 1498 volet
944 1437 1028 1507 ille,
1053 1445 1224 1517 poemata
1245 1456 1401 1518 pangas:

327 1541 434 1623 plango
462 1541 541 1618 lingo
570 1539 669 1616 mingo
696 1541 787 1616 ningo
814 1539 896 1616 tingo
923 1541 1043 1617 emingo
1075 1541 1190 1618 stringo
1220 1542 1372 1617 restringo
1406 1542 1495 1618 cingo
1526 1542 1632 1620 pingam

325 1644 406 1722 lingo
434 1643 539 1720 ringor
567 1635 572 1721 Ι
601 1642 691 1719 iungo
720 1657 799 1718 ungo
827 1658 955 1719 emungo
988 1659 1087 1721 pungo
1121 1643 1229 1720 iungor
1259 1660 1368 1722 spargo
1398 1659 1501 1719 mergo
1531 1651 1604 1721 tergo

326 1764 416 1824 vergo
443 1747 566 1821 invergo
594 1759 693 1820 surgo.
732 1759 826 1820 purgo
854 1744 934 1802 enim
962 1760 1072 1822 purgas
1100 1762 1117 1804 a
1145 1761 1238 1822 purus
1260 1745 1379 1804 nomine
1402 1743 1561 1804 derivatum
1579 1752 1604 1804 et

326 1850 414 1926 iurgo
436 1847 537 1924 iurgas
559 1843 596 1904 ab
619 1862 655 1904 co
677 1843 755 1923 quod
779 1852 826 1903 cst
847 1845 915 1905 iure
938 1861 1031 1922 urgeo
1053 1843 1222 1905 traductum
1244 1852 1275 1905 et
1295 1845 1306 1904 l
1328 1852 1396 1905 ante
1418 1863 1438 1923 g
1460 1847 1605 1906 adsumens

324 1949 426 2028 vulgo,
458 1967 473 2009 a
501 1965 560 2026 quo
588 1945 676 2006 etiam
708 1945 863 2024 promulgo
891 1947 1062 2026 promulgas
1089 1947 1291 2026 componitur,
1320 1965 1337 2007 a
1366 1946 1471 2025 vulgus
1496 1949 1603 2008 nomine

326 2051 500 2118 deductum,
522 2049 630 2108 merito
653 2048 765 2125 primae
788 2053 857 2108 sunt
879 2049 1105 2125 coniugationis.
1613 2082 1632 2121 n

409 2151 649 2230 inspirationem
678 2158 745 2208 aute
776 2167 793 2208 o
823 2147 962 2209 habentia
990 2149 1081 2211 latina
1108 2150 1167 2210 duo
1189 2158 1274 2220 sunt,
1297 2169 1373 2231 quae
1397 2151 1508 2212 nullam
1528 2169 1603 2212 occa·

326 2255 439 2316 sionem
462 2252 653 2312 derivationis
675 2252 869 2311 monstrantia
891 2252 999 2311 tertiae
1022 2258 1092 2312 sunt
1113 2253 1344 2330 coniugationis,
1366 2259 1401 2312 ut
1424 2253 1507 2313 traho
1527 2252 1602 2322 veho,

324 2365 355 2418 et
375 2373 451 2436 quae
474 2372 510 2414 cs
532 2353 578 2412 his
606 2359 839 2432 componuntur,
871 2351 993 2412 retraho
1021 2353 1164 2414 subtraho
1186 2353 1298 2414 adveho
1319 2354 1451 2434 proveho
1472 2354 1602 2414 stibreho.
1704 2342 1705 2345 ¹

324 2476 393 2520 nam
414 2455 566 2534 triumpho
589 2453 718 2514 bacchor
733 2454 902 2515 stomachor
917 2461 948 2514 et
961 2471 1068 2530 graeca
1090 2462 1174 2525 sunt,
1198 2465 1229 2516 et
1252 2475 1268 2516 a
1291 2456 1461 2517 nominihus
1483 2455 1603 2516 derivata

322 2561 387 2621 inre
409 2559 522 2638 primae
545 2564 614 2617 sunt
635 2555 859 2632 coniugationis.
1357 2575 1361 2584 ·
1611 2590 1632 2628 ,ο

407 2661 462 2722 Aio
484 2666 514 2719 et
535 2659 627 2728 meio,
650 2656 729 2736 quod
752 2665 782 2716 et
802 2658 902 2735 mingo
924 2657 1046 2727 dicitur,
1074 2659 1085 2718 i
1108 2654 1124 2739 ll
1147 2676 1202 2738 pro
1224 2667 1406 2720 consonante
1428 2667 1495 2720 ante
1517 2677 1535 2718 o
1555 2659 1602 2720 ha·

323 2763 439 2833 hentia,
468 2762 574 2822 tertiae
597 2767 679 2828 sunt,
707 2764 741 2819 ut
762 2759 927 2839 primitiva,
956 2766 986 2820 et
1008 2758 1079 2820 licet
1101 2759 1247 2821 defectiva
1269 2769 1354 2833 sunt,
1377 2759 1488 2823 hahent
1510 2768 1602 2821 umen

322 2864 467 2945 quaedam
489 2864 572 2941 signa
600 2862 715 2923 tertiae.
760 2862 849 2921 tertia
878 2863 959 2921 cuim
986 2880 1114 2941 persona
1136 2861 1261 2943 pluralis
1283 2866 1368 2924 aiunt
1394 2869 1426 2923 et
1446 2864 1604 2925 intiuitirus
1705 2915 1706 2920 ,

321 2968 433 3028 meiere
456 2964 533 3045 apud
555 2962 722 3024 iuvenalem
744 2964 776 3023 in
798 2964 895 3043 primo
915 2962 994 3024 libro
1015 2962 1125 3033 lectus,

473 3067 581 3127 cuius
604 3064 647 3125 ad
670 3063 841 3142 elligiem
863 3081 936 3125 non
958 3072 1101 3125 tantum
1123 3067 1266 3126 meiere
1287 3067 1344 3128 ias
1366 3076 1438 3137 est,
1610 3096 1631 3136 ᾖ

320 3168 452 3233 indicant
474 3169 710 3246 coniugationem
734 3167 927 3247 praedictam.
971 3184 1038 3226 nam
1061 3167 1121 3225 scio
1149 3168 1201 3237 tio,
1229 3186 1304 3247 quae
1327 3176 1397 3229 suat
1418 3177 1553 3248 quartae,
1573 3176 1601 3228 et

391 3459 408 3511 3
424 3468 450 3509 ut
468 3454 580 3523 iddiugo
599 3453 709 3521 'edivingo
727 3460 865 3518 (superser.
879 3456 1003 3521 conmgo)
1015 3468 1099 3521 nugor
1110 3457 1179 3521 garis
1191 3455 1218 3505 B
1232 3465 1259 3504 ut
1274 3456 1416 3523 (superser.
1434 3460 1468 3511 al.
1481 3474 1513 3512 m.
1530 3455 1599 3523 iugo)

320 3529 434 3597 coningo
453 3529 515 3595 iugo
534 3526 644 3592 coningo
663 3538 742 3591 rogor
760 3526 860 3592 rogaris
881 3539 964 3591 ungor
980 3527 1084 3590 nugaris
1104 3526 1129 3573 P
1144 3535 1172 3574 ut
1188 3526 1299 3593 coningo
1318 3529 1380 3592 ingo
1398 3542 1505 3594 carrago
1524 3544 1599 3593 ungor

320 3600 400 3651 arist
470 3600 486 3649 d
506 3612 570 3662 sugo
594 3596 667 3662 sugis
686 3605 713 3643 ut
731 3596 887 3659 primitiarum
907 3596 966 3644 item
989 3594 1062 3645 nuel
1084 3610 1096 3643 r
1114 3595 1155 3645 uel
1173 3596 1181 3644 i
1201 3597 1410 3647 antecedentibus
1426 3608 1483 3646 ante
1506 3598 1598 3663 ganisi

321 3670 373 3719 sint
389 3670 415 3719 B
432 3684 498 3735 sugo
513 3668 586 3734 sugis
606 3664 648 3729 (nt
663 3665 818 3729 primitiuum
833 3667 892 3714 item
906 3664 969 3718 add.
982 3668 1018 3717 at.
1037 3663 1083 3727 ιιι.)
1101 3680 1116 3713 ιι
1137 3665 1177 3715 uel
1195 3681 1208 3713 r
1224 3668 1433 3718 antecedentibus
1450 3682 1483 3729 go
1501 3679 1528 3715 nt
1551 3667 1598 3732 pri-

320 3740 408 3791 mitius
424 3740 472 3787 nini
490 3738 542 3789 sint
562 3738 588 3786 P
669 3734 686 3785 8
704 3735 728 3784 in
749 3735 912 3800 epistolarum
932 3734 997 3785 libro
1017 3736 1100 3801 primo
1118 3734 1156 3784 P:
1175 3734 1217 3797 18,
1230 3738 1265 3786 to
1352 3738 1430 3789 tinec
1446 3752 1501 3785 enm
1516 3738 1598 3786 ueusri

320 3809 398 3859 tsellet
415 3818 425 3858 t
441 3824 488 3857 aec
505 3821 561 3856 cum
582 3806 694 3855 uenerati
719 3804 786 3855 nolet
801 3805 820 3866 s
833 3818 879 3853 nec
904 3819 959 3854 cum
981 3806 1144 3855 ueneratione
1161 3806 1229 3855 ualet
1246 3806 1272 3855 P
1287 3820 1320 3856 ns
1340 3824 1399 3857 cnm
1422 3808 1531 3857 rreuersti
1551 3808 1598 3871 (ss-

321 3894 423 3945 perscr.
441 3876 503 3943 one)
524 3876 592 3926 nolet
608 3875 634 3925 B
716 3889 814 3941 panges
829 3876 855 3924 P
870 3888 969 3939 pangas
987 3872 1050 3936 Bts
1131 3872 1164 3924 10
1184 3875 1257 3941 tingo
1276 3877 1381 3942 extingo
1400 3878 1511 3943 restiugo
1529 3877 1597 3940 cingo

322 3950 401 4015 pingo
420 3949 520 4013 stringo
538 3946 608 4013 liugo
625 3944 700 4011 singu
720 3956 798 4007 (corr.
818 3942 906 4009 ringo)
924 3957 1007 4008 snugo
1023 3944 1102 4011 lungo
1117 3958 1186 4011 ungo
1204 3960 1313 4011 emungo
1328 3960 1431 4013 sprvngo
1449 3960 1534 4012 mergo
1549 3946 1598 4009 (ss-

317 4034 418 4085 perscr.
439 4015 546 4083 spargo]
566 4024 637 4081 tergo
658 4028 736 4081 surgo
757 4014 862 4081 inuergo
884 4012 965 4080 lungo
985 4014 1068 4077 (corr,
1089 4013 1145 4078 -or)
1161 4012 1188 4063 B
1204 4015 1294 4081 tingue
1312 4019 1436 4082 extinguo
1452 4017 1546 4081 stringo
1561 4032 1598 4064 re·

318 4088 418 4155 stringo
437 4088 512 4153 cingo
530 4086 610 4153 pingo
626 4098 708 4149 sungo
730 4085 808 4149 lungo
827 4098 896 4149 ungo
921 4098 1032 4149 emungo
1050 4082 1145 4150 langor
1162 4098 1251 4150 mergo
1268 4093 1340 4152 tergo
1359 4101 1439 4152 surgo
1456 4088 1559 4151 iunergo
1576 4084 1599 4135 P

385 4158 481 4223 pingo,
499 4158 611 4221 stringo,
629 4154 713 4221 singu,
733 4154 801 4216 quod
820 4166 887 4201 nuuc
905 4154 1025 4219 singultio
1044 4152 1162 4218 dicimus,
1181 4153 1294 4220 lungo«,-
1382 4156 1597 4207 aeditimum

318 4240 368 4293 quo
388 4234 412 4277 et
431 4234 514 4277 rante
529 4240 562 4292 go
578 4224 715 4275 adsumens
733 4224 806 4289 iurgo
825 4223 915 4288 inrgas
928 4226 961 4271 ab
976 4238 1005 4269 eo
1022 4222 1090 4287 quod
1103 4231 1142 4273 est
1160 4223 1214 4273 iure
1232 4239 1312 4289 urgeo
1323 4224 1464 4275 haductum
1480 4235 1505 4275 et
1523 4224 1596 4291 uulgo

311 4312 333 4347 a
352 4310 402 4359 quo
422 4296 499 4345 etism
515 4294 649 4363 promulgo
668 4293 816 4359 promulgas
834 4306 890 4341 enm
910 4308 925 4341 a
945 4290 1038 4358 ortigas
1057 4294 1158 4342 nomine
1176 4294 1317 4343 traductum
1338 4295 1430 4346 merito
1447 4296 1597 4362 componitur

316 4367 413 4433 primae
425 4373 484 4415 suut
496 4364 682 4431 coniugationis
694 4364 719 4413 Ρ
729 4362 860 4413 deriuatnr
873 4371 898 4410 et
914 4362 922 4411 i
939 4371 998 4411 sota
1014 4378 1029 4412 o
1046 4360 1128 4425 (corr.
1141 4363 1195 4417 der.
1209 4378 1303 4428 exque
1321 4374 1346 4415 et
1363 4382 1376 4415 r
1394 4375 1452 4415 ante
1465 4368 1509 4433 go)
1524 4366 1597 4415 adsu-

316 4451 389 4487 mens
407 4436 480 4501 lorgo
498 4436 584 4501 iorgss
600 4434 680 4497 (corr.
700 4434 772 4498 iurgo
791 4430 892 4497 largas)
910 4430 941 4481 sb
958 4447 989 4482 eo
1011 4432 1079 4495 qnod
1097 4440 1137 4483 est
1151 4433 1206 4483 inre
1218 4448 1299 4500 urgeo
1313 4436 1455 4486 traductum
1471 4444 1495 4486 et
1515 4435 1596 4499 mulge

315 4504 397 4569 (corr.
418 4503 511 4571 uulgo)
530 4505 604 4553 etiam
624 4502 758 4569 promulgo
782 4502 862 4564 (corr,
878 4500 1016 4567 prouulgo)
1037 4516 1066 4553 ss
1083 4505 1243 4568 componitur
1261 4506 1378 4572 smnlgo
1395 4508 1475 4572 (corr.
1495 4504 1596 4571 rrolgus)

316 4576 418 4625 nomine
435 4575 565 4625 diductam
580 4574 670 4623 merito
684 4572 780 4637 primae
792 4579 851 4621 suut
868 4570 1055 4637 coniugatioois
1072 4572 1098 4621 B
1115 4572 1241 4624 dirinatur
1256 4583 1281 4624 et
1299 4591 1318 4641 g
1335 4575 1362 4624 iu
1377 4576 1455 4626 uerbo
1465 4574 1596 4623 adsumens

316 4646 390 4711 largo
414 4646 445 4693 ah
469 4643 586 4709 eoquod
610 4651 648 4693 est
674 4642 728 4692 iure
750 4648 775 4691 et
793 4654 891 4707 urgueo
909 4641 1050 4690 traductum
1070 4649 1094 4690 et
1113 4642 1193 4709 uulgo
1211 4658 1243 4692 ex
1263 4658 1313 4707 quo
1333 4646 1411 4695 etiam
1429 4644 1550 4711 pronulgo
1569 4658 1595 4691 ss

316 4716 477 4779 componitur
492 4728 506 4762 a
525 4713 617 4779 uulgus
636 4712 737 4761 nomine
754 4711 890 4760 deductum
911 4712 1001 4760 merito
1019 4711 1117 4774 primae
1134 4714 1322 4778 coniugatiouis
1339 4724 1424 4765 santt
1504 4714 1537 4765 id
1551 4713 1595 4762 ad-

316 4782 463 4847 spirationis
482 4783 507 4832 P
573 4782 607 4833 23
626 4780 777 4831 infinitiuum
796 4782 854 4831 BP
922 4782 955 4830 24
976 4780 1045 4845 apud
1065 4780 1222 4847 iuvenalem]
1239 4791 1290 4833 sat.
1309 4784 1335 4848 1,
1354 4784 1402 4837 131
1469 4782 1595 4833 leetnt

317 4852 406 4901 lectum
430 4859 467 4902 est
488 4852 511 4901 P
577 4850 612 4901 to
634 4852 746 4901 indicant
764 4852 951 4901 hiredemonnas
968 4850 1064 4900 indicat
1082 4851 1139 4902 BP
1207 4861 1232 4901 et
1252 4852 1294 4903 hio
1313 4856 1382 4918 qrrod
1400 4866 1437 4904 est
1455 4854 1552 4919 primae
1569 4852 1597 4918 tf

316 4933 341 4975 et
359 4921 400 4971 hio
420 4922 485 4987 quod
500 4922 654 4987 primianum
673 4921 754 4985 (corr.
772 4917 883 4985 primae)
900 4928 939 4968 est
951 4918 977 4967 B
