3525 5600
580 1161 618 1193 Ν

570 1197 686 1270 scra

582 1279 594 1296 t·

656 1351 929 1496 procla

729 1575 850 1656 Ans

485 1761 557 1845 lm
588 1762 795 1847 NOMINE
825 1763 892 1845 ΕΤ
922 1762 1098 1848 VERBO

243 1961 448 2028 arvaeum
470 1961 551 2043 ovi
572 1960 767 2028 nrorrva
788 1959 926 2026 emas
946 1960 1010 2026 on
1032 1961 1342 2029 nsamnrronn

232 2321 358 2388 Phocae
379 2320 457 2386 artis
481 2319 521 2386 dc
543 2321 673 2386 nomine
700 2331 733 2386 et
755 2321 856 2387 verbo
879 2319 976 2384 multi
997 2331 1075 2388 sunt
1095 2323 1171 2389 libri
1191 2345 1291 2388 manu
1312 2323 1436 2410 scripti,
1541 2325 1546 2335 '

157 2446 281 2588 quorum
313 2423 558 2510 antiquissimus
591 2431 642 2488 est
663 2421 832 2488 Parisinus
866 2423 950 2488 7530
982 2435 1098 2491 octavo
1125 2426 1254 2490 saeculo
1287 2427 1435 2512 scriptus,

158 2526 342 2592 1,;66-78
367 2525 410 2591 cf.
433 2524 498 2590 vol.
521 2523 570 2590 IV
591 2524 696 2612 praef.
719 2548 753 2612 p.
775 2523 885 2590 XLII.
910 2525 954 2590 ad
975 2525 1072 2592 huius
1095 2537 1235 2593 aetatem
1256 2550 1299 2592 ex
1320 2527 1360 2592 iis
1383 2547 1435 2593 co·

157 2628 273 2694 dicibus
295 2650 376 2714 quos
400 2627 471 2714 ipse
494 2625 563 2692 vidi
584 2627 732 2714 proxime
754 2625 915 2692 accedunt
935 2636 1003 2692 tres
1025 2627 1150 2694 decimo
1166 2627 1296 2694 saeculo
1311 2628 1435 2716 scripti,

157 2729 457 2813 Monacens1s6281
473 2727 550 2794 olim
565 2727 785 2815 Frisingensis
801 2729 851 2811 81,
868 2729 892 2794 f.
909 2728 1095 2794 912-108*
1110 2729 1168 2818 (cf.
1184 2729 1277 2819 ib.p.
1294 2729 1435 2819 XLIV),

156 2833 311 2898 Parisinus
335 2832 419 2899 7520
446 2840 555 2913 incipit
582 2854 634 2897 ars
657 2836 752 2909 socae
771 2838 966 2913 prammctiet
987 2832 1072 2920 {Ara
1092 2855 1221 2899 mca—
1240 2840 1352 2899 simma
1371 2836 1434 2917 ccl

153 2942 232 3014 plictt
252 2956 304 3000 ars
322 2939 417 3012 focae
436 2940 632 3015 arammattct
657 2941 695 2999 de
716 2940 836 2999 nomine
856 2946 886 2997 et
905 2940 1009 3015 verto,
1034 2934 1202 3001 Parisinus
1226 2935 1310 3001 7759
1331 2941 1437 3015 eripit

157 3058 202 3101 urs
219 3042 288 3114 soce
307 3042 506 3117 arammattct
529 3036 535 3125 Ι
559 3041 618 3101 Ars
639 3058 706 3101 mea
727 3075 770 3085 —
790 3043 902 3103 similia
923 3043 1007 3118 expl.
1031 3058 1086 3103 arr
1100 3042 1222 3119 phocae
1242 3043 1439 3118 qrammcttct

156 3144 188 3202 de
206 3146 322 3203 nominc
344 3150 372 3203 et
394 3144 495 3205 uerbo
539 3148 654 3227 postea
675 3138 717 3204 ab
740 3136 796 3204 illo
819 3148 964 3226 tempore
987 3162 1090 3227 usque
1112 3138 1156 3203 ad
1178 3138 1328 3227 quintum
1350 3138 1436 3205 deci·

155 3264 233 3305 mum
255 3238 420 3307 saeculum
442 3240 555 3307 multis
577 3238 820 3328 exemplaribus
842 3263 941 3307 manu
964 3242 1094 3329 scriptis
1109 3240 1239 3308 Phocea
1258 3240 1343 3308 liber
1364 3265 1437 3330 pro·

155 3352 281 3431 pagatus
304 3352 365 3409 est.
410 3343 517 3409 editus
540 3352 650 3409 autem
672 3351 723 3406 est
744 3340 887 3431 primum
908 3353 1043 3409 curante
1057 3342 1194 3410 Nicolao
1209 3344 1349 3410 Icnsono
1371 3366 1437 3409 una

156 3466 221 3509 cum
241 3445 402 3511 Diomede
424 3444 560 3531 aliisque
582 3443 805 3530 grammaticis
827 3444 976 3509 Venetiis
1000 3445 1088 3511 circa
1115 3468 1237 3511 annum
1265 3446 1361 3511 1476:
1392 3446 1434 3511 ef.

155 3545 210 3611 vol
233 3546 250 3611 I
272 3548 376 3634 praef.
400 3570 432 3635 p.
457 3544 621 3613 XXXIV.
644 3569 740 3637 quarn
763 3547 939 3613 editionem
966 3548 1021 3635 qui
1043 3548 1204 3636 proximis
1227 3547 1321 3612 annia
1344 3570 1435 3635 repe-

155 3649 289 3715 tiverunt
320 3670 426 3736 pauca
458 3646 613 3714 videntur
644 3649 836 3715 mutavisse.
880 3672 959 3715 nam
985 3650 1022 3714 in
1048 3650 1251 3716 Ascensiana
1280 3648 1434 3732 editione,

154 3774 241 3839 qnam
263 3750 367 3818 solam
389 3774 432 3816 ex
453 3751 596 3839 antiquis
619 3750 778 3840 exemplis
802 3774 875 3816 cum
890 3751 1038 3839 principe
1055 3750 1197 3817 editione
1212 3749 1348 3835 contuli,
1371 3774 1436 3817 non

155 3852 248 3921 multa
269 3876 311 3920 ex
332 3852 421 3919 illius
444 3854 606 3942 scriptura
627 3863 756 3919 mutata
776 3854 899 3919 inveni.
935 3853 1032 3941 plura
1053 3854 1178 3941 primus
1199 3854 1338 3919 novavit
1358 3851 1435 3918 Put-

156 3955 269 4038 schius,
291 3956 347 4044 qui
368 3960 427 4021 ‘ex
449 3955 588 4021 Puteani
610 3954 738 4038 codice,
761 3956 854 4021 cuius
877 3956 1045 4022 variantes
1068 3979 1089 4021 a
1109 3956 1174 4022 Dn.
1198 3955 1380 4042 Bongarsio
1403 3963 1436 4020 et

155 4058 198 4123 el.
224 4058 344 4124 loanne
372 4056 529 4123 Wouwer
555 4068 755 4145 acceperat'‚
789 4066 826 4123 ut
852 4058 916 4140 ait,
943 4057 1029 4123 hunc
1055 4056 1176 4124 librum
1204 4057 1318 4124 edidit.
1361 4066 1437 4145 post

156 4158 233 4225 hunc
254 4159 440 4225 Friderious
463 4159 709 4225 Lindemaunua
737 4159 771 4223 iu
799 4157 941 4247 primum
967 4158 1121 4227 volumen
1148 4160 1435 4247 grammaticorum

156 4284 224 4327 ase
245 4262 405 4329 editorum
428 4274 533 4329 artem
547 4262 676 4330 Phocae
695 4261 820 4349 recepit
840 4262 947 4327 tribus
968 4286 1046 4327 usus
1068 4260 1237 4329 codicibus
1258 4284 1319 4327 nec
1339 4262 1435 4328 bonis

157 4388 207 4431 uec
241 4365 382 4453 antiquis
419 4388 457 4430 ac
493 4387 534 4430 ne
569 4374 675 4432 totum
703 4361 834 4450 quidem
862 4362 985 4430 librum
1012 4364 1269 4441 continentibus,
1306 4363 1435 4430 duobus

158 4466 474 4551 Wolfenbuttelanis,
497 4468 585 4553 Aug.
600 4467 659 4549 38,
674 4465 714 4529 27
737 4466 986 4533 membranaceo
1008 4490 1092 4535 saec.
1109 4464 1195 4531 XIV
1216 4478 1249 4532 et
1269 4465 1357 4531 (iud.
1372 4466 1436 4531 260

158 4570 319 4637 chartaceo
349 4594 435 4637 saec.
459 4568 527 4635 XV
556 4568 612 4654 (cf.
640 4568 754 4633 Ebert.
782 4566 862 4633 bibl.
895 4568 1066 4635 Guelferb.
1095 4569 1166 4633 cod.
1194 4590 1301 4654 grase.
1325 4578 1358 4633 et
1379 4570 1433 4638 lat.

156 4669 239 4737 class.
268 4696 299 4760 p.
328 4674 420 4759 129),
448 4672 544 4738 tertio
574 4672 724 4737 Gothano
755 4670 815 4734 117
849 4669 1020 4737 chartaceo
1049 4692 1134 4735 saec.
1162 4670 1240 4735 XV.
1268 4693 1287 4737 e
1313 4671 1435 4758 quibus

156 4774 312 4841 codicibus
336 4798 408 4839 cum
430 4774 486 4840 ille
509 4772 727 4861 antiquiorem
749 4770 1091 4839 Wolfenbuttelanum
1112 4770 1224 4838 multis
1246 4772 1325 4837 locis
1346 4770 1435 4839 haud

155 4872 245 4943 dubia
265 4876 470 4944 librariorum
485 4878 538 4944 vel
554 4874 841 4963 grammaticorum
862 4875 1069 4964 neglegentia
1091 4883 1278 4964 corruptum
1300 4876 1435 4965 potissi-
