3525 5600
194 1539 253 1596 na,
268 1539 299 1590 14

194 1607 253 1670 cro,
268 1609 299 1660 1³

314 429 378 494 266
881 428 1035 491 Ponvnil

357 567 362 580 .
377 541 465 582 aare
479 539 502 579 v„

314 552 391 682 lello
412 621 462 681 citi
483 619 628 688 flammas,
651 625 702 679 aut
724 617 790 680 date
812 617 887 686 tela,
910 623 962 678 aut
982 614 1116 696 inponite
1136 621 1270 676 remos’:
1300 613 1418 695 quando
1439 613 1513 676 diois
1534 617 1597 676 ‘ant

314 723 392 783 ierte
413 721 555 792 flammas,
579 727 630 781 aut
651 720 718 784 date
739 719 807 790 tela,
832 726 882 780 aut
904 718 1038 800 inpellite
1059 723 1186 790 remos’,
1207 736 1268 779 non
1291 725 1455 796 utrumque
1474 719 1597 798 imperas

313 823 482 886 iaciendum
505 841 585 892 osse,
612 823 665 884 sed
694 822 881 893 alterutrum,
910 827 944 884 ut
965 828 1016 884 aut
1041 819 1165 882 navibus
1197 827 1361 900 sequantur
1388 827 1440 881 aut
1466 802 1595 882 tinnis.

313 933 372 988 stat
397 925 516 1005 quidem
545 924 672 986 elocutio
697 927 873 1005 interposita
900 922 949 985 illa
974 920 1119 1004 particula
1146 922 1337 994 disiunctiva,
1364 921 1464 984 idest
1483 940 1597 984 sensum

313 1027 463 1097 disiunxit.
487 1027 686 1090 elocutionem
708 1033 808 1088 tanre'n
828 1027 927 1088 tenuit
948 1035 978 1088 et
998 1027 1104 1088 iunxit.
1135 1043 1208 1104 ergo
1228 1025 1298 1086 ideo
1312 1025 1453 1086 dicontur
1472 1024 1618 1088 disiuno·5

313 1132 404 1200 tivae,
427 1147 487 1191 non
511 1129 590 1217 quod
612 1137 643 1190 et
669 1129 759 1192 verba
787 1129 958 1208 disiungant
985 1135 1014 1189 et
1035 1145 1166 1199 sensum,
1189 1125 1243 1189 sod
1264 1127 1343 1207 quod
1368 1125 1459 1188 verba
1480 1120 1597 1189 coniun-

313 1238 392 1328 gant,
414 1250 535 1294 sensum
557 1233 733 1311 disiungant.
757 1232 834 1314 qnod
857 1230 947 1294 verba
969 1232 1134 1308 coniungit,
1157 1230 1376 1291 coniunctionis
1389 1235 1450 1298 est:
1473 1228 1597 1291 duunc-
1714 1238 1715 1287 l

312 1335 403 1394 tionis
425 1341 479 1404 est,
503 1333 583 1412 quod
605 1353 728 1396 sensum
749 1335 902 1414 disiungit.
932 1333 990 1394 hoc
1012 1340 1067 1402 est,
1090 1331 1171 1412 quod
1184 1330 1297 1394 habent
1317 1333 1412 1412 partis
1430 1349 1512 1401 suae,
1535 1334 1597 1410 quia

313 1435 453 1498 dicuntur
475 1434 677 1500 disiunctivae.
712 1511 715 1519 ¹

396 1537 566 1618 Expletivae
588 1537 683 1601 dictae
705 1538 832 1601 suntab
855 1558 900 1608 co,
924 1538 1004 1617 quod
1025 1545 1141 1601 tantm
1162 1555 1285 1600 sensurn
1314 1535 1455 1617 expleant
1475 1536 1595 1600 additae.
1608 1557 1628 1598 n
1714 1560 1716 1629 g

312 1638 428 1702 additae
451 1641 530 1703 eninr
552 1649 661 1722 augent
682 1648 828 1710 ornatum,
853 1641 1003 1704 detractae
1029 1639 1104 1702 nihil
1131 1648 1250 1702 nocent.
1293 1639 1371 1701 hanc
1391 1647 1530 1702 namnam
1551 1641 1598 1702 ha·
1714 1692 1715 1695 ,

311 1742 384 1804 bent
405 1741 581 1823 expletivae:
613 1743 730 1824 prande
752 1743 959 1813 detrahuntur,
988 1742 1062 1805 nihil
1083 1739 1273 1827 significan&
1301 1740 1420 1821 qnando
1441 1741 1597 1811 adduntur,
1714 1792 1716 1859 p

312 1851 420 1907 ornant
441 1863 563 1908 sensum
590 1847 704 1926 ipsum,
737 1846 766 1907 id
790 1852 834 1907 est
855 1846 974 1925 quando
1001 1844 1213 1914 detrahuntur,
1240 1862 1301 1906 non
1323 1843 1462 1905 mutilant
1481 1843 1598 1924 aliquid,
1714 1896 1715 1913 ,

312 1964 372 2009 nou
394 1946 561 2009 detrahunt.
606 1955 639 2009 ut
665 1955 736 2028 puta
761 1951 787 2010 si
814 1947 897 2010 dicas
919 1947 1076 2025 ‘equidem
1103 1947 1238 2008 volebam
1266 1947 1451 2026 praelectum
1474 1946 1598 2014 videre’,
1714 1962 1716 2023 t

313 2046 383 2111 tolle
404 2049 474 2111 inde
503 2047 655 2131 equidem,
680 2058 709 2111 et
730 2056 788 2112 stat
809 2050 946 2120 elocutio,
969 2049 1122 2112 ‘volebam
1144 2050 1328 2131 praetectum
1349 2048 1479 2110 videre'.
1610 2068 1632 2108 n
1714 2026 1715 2103 ἶ

424 2228 431 2241 .
464 2152 601 2221 saltim,
625 2153 731 2232 siqua
753 2151 843 2214 mihi
864 2151 907 2214 de
929 2159 965 2213 te
985 2158 1165 2232 suscepta
1186 2152 1324 2213 luisset

463 2261 547 2316 autc
570 2253 689 2334 sugam
712 2253 878 2316 suboles.

1714 2210 1716 2305 i

311 2353 382 2418 tolle
402 2356 472 2418 iude
495 2353 608 2426 saltim,
634 2363 664 2418 et
685 2363 743 2418 stat
765 2354 901 2429 elocutio,
924 2356 1020 2437 ‘siqua
1041 2356 1115 2418 mihi
1137 2355 1175 2418 dc
1196 2365 1226 2418 te
1247 2362 1385 2436 suscepta
1406 2357 1511 2418 inisset
1534 2363 1600 2418 ante
1714 2434 1715 2437 Ἴ

309 2459 410 2538 sugam
432 2456 572 2520 suboles’.
618 2477 689 2538 crgo
711 2460 786 2520 istae
808 2458 948 2520 dicuntur
970 2458 1133 2538 expletivae
1157 2478 1232 2538 quae
1254 2477 1376 2520 sensum
1398 2457 1528 2538 explent,
1552 2458 1600 2519 de·

1714 2462 1716 2548 i

310 2567 421 2626 tractae
443 2568 543 2622 autern
566 2559 640 2622 nihil
662 2569 785 2630 nocent:
807 2559 875 2621 idco
898 2561 1036 2623 dicuntur
1058 2561 1232 2645 expletivae
1269 2579 1362 2642 quam
1383 2567 1484 2623 autom
1505 2560 1635 2622 dictaeo
1714 2590 1715 2619 i

309 2672 379 2726 sunt
401 2661 565 2742 expletivae
587 2671 617 2724 et
637 2680 698 2725 non
720 2665 891 2726 ornativaei
918 2681 988 2726 nam
1009 2663 1078 2726 illae
1106 2665 1258 2726 ornativae
1285 2663 1426 2725 dicuntur
1451 2681 1529 2743 quae
1551 2661 1600 2724 ad·
1714 2698 1716 2747 3

246 2745 250 2758 ’
309 2767 388 2829 ditae
410 2771 526 2836 ornant
549 2763 700 2828 detractae
722 2783 782 2828 non
805 2763 923 2829 obsunt.
952 2768 1027 2831 istae
1048 2773 1145 2829 autern
1167 2785 1245 2847 quae
1265 2765 1406 2829 dicuntur
1428 2764 1600 2846 expletivae,

310 2875 454 2949 quantum
481 2869 627 2947 significat
654 2869 719 2949 ipso
745 2886 863 2945 sensus,
893 2872 981 2931 etiarn
1011 2869 1150 2931 adverbia
1177 2875 1368 2949 permanent,
1402 2886 1465 2929 nou
1489 2876 1600 2929 vacant.

308 2989 403 3051 quare
430 2968 591 3032 noluerunt
618 2968 719 3032 dicere
747 2972 896 3033 ornativas
923 2974 1009 3043 istas,
1038 2972 1089 3033 sed
1118 2970 1288 3033 maluerunt
1309 2969 1410 3032 dicere
1431 2969 1601 3050 expletivae.
1714 2977 1716 3048 ξ

309 3074 437 3135 sienim
459 3072 621 3134 voluissent
643 3071 741 3135 dicero
763 3076 928 3144 ornativas,
959 3075 1148 3136 manifestum
1171 3080 1251 3135 esset
1271 3072 1352 3152 quod
1373 3070 1493 3134 additae
1514 3088 1636 3134 orna-ro
1687 3150 1693 3158 ‚

308 3185 391 3245 rent.
418 3174 533 3237 ablatae
561 3171 635 3235 nihil
656 3180 816 3237 nocerent:
860 3176 938 3238 hanc
963 3174 1075 3238 habent
1101 3182 1255 3250 naturam,
1278 3175 1371 3252 qarod,
1394 3193 1462 3236 cunr
1484 3173 1601 3235 additae

308 3278 435 3345 inerint,
463 3276 579 3339 accedit
605 3275 718 3346 cultus:
747 3279 773 3339 si
795 3277 922 3340 decedet
942 3277 1056 3346 cultus,
1081 3279 1200 3340 interim
1224 3278 1359 3357 corporis
1379 3276 1455 3337 nihil
1472 3272 1619 3357 'recedit'
1714 3325 1715 3338 ,

309 3397 381 3459 orgo
408 3377 480 3459 quid
508 3386 555 3440 est
583 3376 745 3459 expletiva?
780 3380 900 3459 quando
922 3380 990 3441 dico
1012 3379 1097 3459 ‘lege
1118 3379 1311 3450 lectionem'‚
1335 3386 1366 3442 ct
1392 3378 1515 3457 qnando
1536 3378 1602 3439 dico

309 3480 432 3544 ‘saltem
453 3480 520 3559 lege
540 3479 730 3550 lectionem’‚
754 3480 832 3543 aliud
855 3491 903 3544 est
923 3466 1027 3544 dicere¹
1046 3481 1126 3561 ‘lege
1146 3481 1333 3551 lectionem’,
1357 3479 1436 3542 aliud
1459 3488 1507 3542 est
1528 3478 1602 3541 ‘sal
1714 3481 1716 3556 ξ

308 3592 370 3645 tern
390 3582 457 3662 lege
478 3581 660 3645 lectionem'.
703 3601 761 3661 quo
784 3584 892 3646 modot
921 3586 973 3665 qui
994 3584 1049 3646 tihi
1070 3582 1143 3645 dicit
1162 3581 1241 3662 ‘lege
1262 3583 1443 3652 lectionem’,
1466 3581 1638 3645 hortatum
1714 3603 1715 3660 3

309 3692 339 3745 te
361 3684 398 3745 ad
421 3702 510 3754 unam
538 3704 604 3747 rent
628 3686 632 3763 Ι
656 3684 832 3747 faciendam.
878 3692 908 3747 et
934 3676 1012 3748 torte
1035 3685 1106 3747 alias
1134 3704 1185 3747 res
1206 3686 1296 3755 lacis,
1325 3684 1378 3747 sod
1399 3687 1486 3746 istam
1509 3683 1602 3745 solam
1714 3735 1715 3744 ,

309 3806 371 3849 non
391 3785 535 3856 tanciae
568 3784 724 3865 canebas,
752 3788 805 3849 sed
832 3806 893 3849 non
914 3786 1036 3866 legebas
1061 3788 1231 3849 lectionem.
1274 3788 1326 3866 qui
1353 3786 1408 3848 tibi
1434 3786 1510 3848 dicit
1531 3784 1603 3846 ‘hoe

308 3890 387 3959 iac',
416 3888 554 3951 tunm:
580 3896 613 3949 ut
640 3890 720 3951 icoc
740 3904 804 3949 rem
822 3890 942 3966 sudor,
971 3888 1042 3951 licet
1067 3896 1101 3951 tn
1121 3888 1186 3951 illas
1207 3908 1260 3951 res
1280 3897 1387 3969 sponte
1411 3890 1520 3957 iacias:
1552 3889 1603 3967 qui
1714 3911 1715 3918 ¹

309 3999 409 4053 autent
435 3990 490 4053 tibi
512 3988 583 4051 dicit
605 3989 727 4053 ‘saltem
749 3989 805 4052 hoo
827 3993 951 4061 iacito',
980 3991 1112 4054 ostendit
1132 4001 1163 4054 te
1183 3992 1284 4053 omnia
1304 3990 1378 4053 nihil
1405 3992 1523 4062 iacere,
1548 3989 1602 4051 sed

309 4092 354 4155 vel
375 4093 434 4155 hoo
454 4111 548 4155 uuum
569 4094 671 4155 iacere
693 4092 814 4156 debere.
858 4094 948 4175 longe
975 4092 1054 4155 aliud
1081 4102 1128 4155 est
1155 4093 1270 4155 hortari
1297 4111 1352 4154 nos
1374 4092 1412 4154 od
1433 4111 1526 4155 unvrm
1547 4092 1638 4153 ali-e
1714 4113 1715 4116 ¹

309 4194 381 4274 quid
409 4193 591 4265 iaciendum,
620 4214 688 4257 cunr
716 4204 814 4256 cetera
843 4196 947 4264 iacies.
975 4196 1066 4275 longe
1092 4196 1173 4259 aliud
1197 4202 1242 4256 est
1263 4202 1296 4255 ut
1318 4194 1363 4256 vel
1383 4214 1477 4257 unum
1498 4194 1600 4255 facias.

308 4315 376 4358 nani
399 4296 457 4359 hoo
478 4295 570 4358 hebet
592 4306 697 4359 natura
718 4296 807 4359 huius
829 4296 1020 4360 elocutionis:
1048 4305 1119 4379 puta
1142 4297 1265 4358 ‘saltem
1288 4296 1435 4367 ambula’,
1458 4296 1489 4357 id
1510 4302 1556 4357 est
1576 4297 1602 4355 si

308 4418 368 4491 non
392 4398 434 4460 vis
456 4399 601 4469 dormire,
629 4400 737 4460 sinon
759 4399 946 4469 desedere,
971 4403 996 4462 si
1017 4419 1079 4462 non
1099 4401 1143 4461 vis
1165 4408 1259 4469 stare,
1282 4398 1328 4460 vel
1350 4398 1410 4461 hcc
1430 4416 1521 4460 unum
1543 4398 1601 4464 iae.

309 4500 444 4570 aurbula;
473 4500 591 4581 quando
613 4508 712 4567 autem
735 4501 802 4563 dico
824 4500 957 4573 ambula,
985 4503 1044 4564 iam
1071 4521 1132 4565 non
1159 4519 1253 4580 arguo
1273 4510 1304 4564 te
1326 4502 1421 4563 totius
1442 4500 1601 4579 neglegen-

308 4604 381 4673 tiae,
410 4601 463 4665 sed
491 4620 582 4682 arguo
605 4611 649 4673 te,
685 4602 765 4681 quod
792 4604 878 4666 istam
906 4621 996 4666 unam
1023 4622 1088 4667 rem
1116 4604 1262 4670 omiseris.
1310 4620 1382 4682 ergo
1410 4603 1505 4665 dieue
1530 4608 1638 4662 sunto

379 4789 492 4841 Slrabet
509 4792 594 4841 ABG
677 4798 748 4857 parte
766 4790 791 4839 A
809 4798 896 4857 partes
914 4790 949 4841 o*
1038 4792 1073 4843 16
1090 4790 1188 4859 saltim]
1213 4790 1293 4857 Vera.
1314 4791 1380 4845 Aen.
1397 4792 1445 4842 llil
1461 4788 1528 4841 327·

311 4861 343 4912 17
362 4859 465 4910 soboles
481 4859 531 4911 Bc
600 4860 634 4913 18
651 4862 760 4911 tolie-
778 4862 944 4916 subolem.
964 4863 999 4927 0,
1016 4860 1108 4916 oddo
1178 4862 1211 4913 ill
1229 4860 1332 4913 soboles
1350 4860 1396 4911 Bc
1465 4859 1600 4912 331οΜ-
1714 4889 1715 4892 =

310 4939 351 4981 tur
369 4938 398 4981 ut
413 4928 481 4980 hono
496 4945 549 4979 rem
565 4929 645 4981 socias
662 4945 708 4984 om.
728 4929 812 4983 Ano
