3525 5600
335 373 402 441 456
889 376 1073 440 EV'l'YClllS

367 484 525 540 praedat.
1431 494 1453 536 p.
1465 481 1587 526 imisit).

341 575 371 626 et
393 566 429 626 ab
453 585 487 626 eo
510 567 657 636 rlortrina,
683 575 783 626 tonsor
806 568 934 626 tonstrir
948 568 1110 635 tonstrina,
1134 573 1232 626 textor
1254 566 1365 623 textrix
1387 564 1529 632 textrina;
1549 566 1607 623 item

341 670 488 748 optativus
511 668 690 729 derivativus
712 668 913 728 deminutivus
934 667 1118 737 subditivus;
1141 684 1196 727 nec
1218 684 1276 726 non
1299 675 1329 725 et
1351 667 1382 726 in
1405 667 1451 726 sio
1472 671 1502 724 et
1522 667 1550 724 in
1568 685 1609 726 sor

341 772 424 830 etin
451 767 548 829 sibilis
579 780 608 830 et
632 772 662 830 in
686 769 747 830 tilis
769 779 799 832 et
822 772 852 830 in
875 771 964 830 ticius
986 767 1192 830 desinentibus
1214 765 1402 837 nominibus,
1432 784 1506 845 quae
1530 775 1608 826 muta·

330 873 420 932 ‘tione
443 889 491 932 nm
514 873 546 932 in
568 870 621 933 bas
643 873 869 932 terminationes
891 873 979 942 bont,
1007 880 1040 932 nt
1068 873 1162 932 visum
1186 872 1261 930 visio
1290 870 1384 930 iussio
1405 868 1514 928 mersio
1534 868 1610 928 laesio

340 975 442 1034 missio
464 974 562 1034 inssor
584 991 688 1036 suasor
709 976 787 1036 riser
808 992 934 1054 pransor
956 991 1082 1053 sponsor
1095 981 1198 1034 tonsor
1220 972 1360 1032 delensor
1382 970 1478 1038 lusor,
1500 967 1629 1030 risibilisr.

339 1074 509 1155 plausibilis
531 1075 685 1136 sensibilis
706 1075 863 1138 missibilis
885 1075 1034 1137 sessibilis
1055 1075 1157 1136 llatilis
1179 1074 1280 1136 fictilis
1306 1073 1420 1133 textilis
1442 1070 1531 1131 altilis
1549 1072 1610 1130 scri·
1711 1134 1712 1147 χ

341 1178 423 1257 ptilis
445 1177 569 1250 tortilis;
595 1179 639 1239 sic
661 1177 846 1240 adventicius
868 1178 1049 1239 adventicius
1071 1175 1335 1238 commendaticias
1359 1172 1418 1254 [sic
1433 1174 1503 1234 steti
1518 1181 1609 1232 statum
1711 1168 1712 1199 ³

339 1281 385 1340 irc
408 1288 503 1342 status
524 1283 628 1352 statim
651 1283 695 1342 sic
718 1279 755 1342 ab
777 1299 812 1341 eo
834 1280 913 1360 quod
935 1289 982 1343 est
1003 1279 1095 1341 caedo
1117 1297 1236 1340 caesum
1259 1280 1303 1338 ire
1321 1273 1457 1356 Caesar}
1491 1283 1521 1334 et
1539 1292 1611 1354 prae·
1711 1270 1712 1301 ³

339 1385 421 1443 teriti
443 1383 569 1463 perlecti
592 1401 773 1454 consonans,
800 1383 873 1444 licet
894 1401 979 1453 raro,
1001 1378 1107 1444 ‘tamen
1127 1383 1160 1442 in
1188 1377 1361 1442 verbalibus
1389 1375 1556 1439 nominibus
1574 1378 1610 1436 in·
1711 1392 1712 1465 r

339 1486 472 1556 venitur,
502 1492 534 1546 ut
556 1486 622 1546 rexi
645 1503 713 1557 rex,
744 1485 814 1546 duxi
837 1485 911 1556 dux,
933 1485 997 1546 luxi
1019 1486 1084 1555 lux,
1112 1485 1181 1564 rupi
1203 1501 1309 1562 rupes,
1337 1479 1455 1558 ambegi
1479 1478 1610 1556 ambages.
1622 1498 1640 1535 n
1711 1476 1712 1531 l

341 1595 370 1648 et
401 1587 627 1668 participiorum
660 1605 777 1668 qnoque
811 1587 856 1648 vel
890 1587 1033 1648 similium
1065 1588 1234 1667 participiis
1265 1586 1419 1646 nominum
1447 1601 1502 1662 per
1528 1583 1611 1642 omnia

340 1707 451 1766 genera
479 1688 583 1749 eodem
612 1690 698 1750 modo
721 1689 929 1770 persingulas
956 1697 1016 1751 tam
1038 1690 1264 1767 coniugationes
1287 1706 1376 1767 quam
1398 1686 1613 1763 significationes
1711 1670 1712 1749 l

341 1789 501 1852 verborum
529 1792 722 1852 inveniuntur
750 1792 899 1854 derivatae
927 1793 1169 1862 terminationes,
1198 1798 1230 1850 ut
1258 1808 1362 1850 amans
1388 1788 1500 1848 docens
1527 1785 1612 1864 legens
1711 1826 1712 1873 ,

341 1895 460 1973 sapiens
482 1893 621 1964 audiens,
646 1891 660 1975 Η
684 1893 827 1956 amandus
848 1893 998 1956 docendus
1019 1893 1164 1972 legendus
1185 1891 1351 1953 audiendus
1375 1888 1543 1970 sequendus
1562 1905 1613 1946 me·

341 1995 468 2056 tuendus
490 1994 669 2057 furibundus
684 1995 881 2066 ludibundus,
905 2005 1025 2059 vocatus
1040 1996 1144 2057 doctus
1162 1991 1294 2074 scriptus
1315 1993 1448 2062 auditus,
1472 1999 1615 2052 vocatums
1624 2007 1641 2043 1⁵

341 2097 482 2158 docturus
505 2098 671 2178 scripturus
693 2098 866 2169 auditurus;
889 2117 948 2159 non
970 2097 1066 2159 solum
1087 2098 1118 2158 in
1141 2095 1346 2159 accidentibus
1368 2092 1551 2162 nominibus,
1570 2091 1613 2151 sed

341 2202 430 2261 ctiam
457 2201 488 2259 in
515 2199 583 2260 flxis
610 2199 761 2262 vocabulis
791 2199 851 2280 [vel
879 2199 1080 2280 participiis],
1109 2208 1140 2260 et
1166 2201 1295 2261 maxime
1321 2199 1476 2259 femininis
1507 2198 1538 2256 in
1568 2212 1613 2254 ura

341 2299 562 2372 desinentibus,
586 2309 619 2363 ut
639 2304 756 2382 pictura
778 2304 929 2383 scriptura
951 2303 1041 2364 litura
1063 2310 1170 2363 natura
1191 2318 1328 2363 censura.

425 2403 509 2465 Licet
531 2410 629 2465 antem
653 2393 895 2466 ¹observationem
923 2423 983 2465 non
1015 2404 1152 2466 inutilem
1184 2403 1318 2473 tradere,
1351 2421 1410 2482 qua
1439 2400 1614 2478 cognoscitu

341 2507 483 2588 quasdam
505 2523 606 2567 rerum
629 2505 813 2570 differentias
839 2515 945 2568 natura
967 2507 1153 2587 frequentius
1181 2508 1256 2567 artis
1280 2503 1462 2568 adminiculo
1483 2503 1614 2583 reperire.
1624 2519 1647 2568 a.

341 2611 450 2690 quippe
479 2610 597 2670 nomina
625 2608 784 2670 verborum
812 2611 928 2687 origine
955 2608 1080 2671 deducta
1107 2617 1138 2669 et
1155 2609 1275 2686 gemino
1296 2609 1383 2687 qnasi
1404 2607 1486 2668 lente
1508 2621 1614 2664 mamn-
1711 2672 1712 2677 ἵ

342 2713 381 2772 tia
409 2711 524 2772 diversa
554 2711 720 2772 litterarum
748 2711 895 2772 divisione
922 2713 1080 2791 separavit.
1123 2729 1193 2772 nam
1220 2709 1258 2772 ab
1286 2709 1447 2770 indicativo
1478 2708 1615 2788 praesenti
1711 2690 1712 2757 Ϊ

342 2813 528 2875 venientibus
550 2812 722 2874 nominibus
744 2822 811 2875 ante
835 2814 985 2876 clausolae
1008 2814 1136 2875 casualis
1157 2813 1288 2874 vocalem
1311 2830 1415 2873 omnes
1432 2815 1615 2871 consonantes

342 2918 498 2996 positionis
520 2914 680 2976 verborum
702 2918 911 2995 significativas
933 2918 1121 2997 praeposuit,
1144 2913 1261 2976 duabus
1282 2914 1416 2993 exceptis
1438 2920 1562 2981 notum,
1588 2909 1613 2969 id
1711 2911 1712 2938 ³

341 3026 386 3079 cst
413 3039 427 3079 s
455 3026 484 3079 et
506 3024 539 3088 't;
566 3016 675 3098 quibus
702 3018 774 3079 solis
803 3020 940 3099 permisit
965 3026 999 3079 ut
1025 3036 1086 3079 non
1111 3017 1209 3079 solum
1235 3015 1335 3077 verbis
1362 3016 1541 3097 praecedant
1559 3015 1644 3073 tre-c

341 3120 535 3201 quentativis,
563 3137 639 3198 quae
662 3118 822 3181 derivativa
845 3128 930 3192 sunt,
957 3120 1010 3181 sed
1037 3122 1255 3183 scitamenta
1276 3137 1380 3181 omnes
1404 3118 1615 3180 terminationes
1711 3125 1712 3206 f

341 3222 473 3293 luceant,
503 3238 578 3301 quae
605 3221 642 3281 de
670 3224 832 3301 praeterito
853 3224 989 3303 perlecto
1010 3223 1057 3283 vel
1079 3223 1225 3283 inlinitivo
1247 3222 1343 3283 tutori
1370 3220 1560 3289 descendant,
1586 3225 1615 3275 ut
1711 3217 1713 3282 l

341 3324 474 3403 exempla
498 3324 650 3385 nominum
672 3323 825 3385 declarant
846 3333 915 3387 ante
937 3325 1006 3386 lata.
1050 3324 1088 3383 de
1114 3321 1225 3403 quibus
1252 3320 1391 3383 omnibus
1412 3320 1614 3383 terminationi·
1711 3325 1712 3406 l

341 3425 396 3487 bus
418 3433 448 3486 et
470 3424 708 3487 deductionibus
730 3428 799 3506 quia
813 3423 971 3510 Romalnae
995 3427 1095 3488 lumen
1116 3425 1289 3496 facundiae,
1312 3443 1413 3495 rnens,
1437 3427 1525 3485 immo
1543 3441 1614 3483 com·
1711 3409 1712 3486 J

340 3530 438 3589 munis
466 3529 596 3589 omnium
624 3527 776 3589 bominum
798 3538 988 3610 praeceptor,
1017 3533 1048 3591 in
1075 3537 1182 3609 quarto
1204 3527 1240 3589 de
1269 3528 1390 3587 nonrine
1415 3524 1494 3588 libro
1513 3542 1644 3587 summast

340 3649 407 3692 cum
435 3628 599 3692 subtilitate
628 3632 831 3710 copiosissime
861 3634 1073 3709 grammaticus
1104 3632 1277 3692 Priscianus
1307 3630 1487 3691 disseruisse
1518 3645 1612 3704 eogno-
1711 3675 1712 3686 ,

286 3804 288 3807 ,
341 3734 450 3804 scitur,
479 3732 546 3792 ideo
573 3739 730 3793 contentus
752 3733 825 3795 baec
852 3734 888 3795 ad
911 3734 1110 3796 renovandam
1137 3741 1252 3795 tantum
1274 3732 1361 3793 modo
1383 3732 1542 3811 legentium
1560 3745 1612 3788 me·
1711 3813 1712 3816 Ἴ

340 3835 464 3895 moriam
480 3835 700 3914 perstrinxisse,
717 3834 850 3913 reliquae
865 3838 943 3916 parti
957 3837 1165 3916 promissionis
1180 3852 1263 3895 meae
1278 3834 1453 3896 satisfacere
1468 3828 1611 3913 temptabo.
1711 3841 1712 3846 ’

339 3936 370 3997 id
393 3943 438 3995 est
460 3955 550 4016 supra
577 3938 684 4016 positis
707 3934 966 3999 observationibus
993 3939 1146 3999 nominum
1172 3937 1208 3998 dc
1231 3935 1331 3998 verbis
1352 3936 1551 3998 traductorum
1570 3952 1611 3992 ex·
1711 3939 1712 3942 ’

339 4041 448 4119 ceptis
478 4038 623 4118 quidquid
651 4037 775 4099 verbmn
798 4042 966 4119 appositum
987 4041 1102 4101 nomini
1124 4042 1294 4120 reperiatur
1318 4036 1397 4119 (nam
1415 4058 1475 4099 non
1495 4038 1579 4098 solnm
1596 4052 1643 4092 as

340 4140 430 4201 verbo
459 4158 581 4211 nomen,
615 4140 668 4201 sed
694 4142 784 4203 ctiam
816 4140 940 4203 verbnm
966 4162 984 4205 a
1005 4144 1124 4204 nomine
1147 4141 1336 4223 deductum),
1364 4134 1611 4217 ostenderequod

421 4397 434 4451 l
453 4399 512 4451 item
531 4398 673 4465 (serperecr.
693 4398 719 4447 in
739 4398 819 4461 tinus)
837 4399 967 4465 optatione
985 4398 1011 4448 P
1079 4400 1140 4450 bet
1161 4398 1188 4447 in
1207 4399 1247 4448 sio
1263 4406 1289 4448 et
1306 4398 1333 4446 in
1350 4393 1418 4446 ibitis
1436 4404 1461 4446 et
1478 4396 1503 4445 ln
1519 4390 1610 4444 ieinsll

407 4472 424 4520 4
443 4480 470 4519 nt
487 4470 568 4521 inscio
588 4470 654 4519 nicio
671 4468 764 4519 mersio
784 4469 872 4519 missio
891 4468 916 4520 B
984 4468 1131 4519 buisibilis
1143 4467 1274 4534 passibilis
1292 4467 1424 4516 sensibilis
1440 4464 1543 4516 minito
1558 4461 1607 4511 nis·

339 4540 394 4590 silis
413 4540 498 4589 llatllis
516 4539 542 4589 B
559 4538 668 4589 ulslbilis
688 4538 819 4603 possibilis
843 4539 991 4606 pransibilis
1010 4538 1154 4603 plausibilis
1176 4537 1298 4589 sanabilia
1315 4537 1447 4587 missibilie
1468 4534 1607 4586 sessibilise

338 4610 414 4662 sedeo
434 4608 552 4666 lletlliscs
623 4610 719 4658 lstetl
733 4610 822 4662 omB
892 4608 1077 4660 doerbialibus
1095 4608 1152 4658 BP
1223 4607 1255 4659 10
1272 4608 1377 4674 ambigo
1394 4606 1487 4671 ambigi
1503 4602 1607 4666 ambages

339 4680 363 4727 B
386 4680 499 4745 ambigui
518 4680 640 4745 ambages
658 4680 684 4729 P
699 4678 802 4745 ambigo
822 4677 923 4743 ambegi
941 4684 1017 4743 gest
1087 4677 1119 4727 ld
1138 4679 1242 4742 sapiens
1256 4692 1301 4726 orn.
1321 4678 1348 4727 B
1418 4674 1604 4741 sequendumve.

337 4748 363 4797 B
432 4750 467 4799 20
484 4750 623 4815 reperiris
691 4748 910 4800 themisone?
959 4747 993 4798 ¹26
1010 4745 1215 4813 terminationes]
1235 4745 1420 4800 uocalescorr.
1438 4743 1606 4797 cominando

339 4818 363 4867 B
431 4816 467 4869 30
485 4818 549 4868 libro
566 4820 655 4869 ΜΡ
742 4819 776 4870 35
795 4817 938 4883 repperitur
955 4818 982 4867 P
1055 4832 1114 4868 nam
1132 4833 1180 4869 oar.
1198 4818 1223 4867 B
1310 4814 1346 4868 36
1363 4814 1442 4883 qnod]
1462 4829 1531 4881 quom
1546 4823 1603 4860 ωπ·

338 4888 406 4951 quod
426 4888 451 4937 B
