3525 5600
646 373 881 438 COMMENTVM
1349 373 1413 436 239

1229 493 1251 534 p.
1264 480 1388 522 aar-241„

142 569 222 648 prima
242 580 365 644 persona
387 571 456 624 ante
478 559 611 623 ultimam
633 561 762 623 litteram
784 569 845 622 tres
866 561 984 622 vocales
1006 559 1103 632 babet,
1126 579 1153 632 e,
1176 567 1209 621 ut
1230 579 1310 631 exeo,
1338 562 1414 638 i,‚ut

141 669 224 736 audio,
246 685 273 736 u,
296 671 327 726 ut
350 682 462 726 annuo:
487 684 504 725 o
527 672 595 725 ante
617 684 634 725 o
657 682 817 744 numquam
839 662 938 734 babet,
962 682 978 724 a
1001 671 1070 724 ante
1091 682 1110 724 o
1131 681 1293 744 numquam
1312 663 1412 726 babet.

141 779 197 852 puta
217 787 274 830 non
296 774 411 848 potest,
435 767 582 848 quemad
606 766 725 828 modum
747 764 819 827 illud
842 765 933 827 babet
961 772 1067 828 eante
1090 783 1122 834 o,
1150 775 1184 828 nt
1204 785 1292 837 exeo,
1321 775 1372 827 aut
1392 768 1412 834 i,

141 881 166 934 ut
189 871 284 942 audio,
308 878 367 931 'aut
393 889 428 940 u,
456 876 490 929 ut
517 888 632 940 annuo,
661 887 721 930 non
748 875 847 948 potest
874 868 1000 928 inveniri
1028 876 1135 928 aante
1158 887 1185 928 o.
1230 887 1301 929 ecce
1321 867 1414 929 babes

122 993 212 1036 summ
233 970 365 1034 vocalem
386 991 461 1052 quae
485 970 659 1034 excluditur.
704 971 775 1031 item
797 969 853 1032 alia
876 968 992 1038 vocalis,
1017 987 1077 1029 non
1098 971 1248 1032 invenitur
1270 990 1288 1030 o
1309 977 1414 1031 anteo

140 1083 246 1156 excepto
268 1093 329 1134 uno
352 1091 469 1153 gracco,
493 1073 563 1154 βοῶ
585 1052 668 1154 βοᾷς
688 1071 762 1154 βοᾷ,
786 1071 816 1132 id
840 1081 885 1133 est
906 1072 1016 1132 clamo:
1039 1071 1185 1151 Vergilius
1207 1076 1362 1154 conposuit
1384 1081 1413 1133 et

139 1181 195 1241 lecit
209 1175 329 1238 latinum
348 1180 526 1246 sermonem,
543 1175 644 1245 reboo,
661 1174 837 1236 ‘reboant
859 1174 976 1236 silvae
991 1182 1027 1234 et
1040 1192 1192 1254 magnus
1207 1175 1410 1256 Olympus’.

141 1281 182 1342 sed
205 1297 342 1358 graecum
364 1286 410 1340 est
430 1277 495 1338 boc.
534 1284 667 1339 ceterum
690 1276 812 1338 latinum
835 1275 959 1338 verbum
980 1295 1042 1338 nou
1056 1284 1154 1356 potest
1173 1278 1310 1347 inveniri,
1334 1277 1412 1355 qnod

140 1382 243 1444 rerburn
266 1389 334 1442 ante
357 1379 489 1442 ultimam
511 1379 641 1440 litteram
664 1377 771 1440 babeat
792 1397 819 1440 o.
865 1396 938 1457 ergo
958 1381 1030 1440 istas
1052 1377 1125 1440 duas
1147 1379 1274 1440 diximus
1296 1380 1413 1474 vocales

113 1505 189 1546 onon
208 1485 329 1554 iuvenis,
352 1503 408 1546 nec
430 1502 447 1544 a
468 1501 525 1544 nec
547 1501 573 1543 o.
607 1484 678 1543 item
700 1489 761 1542 tres
783 1488 984 1542 consonantes
1005 1499 1064 1542 non
1086 1483 1278 1544 inveniuntur
1293 1489 1323 1542 et
1337 1481 1413 1543 duae

139 1604 260 1665 graecae,
286 1605 304 1664 y
326 1591 357 1646 ct
377 1605 402 1646 z.
434 1586 447 1646 l
466 1603 526 1647 non
549 1587 711 1663 reperitur3
739 1583 850 1644 idcirco
873 1589 976 1644 errant
989 1585 1041 1662 qui
1054 1585 1098 1644 sic
1117 1583 1260 1654 scribunt,
1283 1584 1411 1652 triumlo,

141 1709 185 1768 per
203 1689 222 1748 l.
264 1707 333 1748 nam
356 1705 480 1748 necesse
504 1693 549 1748 est
572 1692 618 1756 ut,
646 1685 774 1748 litteram
796 1684 876 1747 illam
904 1703 1041 1764 graecam
1068 1704 1186 1766 pcum
1212 1684 1340 1746 volueris
1362 1705 1412 1746 ex-

139 1793 260 1871 primere,
284 1809 375 1870 perp
399 1798 428 1850 ot
449 1789 468 1850 b
492 1795 522 1850 et
543 1809 560 1850 o
583 1787 706 1850 scribas.
746 1787 878 1868 Filippus
901 1807 954 1868 per
976 1808 1002 1869 φ
1024 1787 1174 1858 scribunt;
1202 1768 1293 1850 latibe
1314 1789 1341 1848 si
1361 1805 1411 1848 ro·

139 1894 214 1954 lucris
234 1891 374 1968 scribere,
399 1909 452 1972 per
474 1911 493 1972 p
516 1898 546 1953 et
566 1890 587 1951 b
609 1889 723 1952 scribis.
759 1899 829 1970 puta
852 1889 951 1971 φίλος
978 1889 1069 1952 latine
1090 1909 1145 1972 per
1166 1910 1186 1970 p
1209 1898 1239 1950 et
1260 1887 1410 1960 bscribiS,

112 2003 163 2056 net
180 1995 283 2056 idcirco
306 1993 457 2073 triumpho
479 1995 522 2056 sic
546 1991 550 2074 Ι
574 1991 664 2054 debet
690 1991 789 2054 scribi.
835 1993 906 2054 inde
934 1993 1013 2054 enlm
1040 1992 1129 2054 babet
1156 1994 1317 2071 originem,
1345 1985 1411 2054 ἀπὸ

138 2096 188 2158 τοῦ
207 2091 437 2177 θριαμβεύειν.
475 2094 643 2174 triumpbus
665 2094 741 2174 apul
764 2093 914 2156 Romanos
935 2113 995 2154 non
1017 2095 1073 2156 luit
1092 2113 1148 2156 nec
1171 2094 1248 2175 apud
1271 2095 1412 2164 Graecos,

138 2198 180 2288 sed
199 2217 232 2258 ex
254 2216 340 2260 causa
362 2197 464 2259 Liberi
485 2199 587 2278 patris.
633 2181 723 2260 Liber
749 2204 835 2277 pater
858 2215 926 2258 cum
954 2199 1072 2259 vicisset
1091 2197 1180 2260 Indos
1207 2203 1333 2260 etcum
1354 2196 1411 2259 sal·

137 2303 232 2362 tatione
254 2309 283 2362 et
304 2302 433 2382 tropaeis
455 2299 581 2370 rediret,
605 2299 683 2379 quod
706 2301 830 2370 vicerat,
860 2298 967 2360 exinde
988 2307 1117 2360 tractum
1144 2307 1178 2362 ut
1197 2300 1271 2361 baec
1293 2298 1411 2362 sollem-

138 2405 202 2464 nitas
230 2411 397 2465 serraretur
424 2401 654 2482 imperatoribus
683 2400 852 2463 victoribus.
897 2420 967 2462 nam
987 2401 1114 2472 idcirco,
1149 2401 1267 2482 quando
1290 2403 1411 2462 vincunt

109 2507 330 2583 ninperatores,
354 2507 502 2568 exercitus
525 2510 593 2566 ante
615 2505 696 2584 ipsos
719 2502 885 2579 ambulant,
914 2504 1099 2584 praecedunt
1125 2504 1234 2566 milites
1260 2511 1290 2564 et
1310 2504 1411 2565 dicunt

136 2609 221 2686 aliqua
240 2607 345 2669 lasciva
367 2607 403 2670 ad
425 2609 620 2668 imitationem
643 2607 823 2687 Satyrorum,
847 2625 935 2686 quem
957 2607 994 2668 ad
1016 2606 1136 2669 modum
1159 2608 1256 2687 Satyri
1277 2614 1346 2668 ante
1360 2605 1407 2666 Li·

137 2709 226 2770 berum
253 2718 369 2791 patrem
398 2708 584 2771 ambulantes
620 2707 756 2770 dicebant
807 2706 1051 2794 [θριᾳμβεῦσαι
1084 2708 1186 2770 dicunt
1217 2706 1350 2770 exultare
1381 2717 1411 2769 et

135 2822 239 2875 cantare
261 2810 437 2893 triumpho}
469 2830 540 2891 ergo
562 2813 576 2872 l
595 2819 663 2873 ante
686 2832 704 2872 o
727 2832 786 2873 non
808 2814 932 2873 invenis.
962 2816 1030 2873 item
1050 2814 1072 2872 lc
1093 2820 1193 2873 anteo
1211 2830 1273 2874 non
1286 2815 1408 2873 incenis.

135 2914 244 2993 legimus
265 2917 345 2979 enirn
367 2916 399 2976 in
420 2914 526 2977 litteris
542 2917 608 2995 quia
630 2914 650 2975 lt
673 2934 732 2975 non
754 2916 949 2995 praeponitur
971 2917 1028 2977 nisi
1042 2925 1185 2996 sequente
1198 2934 1225 2975 a.
1255 2933 1326 2993 ergo
1342 2933 1409 2975 cum

105 3032 149 3074 so
167 3025 307 3097 sequatur,
332 3036 390 3097 quo
413 3018 501 3079 modo
524 3026 622 3097 potest
637 3017 656 3077 k
673 3018 837 3097 praeponi?
866 3018 938 3077 item
960 3037 979 3097 q
1001 3036 1062 3079 non
1085 3018 1287 3100 praeponitur,
1311 3019 1409 3079 nisiu

133 3127 270 3199 sequatur;
294 3138 361 3181 cum
385 3128 483 3182 autem
508 3138 527 3179 ιι
551 3138 610 3180 non
632 3128 780 3199 sequatur,
803 3121 982 3199 qpraeponi
996 3138 1056 3181 non
1072 3119 1170 3185 debet.
1201 3138 1273 3198 ergo
1290 3138 1409 3181 remoue

132 3222 192 3283 istas
213 3241 324 3291 omnes,
347 3241 364 3282 a
387 3241 405 3283 o
427 3223 441 3283 l
460 3222 480 3283 k
502 3228 599 3302 qyat
614 3240 643 3291 z;
666 3224 730 3283 istis
753 3224 883 3301 exceptis
905 3221 1021 3293 litteris,
1044 3242 1120 3303 quae
1141 3241 1201 3283 non
1220 3224 1410 3284 inveniuntur

133 3330 189 3383 anta
210 3344 242 3393 o,
272 3323 404 3404 reliquae
434 3319 658 3408 [consonantes]
686 3323 756 3385 illac
783 3326 841 3385 iam
869 3326 1075 3395 inveniuntur,
1106 3342 1137 3394 e,
1160 3332 1194 3385 ut
1215 3343 1305 3393 exeo,
1331 3326 1355 3393 i,
1378 3332 1411 3385 ut

133 3424 217 3493 audio,
241 3444 268 3499 u,
290 3432 323 3487 ut
345 3444 455 3495 annuo,
479 3433 508 3486 et
530 3434 728 3488 consonantes
749 3444 852 3487 omnes
874 3425 962 3497 aliae,
986 3434 1057 3507 puta
1075 3424 1098 3487 b
1120 3425 1205 3496 bibo,
1228 3447 1245 3487 c
1266 3428 1366 3507 placo,
1390 3427 1409 3487 d

104 3525 221 3595 oreddo,
244 3546 263 3606 g
284 3526 353 3609 ligo,
376 3527 396 3587 b
418 3527 513 3599 trabo,
536 3526 545 3587 l
567 3528 688 3609 lupello,
713 3547 740 3589 m
764 3548 839 3599 amo,
863 3548 882 3589 n
906 3548 989 3600 cano,
1011 3549 1028 3591 r
1050 3546 1111 3599 aro,
1133 3548 1148 3589 s
1170 3528 1257 3600 lasso,
1280 3548 1299 3589 ι
1321 3529 1406 3590 elixo.

131 3636 203 3703 potes
231 3632 235 3711 Ι
263 3630 398 3692 invenire
425 3650 530 3691 omnes
556 3630 670 3693 litteras
698 3638 765 3693 ante
793 3650 811 3692 o
842 3634 974 3709 exceptis
1000 3632 1075 3693 istis.
1124 3633 1195 3711 quin
1226 3633 1313 3692 etiarn
1339 3630 1408 3692 illae

131 3728 204 3800 dnae,
227 3733 238 3791 i
260 3740 290 3793 et
311 3751 338 3802 ιι,
362 3749 438 3810 quae
460 3739 616 3794 transeunt
636 3736 909 3795 inconsonantiam
929 3742 1115 3814 potestatem,
1137 3741 1262 3813 possunt
1282 3734 1408 3793 inveniri

130 3832 254 3895 siniliter
276 3833 341 3895 loco
363 3837 590 3897 consonantium
612 3838 742 3916 positae:
766 3838 822 3907 aio,
845 3838 855 3895 i
877 3844 945 3897 ante
968 3856 1001 3906 o;
1025 3855 1095 3898 ecce
1116 3836 1205 3897 modo
1226 3838 1258 3897 in
1278 3853 1340 3897 aon
1363 3843 1409 3896 est

130 3935 241 4007 vocalis,
265 3936 318 3998 sed
339 3940 423 4017 quasi
446 3956 612 3999 consonans
634 3945 693 3999 est:
724 3938 843 4010 adiuro,
867 3958 937 4000 ecce
959 3940 1109 4001 invenitur
1135 3959 1157 4000 n
1184 3946 1252 3999 ante
1275 3956 1309 4007 o;
1339 3956 1407 3999 nam

188 4262 200 4312 l
224 4260 302 4311 babet
323 4262 351 4327 (e
371 4262 432 4315 odd.
451 4262 480 4325 b)
498 4270 525 4311 ut
548 4278 611 4313 exeo
637 4262 656 4329 (i
676 4263 737 4317 add.
754 4263 781 4327 b)
804 4264 880 4313 audio
905 4264 936 4327 (u
953 4264 1014 4313 odd.
1033 4264 1061 4327 b)
1082 4280 1166 4315 nnnrro
1188 4264 1214 4315 B
1222 4283 1239 4315 a
1259 4263 1335 4313 babet
1353 4264 1359 4313 i
1379 4272 1407 4314 nt

129 4331 193 4380 audio
209 4348 223 4379 e
239 4342 267 4382 nt
288 4348 352 4381 exeo
371 4348 387 4381 ιι
410 4344 436 4381 ut
454 4347 537 4382 onurao
552 4333 585 4382 0:
605 4342 632 4383 ut
647 4350 710 4383 exeo
728 4362 760 4370 —
780 4350 795 4383 a
812 4342 870 4383 atate
889 4348 904 4381 o
923 4348 1060 4397 numquam
1078 4336 1155 4385 babet
1172 4338 1198 4385 ιἰι
1216 4338 1292 4384 litura
1309 4336 1406 4399 scripto

128 4399 190 4449 labet
207 4418 224 4449 c
294 4403 389 4453 bitem
407 4404 458 4452 alia
478 4404 520 4452 ubi
541 4416 589 4451 non
606 4402 680 4454 Bca
702 4405 762 4454 item
778 4404 855 4454 aliubi
875 4418 924 4453 noa
946 4405 970 4453 A
1040 4405 1124 4454 dboo
1144 4405 1206 4455 boas
1220 4408 1294 4465 (boos
1312 4406 1342 4461 ΘΙ
1358 4406 1406 4453 boa

130 4469 199 4521 ΑΒΘ
267 4468 421 4539 lreboant]
446 4475 524 4537 Verp.
540 4488 628 4537 peorp.
649 4476 681 4525 lll
700 4474 761 4581 223t
821 4482 845 4522 et
862 4474 949 4527 oneo
1029 4473 1176 4541 brodelee]
1195 4476 1238 4524 ubi
1255 4474 1339 4525 ABG

131 4590 156 4640 15
172 4594 311 4659 triumphas
330 4596 368 4643 sic
386 4594 411 4643 A
501 4594 533 4645 16
552 4610 691 4645 θνιιιιιιιιιιι
712 4594 896 4647 Caruentanam
915 4595 940 4645 Β
957 4612 1129 4648 serueueram
1147 4596 1171 4645 A
1255 4598 1287 4648 ll
1302 4606 1328 4646 et
1348 4612 1404 4646 cum

129 4661 247 4715 saltatione
262 4662 339 4715 lrca
355 4672 380 4713 et
397 4679 454 4714 carna
473 4667 640 4715 exsaltatione
654 4665 678 4713 A
751 4666 783 4717 18
802 4675 826 4715 et
843 4668 939 4732 tropeis
957 4667 982 4716 B
1002 4706 1068 4721 ....
1084 4668 1152 4719 oreis
1170 4666 1195 4715 A
1214 4674 1238 4715 et
1256 4666 1355 4715 choreis
1371 4664 1405 4717 a*

130 4731 280 4785 etcboria'G
332 4735 445 4783 uinceret
458 4750 525 4784 corr.
543 4738 656 4785 uincerat
674 4732 699 4783 Β
753 4737 928 4787 trartntnnaA
946 4736 1147 4787 tractumcetB
1216 4736 1405 4787 22tbriambae

130 4814 180 4850 usae
197 4801 220 4851 B
239 4806 363 4855 triambne
382 4820 442 4855 rusae
461 4805 693 4855 Gtriambaeussao
707 4804 731 4853 A
802 4806 835 4856 23
854 4810 914 4857 item
933 4807 1024 4857 kante
1045 4824 1060 4858 o
1080 4820 1130 4856 non
1147 4806 1247 4856 invenie
1261 4822 1309 4861 om.
1322 4806 1407 4859 ABG

186 4873 218 4921 at
235 4876 261 4923 in
276 4874 359 4925 littera
375 4874 460 4925 ABG
528 4875 561 4926 ab
580 4892 596 4925 u
615 4884 674 4925 ante
691 4890 741 4926 non
759 4892 805 4927 om.
820 4877 910 4937 ABG,
926 4878 988 4927 odd.
1002 4877 1034 4927 a*
1103 4877 1285 4929 34uetoA
