3525 5600
335 359 398 424 302
905 363 1059 426 Peucen

362 482 384 523 p.
396 471 486 512 att-59
501 469 523 510 L.

335 568 428 611 unum
452 553 560 612 exitum
585 549 709 620 iaciunt,
733 548 902 631 epilempsis
924 558 979 612 est.
1025 551 1137 611 idcirco
1164 549 1257 612 habes
1279 551 1356 631 apud
1379 553 1552 614 Terentium
1572 557 1616 614 mi-

334 650 388 712 lies
414 653 521 714 iactam
548 653 634 712 istam
664 652 790 729 figuram
813 659 842 712 et
869 654 900 714 io
923 652 1042 715 casibus
1069 662 1099 712 et
1119 654 1151 712 in
1173 655 1316 714 numeris.
1362 652 1420 714 hoe
1442 653 1508 714 volo
1530 663 1616 715 osten·

334 753 423 825 dere,
451 755 590 832 quoniam
612 755 669 815 iste
697 756 737 814 ait
763 753 948 836 ‘syllempsis
969 757 1001 816 tit
1023 754 1204 832 generaliter
1232 764 1261 816 et
1288 774 1343 834 per
1365 764 1465 836 partes
1487 757 1617 816 orationis

334 863 364 915 et
385 874 440 936 per
462 855 625 918 accidentia
646 858 775 937 partium
800 859 970 920 orationis'.
1014 857 1111 918 noluit
1138 857 1210 918 dare
1239 857 1391 937 exempla:
1425 865 1522 918 tamen
1545 859 1615 918 inre·

334 958 433 1019 nimus
456 958 592 1040 exempla
615 958 694 1039 apud
717 960 892 1040 Terentium
914 959 965 1020 illo
991 958 1068 1029 loco,
1626 983 1636 1021 5

485 1071 592 1141 poeta
615 1081 693 1124 cum
716 1063 874 1142 primum
897 1062 1055 1124 animum
1079 1061 1120 1122 ad
1143 1060 1386 1124 scribendum
1408 1061 1566 1140 appulit,

484 1163 518 1224 id
543 1163 618 1224 sibi
641 1165 788 1241 negotii
811 1162 977 1225 credidit
998 1162 1118 1223 solum
1142 1163 1237 1233 dari,

483 1265 620 1346 populo
644 1274 682 1326 ul
702 1263 901 1345 placerent
923 1284 1012 1346 quas
1035 1265 1197 1327 fecisset
1219 1263 1382 1327 labulas:

332 1371 377 1427 ‘ut
398 1367 508 1447 populo
531 1367 684 1446 placerent
705 1365 832 1428 sabulas’
857 1384 946 1428 nemo
961 1367 1041 1444 dicit,
1065 1367 1118 1428 sed
1134 1367 1179 1428 ‘ut
1192 1367 1304 1448 populo
1316 1368 1472 1448 placerent
1487 1366 1616 1429 labulae'.
1715 1398 1716 1443 t

335 1471 405 1530 item
428 1469 486 1530 alio
510 1468 574 1531 loeo
597 1469 686 1550 paulo
708 1478 782 1550 post,
1625 1489 1645 1527 n

483 1589 573 1650 quas
596 1573 714 1634 laciet
735 1571 778 1632 de
800 1571 952 1651 integro
975 1571 1190 1634 comoedias

483 1674 731 1754 spectandae,
756 1693 798 1734 an
822 1675 1031 1754 exigendae
1053 1676 1129 1736 sint
1150 1672 1254 1735 vobis
1275 1673 1397 1752 prius:

330 1775 499 1838 comoedias
527 1777 719 1855 spectandae;
755 1777 862 1838 iterum
896 1775 1062 1857 syllcmpsis
1092 1784 1137 1837 est
1166 1794 1221 1857 per
1253 1771 1457 1859 multationem
1490 1793 1613 1836 casuum.
1715 1774 1716 1781 ’

331 1897 401 1940 ecce
424 1880 454 1940 in
478 1878 604 1940 casibus.
651 1879 682 1938 in
705 1881 837 1938 numeris
859 1877 954 1940 hahes
974 1882 1006 1939 in
1028 1877 1183 1948 Eunucho,

482 1982 512 2041 si
535 1981 731 2060 quisquam
755 1989 824 2052 est,
849 1983 911 2059 qui
933 1981 1086 2061 placere
1108 1999 1147 2042 se
1169 1979 1454 2041 studeatbonis
1626 1997 1645 2035 u
1715 1992 1716 2001 ¹

482 2099 585 2160 quarn
609 2082 799 2162 plurimis,

480 2186 516 2246 in
540 2184 597 2244 his
619 2195 729 2264 poeta
751 2184 810 2246 hic
833 2203 965 2246 nomen
987 2185 1200 2265 prolitetur
1222 2202 1335 2246 suum.

327 2288 352 2348 si
376 2288 531 2366 quisquam
555 2294 600 2346 est
621 2287 651 2346 in
675 2285 734 2347 his:
771 2288 810 2349 ita
833 2305 993 2367 possumus
1016 2287 1130 2359 dicere,
1155 2289 1249 2368 ‘siqui
1271 2294 1341 2348 sunt
1367 2289 1420 2363 qui
1441 2285 1543 2347 volunt
1563 2305 1612 2366 po·

327 2387 397 2468 pulo
419 2388 551 2468 placere,
575 2390 606 2448 in
629 2387 675 2448 nis
697 2407 729 2449 se
752 2388 812 2449 vult
833 2389 993 2450 Terentius
1014 2391 1196 2459 numerari’;
1230 2393 1286 2450 iste
1309 2397 1408 2450 autem
1425 2389 1497 2450 dixit
1519 2389 1615 2467 ‘siquis

328 2499 372 2551 cst
395 2492 446 2568 qui
468 2489 529 2551 vult
550 2490 660 2572 populo
682 2491 810 2572 placere,
834 2493 913 2553 inter
928 2493 1011 2571 ipsos
1027 2499 1071 2552 est
1082 2492 1242 2554 Terentius
1258 2493 1307 2572 qui
1323 2489 1385 2553 vult
1399 2509 1432 2552 se
1448 2492 1613 2552 numerari’.
1625 2507 1646 2546 eo

328 2595 398 2655 item
422 2592 479 2654 alio
502 2592 568 2654 loco
591 2595 709 2674 inipso
732 2600 916 2673 argumento,

479 2693 591 2757 habeo
614 2694 688 2757 alia
711 2695 841 2765 multa,
873 2715 964 2777 quae
984 2714 1082 2760 nunc
1103 2696 1397 2759 condonabitur:

328 2796 440 2859 ‘liabeo
463 2797 518 2859 alia
542 2796 645 2869 multa,
671 2816 748 2877 quae
770 2818 850 2861 nuuc
873 2797 1138 2861 condonabuntur'
1162 2800 1267 2861 debuit
1292 2800 1402 2861 dicere·
1448 2816 1519 2877 ergo
1540 2797 1615 2858 rides

327 2919 415 2981 saepe
438 2902 532 2971 istam.
548 2903 672 2979 figuram
694 2902 818 2962 diversis
841 2900 937 2963 mods
959 2904 1034 2972 lieri,
1058 2902 1088 2961 id
1105 2911 1148 2963 est
1164 2920 1219 2981 per
1234 2920 1354 2980 genera,
1378 2920 1433 2982 per
1448 2920 1542 2971 casus,
1563 2919 1614 2981 per
1715 2893 1716 2896 '

329 3022 477 3065 numeros.
1623 3023 1645 3061 es
1715 3037 1716 3084 3

410 3105 597 3187 Anadiplosis
619 3105 768 3186 anaphora
792 3104 1009 3186 epanalempsis
1032 3115 1062 3168 et
1083 3107 1244 3187 epizeuxis,
1266 3105 1322 3166 hac
1344 3106 1458 3185 figurae
1480 3106 1510 3166 iu
1527 3124 1613 3166 unum
1715 3087 1717 3106 ι

326 3226 420 3285 genus
443 3207 633 3286 rediguntur,
657 3210 755 3289 speeie
784 3215 897 3269 tantum
927 3208 1015 3269 modo
1042 3208 1193 3269 dillerunt.
1244 3200 1426 3288 anadiplosis
1457 3217 1519 3277 cst,
1542 3225 1611 3285 quo·
1715 3243 1716 3302 3

327 3312 403 3371 tiens
424 3309 476 3371 illo
500 3308 590 3371 verbo
611 3309 786 3373 inchoamus
810 3329 927 3371 versum
949 3319 1138 3391 sequentem,
1167 3327 1226 3389 quo
1256 3309 1347 3371 verbo
1375 3310 1534 3371 clausimus
1554 3311 1611 3388 pri·
1715 3317 1716 3338 ¹

326 3429 418 3483 orem,
443 3420 475 3472 ut
496 3421 567 3492 puta

477 3516 652 3591 sequitur
673 3513 958 3595 pulcherrimus
979 3518 1103 3586 Astur,

476 3618 586 3678 Astur
608 3616 746 3679 lidens:

325 3737 384 3798 qrto
399 3716 497 3779 'verbo
520 3718 639 3781 clausus
661 3728 707 3779 est
728 3720 809 3799 prior
832 3738 946 3795 versus,
969 3740 1005 3780 eo
1020 3719 1113 3781 verbo
1127 3719 1285 3782 inchoatus
1307 3725 1354 3780 est
1375 3736 1513 3796 sequens.
1544 3735 1610 3779 aua·
1715 3719 1716 3722 ’

323 3822 416 3901 phora
439 3828 492 3891 cst,
516 3822 789 3904 quotienscumlque
816 3841 871 3903 per
893 3822 1002 3883 multos
1024 3840 1127 3883 versus
1150 3841 1209 3885 uuo
1231 3822 1326 3882 uteris
1346 3819 1455 3892 verbo,
1479 3822 1509 3881 in
1531 3821 1610 3882 initio

324 3932 432 3994 tamen,
450 3930 483 3985 ut

475 4034 574 4097 nate,
598 4044 697 4087 meae
721 4027 833 4097 vires,
856 4046 935 4089 mea
957 4046 1086 4107 magna
1109 4028 1279 4108 potentia
1303 4025 1420 4094 solus.

474 4137 573 4200 nate,
597 4129 717 4210 patris
739 4132 866 4191 summi
889 4132 951 4209 qui
973 4130 1046 4191 tela
1069 4129 1242 4210 Typhoea
1267 4129 1410 4190 temnis.

391 4337 405 4388 l
430 4336 498 4401 apud
516 4334 725 4385 terentianum?
793 4336 974 4385 linuenimue
988 4350 1035 4385 noe
1053 4336 1171 4402 exempla
1188 4334 1239 4411 Β,
1283 4334 1387 4399 liupnd
1402 4330 1608 4383 terentianum?

603 4416 607 4423 '
1220 4412 1240 4441 81

389 4456 434 4506 illo
449 4456 503 4507 loeo
523 4458 556 4507 sit
574 4472 588 4505 e
605 4464 680 4523 poeto
693 4456 744 4507 SP
761 4456 804 4506 illo
821 4454 876 4504 loco
895 4457 917 4504 ei
930 4457 966 4505 ita
982 4458 1089 4522 poetaG
1104 4456 1149 4507 illo
1167 4458 1222 4508 loco
1240 4457 1291 4505 ieta
1310 4454 1345 4504 ita
1359 4462 1436 4519 poeta
1447 4454 1490 4506 B:
1509 4453 1605 4505 Terent.

318 4528 403 4579 Andr.
417 4529 514 4592 proll
587 4528 675 4578 7deri
689 4526 739 4577 GP
756 4526 816 4577 dare
831 4524 882 4575 BS
952 4527 1015 4576 dot
1030 4542 1076 4576 om.
1093 4530 1117 4577 P
1189 4527 1219 4578 11
1236 4540 1300 4590 quae
1314 4523 1391 4575 faciet
1406 4524 1428 4575 0
1443 4540 1519 4589 quam
1537 4524 1607 4574 laciet

318 4601 418 4661 Squas
435 4596 495 4647 lecit
515 4606 539 4646 et
557 4598 582 4647 P
599 4611 662 4661 quaa
681 4596 787 4645 lecisset
804 4597 842 4646 B:
867 4596 968 4645 Terent.
988 4598 1073 4649 Andr.
1091 4599 1157 4659 prol.
1173 4596 1211 4646 ‘ld
1296 4592 1453 4659 comoedias]
1474 4596 1567 4645 mediae
1583 4594 1607 4642 P

389 4668 421 4719 le
438 4668 610 4733 expectandae
628 4666 666 4715 orl
681 4668 706 4717 P
776 4665 806 4717 13
826 4666 942 4715 comedia
961 4668 1136 4730 expectandae
1155 4668 1180 4716 P
1248 4667 1281 4717 14
1303 4668 1329 4715 in
1353 4665 1488 4730 Eunucho]
1509 4662 1603 4727 prout

322 4751 324 4755 ·
388 4738 421 4788 lo
442 4738 504 4800 quid
523 4739 635 4803 placeret
655 4736 892 4787 studeotbonuaP
960 4736 1092 4790 παιδ’
1160 4738 1194 4789 16
1212 4751 1287 4800 quam
1304 4736 1389 4788 BSP
1403 4736 1606 4798 quodGeumc

386 4808 420 4857 22
438 4806 530 4872 habeo]
560 4806 659 4860 Terent.
678 4806 792 4859 Ermued,
813 4808 880 4869 prol.
904 4806 935 4856 17
1006 4806 1215 4857 condemnabitur
1232 4806 1258 4854 P
1325 4805 1362 4857 30
1380 4804 1504 4871 sequitur]
1528 4806 1604 4869 Verp.

318 4877 382 4928 Aea.
403 4876 427 4927 Χ
451 4876 501 4928 180
569 4878 603 4928 35
622 4874 690 4943 nete]
717 4876 877 4941 empsim.
900 4875 979 4927 1664
1048 4878 1109 4928 uiris
1126 4878 1171 4928 OS
1239 4874 1306 4943 mea]
1327 4876 1437 4925 meaeB
