3525 5600
348 424 412 490 614
906 425 1088 493 machontt

375 538 511 591 parur-m
524 535 548 578 r.

348 617 498 679 miliarem
518 615 577 676 sibi
600 615 817 696 diphthongum
841 611 845 696 l
869 623 1086 686 convenerunt,
1113 611 1254 676 ἐκάλεον
1277 610 1442 694 ἐκάλουν,
1477 609 1635 694 ἐχρόοοον

350 715 533 798 ἐχρόσουνε
557 738 579 778 α
601 737 671 779 vero
687 725 717 778 et
738 737 756 780 ο
779 722 810 779 in
833 737 871 797 ω,
896 715 1033 798 ἐτίμαον
1055 713 1188 798 ἐτίμων.
1224 717 1292 777 ideo
1313 725 1344 777 et
1366 717 1494 780 secunda
1514 735 1637 797 persona

350 840 376 880 ω
398 823 430 882 ln
452 839 484 899 α,
508 820 586 881 unde
602 822 700 882 iuerat
722 829 834 890 uatum,
858 819 984 891 reducit,
1010 816 1133 900 ἐτίμοιν
1156 815 1288 899 ἐτίμας;
1312 837 1355 878 ον
1369 827 1468 879 autem
1482 818 1636 898 diphthon-

348 903 419 999 {rum
446 923 507 983 illic
537 931 650 991 servat,
685 921 738 982 ubi
767 923 902 1002 repperit
928 925 1056 1002 primam
1086 923 1150 982 eius
1172 922 1302 983 litteram
1324 920 1502 981 familiarem
1526 923 1636 1000 primae

348 1027 489 1103 positioni
511 1025 620 1090 fuisse.
651 1029 789 1104 χρυσοῖς
812 1019 982 1103 ἐγρύοουν
1004 1019 1184 1104 ἐχρόσουςι
1207 1023 1250 1083 ihi
1272 1023 1381 1084 transit
1402 1024 1434 1082 in
1456 1040 1498 1102 ει,
1520 1021 1572 1082 uhi
1595 1039 1660 1094 ειςι

348 1128 461 1205 primae
485 1128 626 1206 positioni
648 1127 785 1186 meminit
799 1127 969 1202 contigisse,
992 1124 1105 1199 καλεῖς
1121 1121 1268 1186 ἐκάλουν
1283 1121 1422 1197 ἐκάλεις.
1458 1126 1489 1184 in
1504 1122 1639 1184 omnihus

348 1245 419 1287 vero
441 1227 666 1288 diversitatibus
688 1226 833 1288 detractio
855 1227 951 1288 linaiis
973 1226 1089 1288 litterae
1111 1245 1278 1306 personam,
1302 1235 1335 1289 ut
1356 1226 1494 1297 diximus,
1523 1228 1638 1286 tertiam

347 1332 427 1401 lacit,
452 1327 576 1402 ἐποίεις
591 1325 710 1407 ἐποίει,
733 1323 832 1408 ἐβόας
848 1324 941 1408 ἐβόα,
966 1323 1171 1408 ἐκεραόνους
1186 1325 1387 1409 ἐκεραόνου,
1410 1327 1523 1406 ἔλεγες
1537 1325 1636 1405 ἔλεγε,

348 1430 466 1511 ἔφερες
487 1429 598 1512 ἔφερε.
628 1449 664 1491 ex
679 1431 736 1491 hoc
758 1440 882 1511 apparet
903 1429 981 1512 quod
1004 1433 1034 1490 in
1051 1429 1166 1510 ἐλεγεν
1188 1437 1218 1492 et
1239 1429 1362 1510 ἔφερεν
1383 1449 1405 1490 ν
1426 1441 1636 1509 supervacuum

348 1541 395 1593 est
416 1540 447 1594 et
467 1535 619 1612 integrum
641 1541 687 1594 est
708 1531 803 1611 ἐλεγε
824 1531 937 1613 ἔφερε,
959 1532 1038 1613 quod
1061 1535 1168 1594 asserit
1190 1540 1220 1594 et
1242 1532 1448 1612 apostrophus,
1474 1549 1551 1611 quae
1574 1531 1670 1590 laedo

348 1627 434 1713 ἔλεγ’
460 1629 567 1716 ἔφερ’.
612 1655 672 1715 quo
699 1635 786 1696 modo
808 1637 888 1696 euim
910 1635 983 1697 haec
1005 1644 1215 1714 usurparetur,
1244 1638 1269 1696 si
1291 1656 1313 1696 ν
1334 1633 1513 1696 naturaliter
1534 1633 1638 1694 adhae-

349 1745 441 1808 reret,
464 1757 532 1800 cum
554 1738 628 1798 duas
650 1737 767 1798 litteras
789 1755 949 1816 numquam
971 1736 1152 1817 apostrophe
1173 1737 1261 1797 liceat
1290 1735 1426 1798 excludi?
1463 1736 1577 1796 indicio
1598 1743 1639 1795 est

347 1850 376 1901 et
396 1842 600 1920 imperativus,
623 1843 710 1901 cuius
732 1839 862 1902 mcunda
883 1857 1010 1918 persona
1033 1841 1200 1918 praesentis
1222 1855 1339 1918 semper
1361 1839 1398 1899 de
1427 1840 1519 1898 tertia
1540 1840 1637 1917 ἱερου

346 1943 418 2004 fecti
440 1941 592 2003 indicativi
615 1944 749 2002 nascitur
771 1943 879 2003 amissa
894 1943 925 2001 in
945 1943 1043 2021 capite
1071 1941 1116 2002 vel
1144 1939 1256 2021 syllaha
1278 1940 1323 2001 rel
1345 1948 1495 2020 tempore,
1530 1935 1639 2000 ἐκάλει

347 2040 459 2122 κάλει,
489 2040 584 2124 ἐτίμα
610 2042 707 2124 τίμα,
736 2040 860 2123 ἐδήλου
887 2039 1010 2122 δήλου,
1043 2036 1131 2122 ήγου
1152 2037 1249 2122 ἄγου.
1295 2060 1366 2121 ergo
1394 2045 1420 2104 si
1448 2043 1667 2122 imperattmsa

348 2141 440 2224 λέγε,
463 2144 506 2205 ihi
529 2147 595 2207 sine
617 2145 711 2206 dubio
732 2143 837 2224 ἐλεγε,
860 2163 920 2206 non
942 2143 1067 2223 ἔλεγεν.
1113 2145 1164 2206 sed
1193 2163 1210 2206 ε
1238 2145 1340 2207 littera
1363 2163 1452 2224 saepe
1479 2141 1538 2204 sibi
1563 2136 1601 2204 τό
1620 2162 1640 2202 ν

347 2247 536 2308 familiariter
558 2246 690 2308 adhihet.
734 2255 826 2308 testes
846 2247 937 2308 huius
959 2249 1003 2306 rei
1027 2243 1172 2325 Αίολελς,
1196 2246 1273 2326 apud
1294 2265 1368 2327 quos
1388 2242 1561 2326 λεγοίμεθα
1582 2263 1637 2324 pr

347 2345 478 2430 ρόμεθα
499 2359 530 2410 et
552 2350 661 2410 similia
683 2350 771 2410 lluale
793 2341 886 2428 ἄλφα
908 2350 939 2409 in
963 2367 978 2409 ε
1001 2356 1124 2418 mutant,
1148 2356 1178 2408 et
1200 2367 1268 2410 naor
1291 2367 1307 2408 ε
1329 2349 1452 2410 advocat
1474 2347 1532 2409 sihi
1556 2339 1595 2408 τό
1609 2365 1638 2424 ν,

346 2459 377 2512 et
398 2455 431 2512 lit
453 2453 549 2532 prima
571 2469 700 2530 persona
722 2447 908 2532 λεγόμεδεν
930 2445 1132 2532 φερόμεθεν.
1162 2459 1266 2514 contra
1289 2451 1433 2531 siquando
1456 2467 1473 2511 ε
1494 2452 1526 2510 iu
1548 2443 1639 2528 ἄλφα

346 2561 489 2624 mutatur,
511 2572 533 2613 ν
556 2553 625 2613 inde
648 2552 782 2623 discedit,
807 2555 885 2614 sicut
907 2555 1053 2634 Δωριεῖς
1073 2546 1111 2613 τό
1133 2547 1288 2634 πρόσθεν
1308 2549 1445 2634 πρόοδα
1467 2553 1573 2613 dicunt
1586 2547 1669 2611 nnio

346 2649 384 2716 τό
406 2653 510 2716 ἐνθεν
531 2653 632 2716 doda:
656 2655 709 2716 sed
731 2663 761 2715 et
775 2648 902 2734 Ἴωνες,
925 2673 992 2716 cem
1011 2645 1109 2738 ᾔδειν
1124 2649 1208 2738 ᾔδεα
1230 2658 1352 2726 iaciunt,
1369 2649 1523 2738 ἑστήκειν
1544 2649 1639 2732 ἑστή-

347 2776 423 2828 aaa,
451 2777 472 2819 ν
500 2757 669 2837 repudiant,
693 2775 730 2818 ne
757 2775 824 2819 cum
852 2751 945 2838 ἄλφα
978 2760 1128 2837 iungatur.
1173 2777 1208 2819 ex
1232 2757 1280 2819 his
1301 2753 1438 2819 omnihus
1471 2757 1560 2819 iacile
1582 2756 1637 2817 cal

346 2862 450 2939 ligitur
472 2863 608 2922 sulficere
624 2862 730 2922 tertiae
745 2880 889 2940 personae
913 2861 949 2921 de
965 2862 1093 2922 secunda
1113 2862 1276 2930 leniendae,
1300 2862 1325 2921 ai
1341 2859 1443 2940 σίγμα
1459 2858 1637 2925 retrahatur,

346 2964 424 3043 quod
452 2965 483 3024 in
511 2966 609 3043 capite
636 2966 736 3041 graeei
764 2965 950 3043 pronominis
977 2982 1065 3042 saepe
1095 2965 1253 3041 contingit,
1278 2958 1381 3023 σέδεν
1401 2957 1497 3039 ἕθεν,
1520 2958 1577 3021 eol
1597 2946 1637 3019 αι’.

346 3066 453 3127 Graeci
482 3068 608 3145 primam
635 3066 778 3145 pluralem
807 3066 1037 3145 παρατατικοῦ
1065 3066 1178 3125 iaciunt
1205 3068 1430 3144 interponentes
1464 3080 1506 3143 με
1527 3072 1597 3123 ante
1617 3080 1668 3120 νιι

345 3167 463 3229 irnalem
485 3170 599 3246 primae
623 3167 790 3246 singularis,
816 3164 940 3229 ἐνόουν
963 3162 1145 3249 ἐνοοῦμεν,
1172 3162 1288 3247 ἐώρων
1309 3161 1486 3245 ἑωρῶμεν,
1516 3159 1637 3244 ἐφονί-

345 3289 431 3348 ρονν
460 3266 711 3350 ἐφανεροῠμεν,
734 3267 854 3349 ἐλεγον
877 3267 1051 3350 ἐλέγομενε
1075 3277 1105 3329 et
1128 3269 1257 3330 secunda
1281 3268 1342 3331 illis
1364 3266 1490 3348 pluralis
1512 3267 1637 3327 allicitur

346 3372 445 3433 addita
460 3390 497 3433 τε
512 3374 618 3433 tertiae
635 3371 789 3449 singulari,
807 3367 913 3432 ἐποίει
929 3367 1084 3452 ἐποιεῖτε,
1101 3368 1196 3452 ἐτίμα
1211 3366 1354 3450 ἐτιμᾶτε,
1369 3364 1472 3449 ἰ’δρου
1492 3364 1636 3447 ίόροῦτε,

344 3466 438 3552 ἔλεγε
461 3469 606 3552 ἐλέγετεε
630 3492 666 3533 ex
687 3492 746 3553 quo
768 3476 877 3534 iterum
899 3492 921 3533 ν
941 3474 1040 3535 littera
1062 3490 1243 3553 supervacua
1266 3471 1418 3551 probatur.
1464 3472 1637 3531 tertiarum

345 3574 468 3655 pluralis
497 3580 527 3636 in
554 3576 610 3635 hoc
638 3586 771 3656 tempore
803 3593 922 3656 sempor
944 3576 1047 3637 endem
1070 3583 1116 3637 est
1144 3578 1258 3656 primae
1280 3572 1434 3652 singulari,
1460 3572 1464 3655 l
1490 3568 1666 3653 ἐγάμοονυ

345 3672 424 3755 ἐγιό,
447 3672 596 3758 ἐγάμουν
618 3674 757 3739 ἐκείνοις
781 3681 824 3739 sic
847 3673 982 3759 ἐτίμων,
1005 3680 1047 3737 sic
1071 3672 1293 3757 ἐστεφάνουν,
1316 3680 1360 3737 sic
1381 3674 1532 3755 ἔτρεχον.
1561 3674 1635 3735 ande

344 3781 490 3860 Δωριεῖς
511 3781 543 3839 in
565 3780 626 3841 illis
649 3780 748 3842 rerhis
770 3800 845 3860 quac
869 3783 900 3841 iu
923 3800 963 3841 ον
985 3782 1107 3841 mittunt
1128 3780 1312 3859 paratatieon
1327 3786 1356 3839 et
1371 3787 1497 3858 propter
1511 3776 1634 3857 dung*

344 3878 547 3963 καταληξίαν
575 3885 605 3942 in
629 3884 717 3943 tertia
746 3902 762 3942 a
785 3884 842 3943 tine
864 3884 1019 3963 patiuntur
1047 3890 1202 3943 accentum
1231 3883 1349 3942 tertiam
1370 3882 1490 3941 numeri
1513 3878 1636 3958 pluralis

344 3985 533 4045 discretionis
554 3986 650 4062 gratia
670 3982 935 4063 βαρυτονοῦσιν,
958 3982 1095 4063 ἔτρεχον
1118 3976 1184 4062 ἐμά
1205 3978 1523 4063 προπαροξυτόνως,
1546 3976 1635 4059 ἐτρέ-

345 4104 406 4165 χον
434 4082 559 4147 ἐκείνοι
585 4080 791 4165 βαρυτόνως.
835 4087 931 4165 prima
959 4102 1086 4164 persona
1113 4087 1294 4165 paraeimeni
1317 4102 1437 4165 semper
1469 4089 1500 4145 in
1529 4104 1551 4143 u
1577 4094 1665 4144 ter-ss

344 4190 490 4257 minatur,
520 4194 550 4247 et
576 4188 613 4247 de
636 4186 690 4247 hac
714 4196 831 4249 ceterae
852 4190 918 4248 sine
952 4206 1077 4265 operosa
1100 4189 1275 4249 circuitione
1296 4195 1473 4249 nascuntur.
1518 4193 1635 4265 accepto

345 4290 425 4349 enirn
455 4287 556 4369 σίγμα
586 4290 658 4349 iacit
680 4283 838 4350 secund'arn
862 4298 892 4351 et
926 4290 982 4349 hoe
1005 4306 1108 4349 rursus
1130 4288 1246 4351 ahieeto
1268 4298 1355 4369 atque
1378 4283 1473 4368 ἄλφα
1494 4291 1526 4349 in
1543 4308 1633 4349 auru

345 4398 406 4453 tato
436 4392 556 4452 tertiam
588 4402 684 4462 creat,
723 4390 888 4471 πεποίήκα
924 4389 1108 4472 πεποίηκας
1143 4388 1318 4472 πεποίηκει
1355 4394 1483 4472 primam
1519 4408 1632 4471 quoque

345 4492 492 4571 pluralem
519 4492 618 4554 addita
646 4492 706 4554 sibi
732 4512 796 4574 μεν
822 4492 943 4571 syllaha,
971 4492 1139 4572 πεποίηκα
1166 4490 1404 4575 πεποιήκαμεν.
1449 4495 1552 4573 sipro
1572 4511 1632 4573 μεν

352 4748 355 4755 -
413 4705 852 4779 ῙέγρόοοονίαακεεγροτεονΡ
918 4714 1240 4795 βιτιιιιιὶιριιπιιείλιΡτ
1279 4716 1630 4781 idetiutegrnmpexinte·

344 4782 456 4844 grumP
524 4784 554 4831 11
568 4782 720 4847 quomodo]
735 4784 876 4843 qnaradol'
943 4784 975 4832 13
988 4794 1012 4829 et
1024 4784 1110 4833 oraP
1178 4773 1337 4849 λδηγεᾶγε
1357 4784 1438 4833 Iunas
1493 4786 1525 4835 18
1537 4792 1629 4833 mount

347 4849 426 4899 lanua
442 4852 591 4899 mutaturP
657 4852 969 4916 alternantesque
987 4850 1012 4899 P
1078 4852 1113 4900 28
1129 4853 1247 4917 tertiaep
1264 4854 1377 4903 tertia?
1442 4855 1475 4902 33
1492 4854 1517 4901 in
1535 4853 1628 4901 terrim

345 4918 394 4966 line
414 4919 522 4969 Zeum'ua
533 4920 631 4969 tertiam
644 4934 659 4967 a
671 4918 722 4967 line
735 4920 759 4967 P
825 4922 858 4967 35
874 4921 1009 4985 pararimci
1024 4920 1047 4969 Ρ
