3525 5600
654 1445 1006 1578 ,corsuum

723 1718 724 1727 κ
770 1667 890 1747 Ales

525 1852 596 1934 DE
627 1851 834 1936 NOMINE
865 1853 931 1934 ΕΤ
962 1854 1138 1938 VERBO

348 2037 420 2120 DE
452 2037 813 2124 BARBARISMIS
845 2039 910 2120 ET
942 2039 1310 2128 MMTAPLASMIS

265 2423 306 2487 In
335 2422 464 2488 duobus
495 2423 663 2487 Consentii
691 2421 783 2487 libris
812 2433 878 2487 tres
913 2423 1052 2489 adhibiti
1086 2437 1163 2491 sunt
1189 2428 1320 2494 codices
1348 2429 1477 2496 saeculo

178 2523 310 2588 decimo
332 2524 465 2609 scripti,
488 2523 694 2588 Monacensis
719 2523 832 2604 14666,
855 2525 912 2610 qui
933 2524 997 2589 fuit
1019 2525 1097 2591 clim
1117 2529 1370 2595 Ratisbonensis
1393 2533 1479 2596 Ern-

178 2645 346 2688 meramus
376 2624 408 2688 G
430 2625 487 2704 50,
516 2626 642 2689 formae
671 2625 852 2710 quadratae
880 2627 1012 2690 minoris
1042 2627 1123 2710 (M);
1152 2629 1327 2695 Beruensis
1349 2632 1413 2696 432
1436 2656 1478 2697 cx

177 2724 372 2789 Miciacensi
400 2727 598 2790 monasterio
626 2747 727 2814 prope
756 2725 974 2790 Aurelianum
1002 2729 1065 2793 sito
1094 2730 1169 2793 olim
1199 2731 1363 2815 sublatus,
1393 2735 1478 2798 sicut

178 2828 327 2913 probant
356 2828 438 2891 hacc
465 2850 547 2913 quae
576 2830 609 2892 in
638 2828 702 2891 fine
729 2828 851 2892 codicis
879 2829 1014 2915 antiqua
1041 2852 1139 2895 manu
1168 2834 1291 2918 scripta
1312 2844 1405 2917 sunt,
1428 2840 1479 2901 bic

178 2942 225 2992 est
252 2934 331 2993 liber
358 2936 457 2993 sancti
482 2936 645 2995 maximini
670 2935 866 2993 miciacensis
893 2938 1071 2995 nonasterii
1097 2954 1184 3013 quen
1210 2942 1238 2998 si
1263 2943 1331 3013 quic
1357 2942 1396 2999 de
1422 2944 1479 3001 istc

177 3036 248 3094 loeo
405 3038 521 3115 postea
549 3030 655 3094 factus
684 3029 876 3113 Bongarsii,
907 3033 999 3095 cuius
1028 3055 1144 3098 nomen
1167 3037 1201 3098 in
1230 3038 1335 3121 prima
1356 3039 1479 3123 pagina

177 3132 339 3216 scriptum
363 3140 429 3212 est,
452 3132 577 3196 formae
599 3130 780 3216 quadratae
799 3130 873 3223 (B)3
900 3132 1073 3198 Leidensis
1089 3137 1145 3220 qui
1167 3144 1218 3198 est
1239 3136 1324 3200 inter
1346 3138 1475 3202 codices

177 3232 365 3309 Vossianus
387 3232 512 3297 formae
535 3234 668 3297 minoris
691 3256 722 3296 n.
738 3232 777 3296 37
796 3230 863 3317 (L).
895 3256 936 3298 ex
950 3235 1002 3297 his
1018 3258 1103 3299 unus
1117 3234 1325 3301 Monacensis
1347 3249 1480 3303 utrum-

178 3356 245 3419 que
267 3334 437 3397 Consentii
459 3332 579 3398 librum
602 3336 760 3413 continet,
784 3332 808 3397 f.
833 3334 849 3397 1
873 3342 984 3414 incipit
1005 3357 1059 3399 ers
1079 3344 1298 3402 consentitur.
1322 3344 1360 3404 de
1377 3348 1478 3420 pcrti-

177 3441 236 3500 bus
258 3442 408 3499 cretionis
431 3434 437 3519 Ι
462 3440 569 3498 Partes
598 3442 744 3499 orationis
765 3470 808 3483 —-
829 3435 852 3497 s.
874 3435 940 3499 39*
959 3440 1071 3511 sontes.
1094 3444 1221 3517 explicit
1242 3440 1364 3505 maiore
1385 3452 1479 3527 parte

177 3538 324 3623 paginae
346 3556 452 3599 vacua
473 3534 596 3599 relicta.
641 3534 664 3598 f.
687 3536 730 3599 40
757 3543 863 3616 incipit
885 3558 938 3626 cre
959 3546 1106 3602 consentii
1127 3561 1196 3604 ne.
1226 3547 1264 3604 de
1284 3546 1480 3607 barbarismis

76 3702 84 3707 .
176 3650 210 3703 et
233 3634 464 3723 metaplasnisl
488 3642 682 3701 Barbaricni
701 3676 742 3684 —
765 3636 787 3700 f.
811 3638 877 3701 75*
900 3642 1088 3703 intuebimur.
1115 3648 1251 3720 explicit.
1273 3644 1380 3728 prima
1401 3665 1478 3729 pars

176 3738 307 3803 codicis
328 3760 434 3823 usque
457 3736 500 3802 ad
522 3738 844 3824 promunctoriis
866 3744 924 3803 boc
945 3750 1064 3803 soracte
1085 3740 1151 3803 alia
1172 3765 1270 3806 manu
1292 3765 1331 3806 ac
1353 3743 1480 3829 reliqua

177 3840 310 3925 scripta
343 3848 405 3902 cst.
450 3860 508 3925 per
540 3850 644 3905 totum
677 3839 822 3904 codicem
857 3848 966 3903 autem
994 3842 1152 3925 quaedam
1180 3866 1245 3906 non
1274 3843 1376 3909 multo
1405 3854 1480 3929 post

177 3950 330 4005 veterem
354 3939 567 4025 scripturam,
591 3951 628 4005 ut
650 3940 796 4021 videtur,
820 3939 935 4005 addita
956 3940 1008 4006 vel
1030 3951 1176 4006 correcta
1197 3953 1288 4025 sunt,
1317 3966 1401 4029 quac
1422 3945 1480 4009 ubi

176 4040 468 4106 commemoranda
489 4062 560 4104 essa
583 4040 781 4107 videbantur
802 4064 830 4104 n
853 4040 964 4105 littera
986 4042 1153 4128 adscripta
1173 4044 1327 4110 indicavi,
1373 4045 1480 4109 codex

177 4142 362 4207 Beruensis
385 4140 505 4204 librum
528 4140 568 4205 dc
596 4142 727 4207 nomine
754 4152 787 4207 et
809 4143 910 4207 verbo
933 4144 1096 4224 continet,
1119 4144 1144 4208 s.
1169 4148 1185 4208 l
1209 4152 1317 4224 incipit
1336 4167 1389 4208 crs
1410 4166 1480 4209 con·

176 4250 273 4309 rentii
291 4250 358 4307 uiri
377 4248 459 4307 clari
480 4242 486 4328 l
506 4250 547 4305 ue
569 4249 669 4321 quinti
688 4248 817 4307 consulis
841 4244 963 4324 [qainqr
987 4247 1133 4327 ciuitate]
1154 4252 1158 4320 Ι
1182 4250 1221 4307 de
1242 4251 1337 4309 duob:
1356 4252 1478 4328 pcrtib3

177 4352 334 4411 matianis
357 4350 429 4409 non
452 4356 481 4408 ct
502 4348 593 4409 aerbo
616 4343 622 4429 Ι
642 4349 748 4406 Partes
771 4350 917 4408 orationis
941 4382 976 4390 -
1001 4346 1024 4407 f.
1047 4346 1091 4409 30
1107 4349 1218 4422 sontes.
1243 4368 1348 4431 pauca
1369 4347 1403 4411 in
1425 4368 1479 4410 ve·

177 4458 253 4513 tere
282 4446 448 4531 scriptura
474 4454 619 4509 correcta
647 4454 739 4523 sunt,
767 4442 802 4505 in
830 4444 950 4529 quibus
976 4444 1169 4531 plerumque
1195 4468 1261 4510 non
1287 4448 1368 4511 satis
1391 4455 1479 4510 certo

176 4546 379 4614 correctoris
403 4566 520 4609 manus
544 4544 678 4629 abipso
701 4542 837 4609 librario
860 4543 1002 4609 discerni
1023 4556 1141 4632 potest.
1172 4557 1248 4631 post
1269 4547 1480 4612 Consentium

178 4650 309 4735 scripta
325 4654 404 4711 sunt
417 4646 510 4725 hacc,
533 4647 561 4708 f.·
573 4644 737 4709 30*—35*
752 4646 905 4728 Agroecii
927 4668 980 4709 ars
1003 4648 1043 4711 de
1064 4646 1312 4733 orthographia,
1335 4648 1360 4711 f.
1376 4648 1480 4713 35³³-

175 4752 223 4815 46
245 4746 414 4813 Prisciani
437 4746 602 4809 institutio
625 4746 665 4810 dc
687 4746 816 4810 nomine
839 4757 872 4810 ct
893 4747 1083 4831 pronomine
1106 4758 1140 4813 ct
1160 4749 1271 4828 verbo,
1294 4748 1317 4811 f.
1334 4748 1484 4811 46-49‘

176 4850 291 4917 Servii
314 4849 358 4913 de
380 4846 505 4911 ultimis
528 4845 665 4931 syllabis
688 4845 771 4911 liber
794 4868 826 4930 p.
850 4849 1064 4911 1809-1816
1085 4848 1112 4911 Ρ
1136 4831 1189 4933 (cf.
1215 4850 1280 4914 vol.
1305 4848 1354 4911 IV
1377 4848 1480 4934 praes.

232 4954 417 5003 casunsrrct
434 4953 528 4996 turtur
541 4954 569 4999 v,
1049 4990 1053 4997 ,
1238 4950 1279 5012 22
