3525 5600
477 1548 772 1642 oomiunrvii
792 1551 928 1643 naurs
950 1575 1128 1643 nonina
1203 1535 1206 1542 ’

1262 1897 1283 1938 p.
1297 1887 1309 1926 ³
1322 1885 1355 1924 cd.
1370 1884 1392 1924 L.

236 1970 372 2052 Plerique
400 1974 452 2052 qui
480 1979 574 2033 artem
599 1972 736 2035 scribunt
767 1993 784 2034 a
816 1972 987 2034 delinitione
1020 1971 1113 2054 ipsius
1146 1973 1216 2033 artis
1244 1971 1383 2033 inchoant
1417 1979 1544 2032 ottoni

164 2082 296 2154 quaemnt
323 2075 413 2155 ‘quid
442 2081 488 2136 est
515 2076 600 2136 arsl'
633 2083 664 2135 et
690 2077 731 2136 ita
759 2073 917 2146 deliniunt,
954 2074 1019 2135 ‘ars
1048 2082 1092 2136 est
1118 2076 1204 2134 unius
1231 2076 1374 2155 cuiusque
1401 2050 1545 2135 rei⁴⁸⁶²⁴

143 2166 297 2238 rsricrtlo'.
341 2178 497 2257 quaeritur
526 2177 605 2236 cnim
638 2176 817 2257 etymologia
849 2177 943 2257 ipsius
974 2177 1054 2238 artis.
1100 2175 1184 2236 multi
1217 2177 1318 2236 dicunt
1351 2185 1444 2236 artem

164 2279 259 2340 dictam
287 2296 350 2340 esse
373 2272 439 2339 ἀπὸ
461 2279 520 2359 τῆς
541 2272 673 2358 ἀρετῆς,
704 2279 733 2338 iil
757 2287 800 2340 ost
822 2298 838 2340 a
860 2281 968 2338 virtute
996 2287 1025 2339 et
1048 2279 1170 2338 scientia
1193 2279 1280 2339 unius
1303 2279 1444 2357 cuiusque

163 2381 208 2440 rei
249 2379 296 2439 alii
325 2381 530 2442 refutaverunt
557 2383 646 2440 istam
674 2379 876 2442 definitionem
904 2389 934 2440 et
961 2378 1099 2442 dixerunt
1120 2388 1214 2441 artem
1238 2379 1345 2441 dictam
1369 2399 1443 2450 esse,

166 2481 232 2561 qnod
253 2483 323 2542 artis
344 2485 515 2564 praeceptis
537 2493 643 2544 cuncta
665 2483 833 2545 concludat.
878 2481 951 2543 nihil
976 2483 1081 2542 verius,
1127 2501 1179 2542 sex
1202 2501 1286 2542 casus
1308 2493 1390 2551 sunt,
1415 2489 1444 2542 et

163 2585 249 2643 omnic
269 2585 388 2646 nominc
410 2604 466 2664 per
488 2587 561 2645 istos
584 2603 636 2646 ser
659 2603 745 2645 casus
759 2585 938 2655 decurrunt:
962 2587 1093 2665 quinque
1107 2593 1176 2644 sunt
1190 2585 1287 2656 modi,
1312 2591 1341 2644 et
1356 2603 1443 2646 omno

134 2685 271 2746 rorcrbum
297 2704 353 2765 per
381 2705 433 2748 eos
460 2685 636 2748 declinatur.
682 2705 754 2765 ergo
782 2693 864 2748 artae
893 2693 922 2746 et
949 2688 1068 2746 strictae
1091 2684 1277 2748 definitiones
1299 2686 1442 2766 quaedam

221 2893 235 2941 2
258 2908 415 2942 coarianrnrt
438 2906 513 2943 araris
535 2908 629 2944 oonarr
655 2892 861 2956 Uninscuiusquc
890 2893 926 2941 rei
952 2891 1056 2941 scientia
1084 2893 1214 2955 quaeritur
1240 2892 1393 2959 etymologia
1418 2892 1443 2941 Α

165 2976 306 3013 consensuri
327 2978 400 3013 iaris
424 2977 518 3013 coniri
542 2963 746 3027 Uninscninsque
768 2964 805 3012 rei
827 2963 934 3013 scientia
957 2963 1086 3025 quaeritur
1110 2963 1276 3029 aetimologla
1293 2964 1318 3012 B
1345 2978 1370 3013 in
1398 2978 1443 3015 rin-

164 3046 272 3081 rnirnm
291 3048 374 3082 suarii
393 3049 435 3085 inc
458 3047 537 3083 aaran
556 3049 688 3083 raicrins
710 3041 742 3083 oa
764 3049 886 3083 einricus
906 3046 1043 3083 niteamus
1071 3047 1204 3086 onirroius
1231 3048 1303 3084 uirus
1322 3049 1442 3091 coruscus
1531 3079 1533 3090 ,

165 3116 199 3149 nni
216 3117 353 3159 orierirna
371 3116 561 3154 isrurrioiocri
582 3104 603 3154 C
624 3118 718 3154 incrrir
743 3118 867 3154 rorirerns
896 3116 1035 3152 sirosirori
1059 3117 1211 3153 aeoniinurs
1239 3118 1331 3154 nonam
1360 3118 1441 3153 cniu-

164 3186 245 3222 riirrcr.
277 3172 455 3222 Cnmmentnm
482 3174 544 3221 artis
570 3173 657 3223 donati
684 3175 885 3235 uniuscuiusque
909 3174 946 3223 rel
965 3172 1086 3222 scientiae
1106 3172 1236 3235 quaeritur
1260 3172 1443 3239 aethimologin

164 3244 233 3291 codex
250 3242 686 3305 Montepessulanus35821ncirrr
710 3258 857 3294 rnicrirns
884 3256 990 3293 roserii
1017 3257 1174 3293 enitimini
1195 3244 1278 3293 eodem
1296 3243 1442 3305 Montepec-

164 3312 251 3361 ruinas
266 3315 406 3375 rescriptas
425 3312 474 3364 141
495 3326 591 3363 ricirir
608 3329 752 3364 rnicrirus
772 3326 877 3363 rorirsn
897 3327 1055 3363 unanuiricr
1077 3328 1125 3371 ouo
1145 3314 1251 3373 (ronrer
1269 3328 1293 3363 m
1311 3328 1358 3370 ono
1377 3313 1443 3362 San-

162 3381 281 3445 pallearir)
298 3397 390 3433 sonari
407 3396 495 3433 aaran
514 3398 630 3433 riinrrrcri
649 3398 835 3435 cousin-rarus
849 3397 895 3433 ssr
915 3382 998 3431 codem
1015 3384 1150 3432 Parisinus
1169 3383 1236 3433 7491
1251 3392 1275 3434 et
1291 3382 1440 3451 Sanpallcrrn-

163 3452 192 3498 tir
205 3452 260 3502 876.
276 3454 370 3502 initiam
384 3454 444 3503 libri
460 3454 486 3501 in
499 3454 626 3504 coriatus
638 3454 711 3504 ABG
727 3455 833 3503 mutilati
848 3455 962 3515 suppleri
978 3468 1013 3501 ex
1030 3455 1117 3503 codice
1133 3452 1276 3501 Lanantirio
1292 3454 1335 3513 24,
1350 3456 1375 3501 iri
1392 3470 1440 3519 quo

163 3521 240 3571 cntra
253 3524 414 3587 inscriptione
431 3524 491 3573 libri
508 3530 535 3573 et
556 3524 646 3572 addita
664 3524 833 3586 disputatione
850 3524 882 3571 de
896 3521 1015 3587 partibus
1033 3524 1168 3579 orationis,
1190 3538 1255 3588 quae
1272 3523 1304 3573 ab
1321 3524 1368 3572 linc
1386 3527 1439 3573 loco

164 3591 233 3639 iliam
246 3599 290 3649 eit,
307 3594 406 3657 scripta
423 3592 576 3656 senticae,
594 3592 681 3643 Partes
699 3594 822 3642 orationis
837 3592 951 3641 Donatus
970 3592 1071 3653 quidem
1086 3592 1143 3640 Vlll
1162 3592 1280 3649 diliniuit,
1299 3593 1439 3642 Aristotilis

163 3660 186 3719 ll.
204 3662 345 3711 Aristoteles
370 3662 422 3726 tl).
443 3662 520 3713 Stoici
537 3664 566 3713 V.
587 3664 644 3711 ideo
665 3664 729 3713 dixit
748 3662 830 3712 ‘multi
850 3663 952 3727 plures,
973 3662 1045 3711 multi
1064 3664 1199 3727 pauciores
1216 3672 1301 3727 partes
1317 3664 1439 3712 orationis

163 3736 260 3790 putant’.
296 3744 319 3780 et
344 3732 367 3780 si
388 3734 536 3795 querimus,
560 3733 706 3782 Aristotiles
729 3734 793 3783 bene
816 3732 927 3783 diliniuit
951 3746 1042 3785 nomen
1065 3742 1089 3782 et
1112 3734 1228 3781 uerbum.
1265 3748 1323 3781 nam
1347 3732 1439 3795 reliqui

165 3800 188 3857 tl.
201 3799 318 3864 reliquae)
335 3802 406 3850 uelut
423 3804 578 3868 appendices
597 3803 658 3851 hinc
680 3804 806 3868 originem
826 3800 938 3856 trahunt.
976 3817 1027 3851 non
1042 3812 1126 3867 potest
1144 3803 1211 3851 eninr
1230 3808 1258 3849 ut
1277 3804 1370 3853 sciatur
1388 3818 1438 3864 res,

164 3868 204 3916 nisi
221 3884 306 3919 nomen
323 3870 409 3919 luerit.
446 3888 479 3920 ex
502 3874 604 3922 nomine
622 3883 705 3921 autem
724 3872 837 3922 nascitur
855 3887 1010 3937 pronomen,
1029 3873 1087 3935 qnia
1105 3873 1187 3937 ipsius
1206 3871 1288 3921 olllcio
1307 3872 1438 3938 fungitur:

164 3938 216 3986 nihil
231 3941 294 3988 eninr
312 3941 426 4001 interest,
445 3942 468 3991 si
485 3942 557 3991 dicas
574 3958 623 4008 ego
642 3951 687 3991 aut
704 3943 726 3991 si
745 3944 818 3992 dicas
837 3958 886 4007 ego
905 3943 1080 3995 Valentianus.
1102 3944 1132 3991 de
1151 3942 1238 3991 uerbo·
1250 3943 1362 3991 nascitur
1380 3956 1439 4007 par-

163 4008 273 4072 ticipium:
302 4012 466 4076 participium
495 4012 591 4062 dictum
620 4024 659 4063 est
683 4013 757 4074 quasi
780 4014 960 4079 particapium.
994 4012 1141 4061 aduerbium
1166 4013 1198 4061 dc
1224 4012 1339 4072 nomine,
1365 4012 1439 4076 qnasi

163 4077 238 4128 doctus
250 4080 330 4133 docte.
368 4082 515 4131 coniunctio
532 4097 594 4131 nero
609 4083 650 4132 nel
669 4083 825 4147 praepositio
842 4085 884 4131 nel
904 4083 1045 4132 interiectio
1066 4084 1115 4131 iam
1135 4084 1199 4131 inter
1218 4082 1357 4131 orationem
1376 4083 1438 4141 tiam

164 4144 304 4199 l'orationum
317 4164 362 4212 pr.
379 4153 458 4215 man.)
475 4154 634 4218 conpositam
648 4154 750 4205 cadunt.
776 4153 834 4201 ideo
850 4168 900 4201 non
919 4152 982 4201 nulli
998 4154 1110 4216 quinque
1128 4162 1214 4217 partes
1231 4152 1362 4211 dilimari,
1380 4153 1438 4213 quia

164 4220 284 4269 initiatae
301 4220 439 4285 superline.
461 4219 535 4271 Greci
549 4223 747 4273 interiectionem
764 4237 814 4271 non
831 4221 935 4284 habent,
947 4236 995 4272 nos
1007 4223 1142 4272 articulum
1158 4237 1209 4273 non
1227 4223 1433 4271 adnumeremus.

164 4296 259 4338 ceterum
275 4289 398 4339 habemus
416 4291 462 4341 sed
479 4291 576 4359 iuncxit
589 4291 619 4355 (l.
640 4292 783 4355 iunximus)
804 4308 860 4341 cum
879 4293 1037 4357 pronomine.
1074 4294 1140 4342 inter
1158 4293 1289 4343 articulum
1308 4302 1392 4344 autern
1412 4300 1437 4340 et

162 4370 282 4418 pronomen
300 4359 350 4409 hoc
368 4360 489 4421 intereat,
509 4363 569 4426 quia
587 4363 721 4411 articulum
740 4363 772 4427 (l.
794 4363 927 4424 articulus)
946 4372 998 4423 est,
1018 4378 1073 4412 curn
1091 4364 1188 4413 nomini
1205 4364 1332 4427 iungitur,
1352 4372 1380 4411 ut
1396 4360 1437 4409 liic

163 4429 258 4492 Aeneas,
269 4445 408 4495 pronomen
426 4440 510 4479 antem
529 4432 572 4481 hic
587 4432 652 4482 haec
670 4433 725 4481 lroc.
744 4431 861 4497 plerique
876 4434 919 4495 qui
935 4442 1014 4481 artem
1030 4434 1143 4483 scribunt
1161 4433 1336 4483 adelinitlone
1354 4434 1436 4497 ipsius

163 4498 212 4545 inis
226 4499 342 4550 inchoant
361 4510 387 4549 et
406 4510 531 4564 quaerunt
549 4502 609 4566 qnid
629 4510 667 4553 est
684 4518 726 4551 ars
753 4510 777 4551 et
795 4504 831 4551 ita
848 4504 979 4552 desiniunt
996 4518 1037 4553 ars
1059 4505 1152 4552 estrei
1177 4504 1299 4566 cuiusque
1321 4502 1435 4555 scientia.

165 4568 261 4625 queritur
275 4571 341 4620 enim
361 4570 527 4636 ethimologia
544 4572 626 4638 ipsius
639 4574 711 4625 artis.
751 4573 824 4621 multi
841 4572 930 4622 dicnnt
947 4581 1027 4622 artem
1048 4588 1105 4623 esse
1124 4584 1212 4637 apotes
1231 4575 1308 4621 orites
1325 4574 1352 4623 iil
1368 4580 1436 4622 esta

97 4657 101 4667 ι
166 4634 249 4692 uirtute.
272 4655 329 4690 nam
345 4641 428 4690 uirtus
445 4642 537 4692 dicitur
556 4650 618 4707 aput
635 4657 726 4709 grecos
744 4644 850 4693 scientia
867 4643 982 4692 omnium
1001 4658 1085 4691 rerum
1102 4644 1167 4691 sicut
1182 4651 1244 4708 aput
1259 4643 1350 4693 latinos
1369 4644 1436 4693 dicta

167 4712 196 4752 tit
210 4722 246 4756 ars
260 4711 400 4775 apocaritcs
415 4712 443 4760 id
460 4719 498 4759 est
516 4727 531 4761 a
548 4714 642 4762 uirtute
661 4714 799 4763 ascientia
813 4716 889 4763 unius
907 4710 1029 4777 oninique
1043 4714 1078 4762 rei
1131 4714 1147 4763 ll
1166 4723 1254 4778 epotos
1277 4722 1359 4763 arctes
1373 4714 1436 4765 lica

167 4786 239 4837 apotca
254 4780 378 4831 arietesA
429 4797 444 4830 a
462 4782 554 4831 uirtute
568 4791 592 4831 et
609 4784 716 4833 scientia
734 4786 755 4834 G
771 4799 786 4833 a
804 4784 897 4835 ninute
915 4800 930 4833 n
948 4786 1054 4834 scientia
1075 4782 1099 4831 Α
1118 4784 1240 4835 nriirtnte
1258 4794 1313 4835 eta
1331 4786 1435 4837 scientia

168 4840 187 4891 Β
241 4848 373 4901 docmina
390 4868 436 4903 cm.
455 4852 493 4917 A,
512 4852 573 4902 aad.
593 4869 610 4903 a
