3525 5600
671 365 907 428 condustrio
1378 362 1438 427 189

1253 471 1415 526 pero-121„

166 575 219 618 mus
238 573 289 634 per
311 554 407 615 omnia
431 553 564 632 regulam
586 555 683 634 sequi;
707 552 759 615 sed
783 555 807 613 si
830 551 949 632 quando
970 553 1061 613 luerit
1089 554 1251 639 necessitas
1272 555 1439 614 testamenti

165 657 312 744 scribendi,
338 665 408 717 tunc
429 657 485 718 ista
507 655 650 717 servanda
672 663 754 726 svmt,
784 654 870 716 aliter
897 658 988 717 non’.
1031 663 1101 735 puta
1123 656 1251 715 maiores
1273 657 1368 716 nostri
1389 672 1439 715 vo·

164 759 266 820 luerunt
291 761 365 820 iuris
393 759 569 819 necessitate
599 757 740 818 dirimere
768 765 900 837 apertam
922 755 1056 836 regulam
1078 764 1108 817 et
1129 765 1261 836 apertam
1282 758 1439 826 rationem,

164 880 194 922 ne
212 859 316 940 aliquid
338 863 370 921 in
393 859 606 921 dubitationem
631 860 752 920 reniret.
798 877 865 920 nam
889 861 915 919 si
937 859 1049 920 diceret
1077 858 1162 919 ‘roln
1183 857 1250 919 liliis
1271 861 1347 919 meis
1367 858 1440 920 dare

141 962 231 1023 sillum
256 961 408 1032 lundum',
436 980 494 1042 quo
522 961 611 1022 modo
638 960 788 1022 videretur
817 969 951 1040 apertum
981 979 1061 1036 esse,
1091 959 1258 1040 dequibus
1280 961 1439 1022 sensisset?

160 1067 299 1144 utriusque
322 1064 400 1124 enim
424 1082 513 1124 sexus
535 1063 676 1123 confusus
699 1069 753 1124 est.
798 1063 850 1122 scd
878 1071 912 1124 ut
933 1061 1150 1134 discernamus,
1177 1062 1290 1124 idcirco
1314 1061 1440 1123 dicimus

160 1165 275 1235 filiabus,
303 1175 428 1246 propter
451 1167 656 1226 necessitatem
679 1166 768 1236 iuris,
793 1164 856 1226 deis
879 1163 1005 1236 deabus,
1028 1164 1128 1228 etalio
1149 1164 1344 1245 quaerimilia
1359 1172 1437 1239 suot,

161 1287 224 1348 quae
251 1270 401 1348 pertinent
427 1267 463 1328 ad
492 1267 699 1329 necessitatem
725 1267 807 1328 iuris.
853 1276 951 1328 cetera
980 1267 1091 1347 regulis
1112 1269 1253 1329 serviunt.
1298 1275 1327 1326 et
1349 1283 1439 1344 quem
1494 1310 1497 1319 ,

161 1370 327 1431 admodum
350 1369 579 1432 discernuntur?
601 1385 690 1429 sensu
711 1376 834 1430 tantum.
874 1369 992 1449 quando
1014 1369 1140 1430 dicimus
1161 1369 1198 1430 ab
1220 1368 1267 1428 bis
1289 1367 1438 1437 Romanis,

130 1481 247 1532 rouunm
274 1471 311 1532 de
339 1471 470 1534 masculo
498 1471 631 1532 dicemus
664 1489 700 1532 an
728 1470 766 1531 de
794 1471 915 1540 lomina,
946 1473 1094 1532 incertum
1122 1479 1179 1540 est;
1208 1488 1298 1532 sensu
1326 1477 1439 1531 tantum

161 1574 352 1635 discernimus.
395 1577 427 1634 iu
456 1581 569 1636 tantum
599 1591 699 1634 verum
729 1580 786 1642 est,
823 1581 856 1632 ut
884 1575 971 1634 etiam
997 1574 1194 1634 nominativus
1227 1573 1359 1633 incertus
1392 1573 1439 1632 sit.

160 1683 221 1755 puta
247 1676 371 1736 advena:
405 1683 503 1755 potest
530 1685 560 1737 et
588 1674 735 1737 masculus
763 1692 829 1736 esse
859 1675 969 1736 advena
999 1683 1030 1735 et
1051 1676 1159 1736 lomina
1183 1692 1249 1736 esse
1270 1677 1389 1737 advena
1410 1681 1441 1734 et

161 1779 324 1858 mancipium
354 1797 421 1838 esse
449 1777 575 1846 advena;
603 1778 751 1838 incertum
780 1783 825 1838 est
853 1779 938 1838 cuius
965 1795 1054 1838 sexus
1082 1779 1130 1838 sit.
1175 1774 1259 1854 agilis
1286 1784 1384 1857 potest
1411 1787 1441 1837 et

160 1879 301 1940 masculini
332 1899 397 1942 esse
420 1888 449 1940 et
477 1880 613 1940 leminini
635 1881 764 1957 generis.
808 1879 891 1940 vides
913 1897 985 1958 ergo
1006 1881 1146 1959 quoniam
1169 1897 1229 1940 non
1252 1897 1375 1941 necesse
1397 1886 1442 1940 est

130 1982 265 2043 ediverso
291 1985 368 2044 exitu
397 1980 576 2062 syllabarum
604 1979 797 2042 determinari
824 1999 951 2059 genera,
978 1982 1031 2042 sed
1059 1980 1216 2061 aliquando
1244 1983 1308 2061 ipsa
1329 1998 1440 2060 genera
1526 1997 1529 2000 ’

159 2083 312 2164 dividimus
340 2103 444 2152 sensu:
474 2084 613 2164 qnoniam
641 2084 782 2150 contusus
810 2091 854 2144 est
881 2101 983 2152 sexus,
1012 2083 1166 2146 intellectu
1194 2082 1339 2145 debemus
1368 2083 1440 2144 baec

159 2187 234 2246 scire.
262 2205 333 2266 ergo
349 2185 507 2257 debemus,
531 2186 583 2247 ubi
605 2193 650 2246 est
665 2187 825 2246 necessitas
846 2187 936 2257 iuris,
959 2186 1017 2246 hoc
1033 2193 1161 2255 mutare,
1185 2185 1236 2246 ubi
1258 2204 1318 2246 non
1340 2186 1439 2254 luerit,

159 2291 259 2348 servire
285 2287 404 2368 regulis.
450 2297 479 2350 et
505 2291 535 2350 in
564 2295 677 2349 tantum
705 2286 762 2348 boc
790 2289 902 2368 putavit
930 2287 1059 2366 Probus,
1090 2294 1122 2349 ut
1144 2288 1233 2348 etiam
1256 2287 1363 2347 dixerit
1384 2289 1440 2346 ista

159 2390 238 2450 verba
265 2393 386 2462 mutari,
422 2398 489 2453 nala
517 2389 655 2460 natabus,
690 2388 748 2450 tilia
777 2389 908 2461 filiabus,
937 2390 992 2452 dea
1019 2388 1147 2459 deabus,
1181 2389 1259 2450 mula
1291 2387 1438 2451 mulabus.

129 2493 279 2570 oquinque
301 2494 398 2572 posuit
419 2500 534 2554 tantum
557 2491 654 2552 modo.
699 2494 754 2552 ista
777 2501 860 2562 sunt,
885 2492 941 2555 alia
964 2495 1022 2554 iam
1045 2491 1157 2570 regulis
1178 2493 1318 2553 serviunt.

232 2595 254 2656 E
275 2597 450 2656 terminatus
471 2593 614 2656 ablativus
636 2603 666 2656 et
693 2595 870 2676 productum
893 2594 1022 2656 habete
1045 2601 1075 2655 et
1095 2600 1279 2673 correptum.
1322 2588 1441 2674 quando

158 2703 246 2758 autem
267 2697 466 2758 necessarium
490 2696 580 2758 habet
601 2696 767 2777 producere
782 2696 829 2758 vel
844 2699 1012 2777 corripere,
1036 2715 1073 2757 ex
1093 2696 1290 2757 declinatione
1312 2695 1443 2774 genetivi

158 2797 302 2877 singularis
325 2797 471 2879 colligitis.
503 2802 527 2861 si
550 2802 703 2879 genetivus
724 2800 883 2879 singularis
905 2802 931 2861 is
953 2797 1065 2881 syllaba
1092 2802 1183 2862 inerit
1202 2800 1387 2869 terminatus,
1409 2798 1441 2858 in

158 2900 273 2961 ablativo
303 2922 319 2963 e
347 2903 522 2981 corripitur,
551 2910 636 2983 pater
663 2904 756 2983 patris
784 2903 821 2964 ab
850 2902 906 2963 boc
933 2910 1033 2982 patre,
1068 2911 1163 2964 mater
1191 2903 1294 2963 matris
1321 2900 1359 2961 ab
1386 2900 1442 2960 bac

128 3010 258 3073 smatrm
281 3005 452 3083 corripitur.
496 3007 522 3065 si
549 3006 576 3066 ei
604 3005 694 3066 luerit
721 3007 900 3066 terminatus
925 3002 1082 3081 genetivus
1104 3004 1275 3083 singularis,
1299 3002 1442 3063 ablativus

158 3104 336 3183 producitur,
366 3104 429 3167 dies
456 3104 515 3167 diei
541 3105 578 3167 ab
606 3107 662 3168 hac
690 3106 753 3177 die,
779 3107 854 3169 tides
882 3106 951 3169 fidei
973 3106 1011 3167 ab
1032 3105 1087 3167 bac
1109 3106 1176 3168 tide.
1222 3106 1267 3167 vel
1288 3108 1331 3167 sic
1354 3107 1441 3165 etiam

159 3210 272 3284 potestis
294 3208 369 3270 illud
391 3206 547 3287 colligere,
571 3226 659 3287 quem
682 3210 718 3270 ad
741 3209 862 3270 modum
885 3210 998 3287 legistis
1020 3211 1050 3269 in
1073 3209 1258 3289 primordiis:
1287 3209 1441 3289 quotiens-

160 3326 274 3389 cumque
296 3312 383 3371 tertia
407 3317 451 3371 est
472 3310 646 3382 declinatio,
677 3311 823 3373 ablativus
845 3310 1004 3389 siogrdaris
1027 3333 1043 3372 e
1066 3318 1235 3390 correptum
1258 3310 1361 3379 habet;
1390 3310 1442 3371 de·

159 3411 220 3471 inde
246 3414 509 3491 quotienscumque
538 3413 627 3475 luerit
655 3415 755 3493 quinta
785 3414 958 3483 declinatio,
983 3432 999 3473 e
1021 3414 1198 3492 productum
1221 3411 1319 3473 babet
1365 3413 1442 3472 etsi

130 3514 239 3574 aluerit
260 3532 276 3575 e
299 3524 487 3595 correptum,
517 3516 578 3577 noli
607 3518 690 3596 sequi
716 3518 802 3577 istam
831 3515 980 3595 regulam,
1005 3517 1288 3595 ‘quotienscumque
1315 3513 1443 3575 luerite
1534 3592 1539 3599 ι

159 3624 286 3695 correpto
307 3619 484 3679 terminatus
507 3617 649 3681 ablativus
671 3618 843 3697 singularis,
867 3620 1036 3695 genetivum
1059 3616 1204 3698 pluralem
1232 3620 1263 3678 in
1284 3634 1334 3677 um
1355 3616 1443 3676 mittit

158 3716 295 3789 absolute,
325 3726 357 3779 nt
384 3719 420 3780 ab
449 3719 505 3781 boc
533 3729 616 3801 patre
646 3720 753 3781 borum
781 3726 928 3800 patrum’.
972 3722 1139 3781 invenimus
1166 3728 1266 3781 autem
1289 3736 1343 3779 nos
1364 3717 1543 3796 quod496,9

159 3817 274 3880 ablativo
302 3822 446 3899 singulari
474 3841 490 3883 e
518 3820 684 3901 terlmlnato
713 3821 871 3903 aliquando
899 3824 930 3883 in
953 3842 1002 3884 um
1026 3825 1101 3893 exit,
1131 3822 1289 3902 aliquando
1311 3822 1342 3881 in
1364 3820 1442 3880 ium:

158 3922 183 3981 in
204 3940 251 3982 um
275 3924 349 3993 exit,
375 3933 407 3984 ut
428 3922 465 3985 ab
489 3923 544 3986 boc
566 3927 680 4005 pariete
709 3924 816 3986 horum
837 3926 1011 4005 parietum3,
1028 3928 1060 3986 in
1081 3927 1143 3985 ium
1166 3924 1241 3993 exit,
1269 3906 1302 3983 ul
1328 3925 1366 3983 ab
1387 3925 1444 3983 boc

132 4023 235 4084 altoste
257 4010 398 4086 bostium,
425 4044 514 4106 quem
538 4026 574 4087 ad
597 4026 717 4088 modum
740 4030 796 4089 ista
819 4026 923 4105 regula
947 4027 1104 4088 delinitur?
1127 4026 1200 4087 dicit
1221 4028 1270 4095 ita,
1295 4027 1338 4085 ‘si
1360 4023 1442 4085 abla-

160 4128 224 4187 tirns
246 4128 404 4207 singularis
427 4147 443 4188 e
466 4128 556 4189 luerit
578 4132 766 4200 terminatus,
791 4129 949 4207 aliquando
971 4129 1085 4209 perdita
1107 4131 1171 4209 ipsa
1186 4148 1203 4189 e
1217 4128 1315 4188 littera
1337 4128 1444 4206 accipit

160 4246 215 4299 um,
238 4228 395 4311 aliquando
417 4249 477 4291 non
498 4230 598 4311 perdit
620 4250 645 4302 e,
669 4231 721 4293 sed
744 4232 775 4294 in
798 4234 807 4292 i
830 4239 924 4292 mutat
946 4234 1039 4292 etsie
1061 4250 1112 4293 um
1135 4230 1268 4309 accipit'.
1313 4236 1383 4309 puta
1405 4229 1442 4290 ab

223 4452 232 4503 l
256 4452 383 4520 regulam]
404 4454 506 4505 saecule
524 4454 549 4503 A
621 4453 636 4504 3
656 4455 832 4505 necessitatem
853 4455 972 4504 dirimere
990 4454 1128 4518 (derimere
1147 4433 1185 4514 A)
1204 4460 1292 4519 aperto
1310 4452 1398 4517 regula
1418 4461 1443 4501 et

161 4524 442 4587 spectarationeABC
509 4527 586 4575 tneo
605 4524 702 4587 aliquid
720 4524 745 4573 B
815 4522 913 4590 ideis]
933 4525 983 4574 diis
1001 4524 1059 4574 AB
1130 4522 1243 4574 10sexu
1261 4522 1394 4570 tautumG

163 4592 187 4640 l'l
204 4602 227 4641 et
244 4593 373 4643 masculus
389 4610 447 4645 esse
465 4596 565 4645 aduena
583 4604 608 4644 et
626 4594 721 4644 semina
733 4611 789 4645 esse
803 4604 826 4645 et
839 4596 892 4645 Bc
908 4604 932 4644 et
946 4596 1077 4645 masculus
1097 4634 1142 4647 ...
1160 4609 1217 4642 esse
1233 4602 1258 4640 et
1275 4591 1369 4641 lemine
1386 4606 1443 4639 esee

162 4664 218 4711 ctA
288 4666 321 4714 14
338 4680 399 4729 ergo
419 4682 466 4718 om.
482 4666 515 4721 A,
534 4666 596 4718 odd.
617 4682 633 4714 a
706 4666 738 4716 15
757 4666 873 4716 diuersos
890 4666 974 4715 exitus
991 4665 1043 4714 BC
1111 4662 1443 4727 2tnelcorripereBGa

163 4742 197 4781 cut
210 4736 332 4800 corripere
350 4734 376 4784 A
446 4734 480 4785 23
501 4735 620 4800 colligitis
636 4734 688 4785 BG
708 4735 815 4801 collegis
834 4735 858 4784 A
878 4733 1004 4799 collegitis
1022 4752 1038 4784 a
1108 4734 1142 4784 '27
1160 4742 1245 4800 potest
1262 4733 1342 4783 ABG
1409 4733 1443 4781 oo

163 4810 183 4848 et
200 4804 234 4853 eie
253 4802 328 4853 luerit
347 4805 372 4854 A
442 4804 477 4857 30
495 4806 611 4871 quotiens
635 4804 710 4854 luerit
728 4806 753 4855 A
823 4805 853 4855 til
880 4806 1016 4872 genetiuoe
1034 4804 1141 4870 pluralis
1158 4804 1185 4853 A
1254 4801 1288 4855 33
1306 4802 1443 4866 aliquando

164 4870 185 4921 ln
196 4873 242 4924 ium
260 4900 293 4909 -
312 4873 345 4926 36
364 4892 378 4925 e
397 4874 474 4925 luerit
489 4876 637 4925 terminatus
657 4892 703 4929 om.
722 4878 753 4938 A,
773 4876 834 4927 add.
854 4893 870 4926 α
941 4874 974 4927 34
992 4877 1044 4925 exit
1061 4874 1135 4925 hoste
1154 4875 1229 4926 uua
