3525 5600
619 385 690 450 aits
719 385 746 448 ll
769 384 955 449 23—1118
1370 380 1433 448 423

171 507 191 548 p.
206 495 262 537 tter.
277 494 302 537 03
317 491 339 535 P.
1252 506 1273 546 p.
1287 495 1332 534 334.
1346 496 1370 535 ³5
1385 493 1407 533 t.

147 577 327 645 dicationis,
356 583 390 636 ut
418 577 503 637 Circe
532 578 606 637 haec
629 577 714 638 Circa
737 575 826 638 buius
849 575 968 644 Circae,
993 574 1196 638 Andromache
1218 574 1433 644 Andromacha,

149 687 194 739 aut
217 679 381 739 secundum
402 696 541 756 graecam
557 679 785 740 declinationem
802 678 994 739 inflectuntur
1009 679 1128 755 integro
1149 680 1331 740 nominativo
1352 695 1432 744 casu,

149 789 178 840 nt
199 781 273 841 haec
294 780 387 859 Libye
410 780 498 842 huius
520 781 643 861 Libyes:
668 783 710 842 sic
732 780 869 842 Lucanus

295 882 441 942 linibus
463 887 646 943 extremis
669 881 808 962 Libyes
829 880 893 942 ubi
915 882 1064 942 lerrida
1086 881 1210 942 tellus.

128 1006 139 1044 ι
229 983 381 1044 Secundae
410 985 618 1045 declinationis
645 1003 751 1062 graeca
779 983 942 1044 masculina
964 984 1009 1043 rel
1032 986 1189 1053 feminina,
1219 1003 1294 1063 quae
1318 1002 1354 1054 ος
1375 983 1431 1063 syl-

149 1085 210 1145 laba
232 1084 315 1146 brevi
338 1089 550 1156 terminantur,
574 1107 591 1146 o
614 1087 712 1146 littora
735 1090 766 1147 in
790 1105 809 1145 ιι
831 1093 943 1146 mutata
965 1087 1042 1165 apud
1063 1087 1184 1147 Latinos
1206 1085 1329 1146 secundi
1352 1086 1431 1146 ordi·

148 1190 192 1246 nis
213 1187 440 1249 declinationem
464 1199 619 1260 secuntur,
642 1197 676 1249 ut
690 1190 740 1250 hic
754 1188 900 1249 Homerus
916 1188 1052 1258 Homeri,
1076 1186 1209 1266 Hyginus
1223 1187 1342 1267 Hygini,
1358 1187 1432 1248 baec

149 1289 241 1368 Tyrus
269 1290 355 1369 Tyri,
383 1292 455 1352 haec
486 1292 614 1371 Berytus
641 1290 756 1370 Beryti,
793 1291 907 1370 Cyprus
936 1290 1041 1370 Cypri,
1074 1290 1186 1350 Pontus
1219 1290 1315 1350 Ponti.
1359 1291 1432 1349 item

149 1411 220 1470 tynae
242 1393 321 1470 apud
344 1393 410 1454 illos
432 1396 462 1454 in
487 1412 543 1466 avg
566 1391 707 1474 syllabam
730 1393 879 1460 desinunt,
904 1399 974 1452 sunt
995 1401 1094 1452 autem
1115 1392 1277 1453 masculina
1299 1394 1430 1472 propria,

119 1513 138 1552 ιι
150 1493 280 1554 eiusdem
304 1494 529 1565 declinationis,
552 1504 585 1557 ut
607 1495 656 1555 hic
671 1494 777 1555 Peleus
791 1494 888 1564 Pelei,
905 1494 1024 1574 Tydeus
1038 1491 1046 1576 ll
1062 1494 1170 1574 Tydei,
1194 1495 1312 1555 Oeneus
1327 1493 1431 1555 Oenei.

149 1597 217 1656 baec
240 1595 370 1657 datiuum
393 1597 573 1674 singularem
596 1596 745 1675 duplicem
760 1596 888 1657 habent:
911 1616 979 1657 nam
1001 1605 1032 1656 ct
1047 1595 1134 1657 Peleo
1156 1605 1186 1656 et
1199 1596 1282 1657 Pelei
1304 1596 1432 1656 dicimus

149 1706 174 1757 et
203 1698 319 1777 Orpheo
349 1706 379 1758 et
406 1701 534 1780 Orphei,
570 1709 603 1761 ut
630 1699 779 1777 Vergilius
807 1699 965 1778 ‘Orphei
999 1698 1188 1778 Calliopea
1215 1699 1335 1758 Lino'.
1379 1697 1431 1757 sed

149 1801 200 1861 hoc
221 1819 344 1878 graecae
368 1809 428 1872 ost,
452 1803 523 1863 illud
546 1802 654 1863 latinae
678 1801 895 1862 declinationis.
942 1803 1141 1861 accusativum
1169 1808 1269 1861 mmen
1290 1818 1431 1877 graecum

147 1903 265 1973 habent,
296 1912 330 1963 ut
355 1904 443 1966 Pelea
472 1907 571 1966 Atrea.
616 1906 687 1963 item
716 1904 764 1964 illa
788 1921 864 1983 quae
893 1903 971 1983 apntl
994 1873 1175 1975 Graecossin
1197 1921 1278 1982 ypog
1298 1905 1330 1963 in
1352 1899 1433 1982 ὅρος

117 2008 177 2064 nin
197 2023 277 2084 apog
298 2009 330 2064 in
353 2025 431 2084 τρος
453 2007 599 2087 syllabas¹
619 2007 760 2066 desinunt
782 2015 930 2084 postrema
946 2004 1057 2084 syllaba
1079 1980 1167 2065 in‘er
1188 2023 1330 2064 conversa
1352 2005 1430 2064 eius·

148 2107 209 2166 dem
231 2116 302 2167 sunt
324 2107 545 2179 declinationis
571 2119 603 2169 ut
619 2103 815 2188 Μελέαγρος
830 2106 879 2166 hic
894 2107 1042 2184 Meleager
1056 2106 1212 2183 Meleagri,
1229 2102 1432 2184 Μένανδρος

148 2209 191 2268 hic
216 2209 378 2270 Menander
405 2211 574 2280 Menandri,
608 2211 756 2291 Τεῦκρος
783 2209 832 2270 hic
860 2209 977 2269 'l'eucer
1000 2209 1126 2278 Teucri,
1147 2202 1361 2288 Ἀντίπατρος
1381 2207 1430 2267 hic

147 2311 298 2391 Antipater
322 2311 480 2391 Antipatri.
525 2317 715 2393 excipiuntur
737 2311 882 2392 quaedam
904 2313 936 2371 in
965 2330 1037 2388 grus
1059 2319 1088 2370 et
1110 2311 1183 2370 drus
1204 2319 1234 2370 et
1256 2319 1323 2371 trus
1344 2309 1429 2389 sylla-

147 2412 193 2472 bas
214 2399 401 2484 desinentia,
431 2433 505 2494 quae
533 2418 747 2477 nominativum
769 2433 828 2474 non
849 2420 965 2473 mutant
986 2416 1019 2472 in
1041 2432 1090 2483 er,
1120 2412 1194 2473 nibil
1217 2421 1317 2473 tamen
1340 2432 1356 2472 a
1378 2411 1428 2472 de-

113 2515 301 2575 reclinatione
326 2516 521 2586 dissentiunt,
545 2518 662 2578 hndrus
683 2535 811 2594 congrus
831 2515 948 2576 Petrus.

222 2616 256 2678 ln
287 2635 321 2677 or
348 2621 469 2678 nomina
492 2621 655 2681 masculina
678 2621 799 2699 propria
822 2618 963 2679 desinunt
985 2625 1015 2678 et
1038 2619 1143 2677 tertiae
1166 2624 1235 2678 sunt
1256 2617 1429 2677 declinatio-

146 2721 200 2788 nis,
223 2727 256 2779 ut
279 2719 391 2780 Hector
412 2719 565 2792 Hectoris,
590 2722 698 2782 Nestor
721 2721 869 2790 Nestoris,
893 2721 1009 2780 Mentor
1030 2719 1181 2779 Mentoris
1212 2719 1313 2779 iubis
1335 2721 1429 2778 omni·

147 2820 198 2881 bus
217 2840 235 2881 o
256 2824 289 2882 in
311 2824 391 2897 omni
414 2842 483 2885 casu
506 2810 678 2905 corripitur.

224 2924 257 2983 ln
286 2944 318 2984 as
345 2926 499 2986 masculini
528 2930 648 3005 generis
675 2928 855 2997 desinentia,
885 2928 912 2986 si
940 2924 1018 3004 opud
1049 2925 1115 2984 illos
1141 2927 1303 3002 genitivum
1331 2926 1363 2985 in
1393 2942 1430 2995 ος

113 3028 276 3096 emittunt,
293 3045 348 3086 nos
362 3031 468 3089 tertiae
492 3029 684 3091 declinationi
700 3029 898 3108 applicamus,
915 3035 948 3087 ut
964 3022 1054 3098 Θόας
1069 3021 1232 3099 Θόαντος,
1254 3046 1309 3087 nos
1332 3026 1429 3087 Thoas
1513 3038 1522 3056 ·

148 3127 299 3199 Thoantis,
330 3130 453 3191 Acamas
480 3136 664 3201 Acamantis,
695 3132 776 3192 Atlas
797 3132 938 3200 Atlantis,
966 3129 1071 3190 Mimas
1092 3129 1255 3200 Mimantis,
1278 3131 1362 3206 gigas
1383 3130 1429 3205 gi-

146 3233 248 3305 gantis.
293 3239 323 3291 et
344 3232 488 3293 feminina
511 3235 649 3295 similiter
671 3235 774 3294 eadem
798 3232 909 3312 syllaba
939 3234 1097 3292 terminata
1119 3234 1224 3293 tertiae
1246 3239 1315 3293 sunt
1337 3231 1427 3291 decli·

214 3468 229 3517 8
246 3469 304 3517 item
319 3486 384 3533 quae
400 3471 469 3535 apud
484 3471 541 3521 illos
557 3474 583 3521 iu
602 3488 648 3531 ευς
664 3473 739 3525 Char.
757 3474 799 3533 41,
818 3470 850 3522 16
921 3472 954 3522 14
974 3471 1033 3519 item
1051 3469 1095 3519 illa
1111 3485 1175 3533 qnae
1193 3470 1261 3535 apud
1274 3468 1384 3519 Graecos
1402 3471 1429 3518 in

146 3552 208 3599 yper
225 3539 298 3589 Char.
317 3541 360 3600 24,
380 3540 404 3589 3.
423 3542 467 3601 82,
487 3542 528 3593 16.
547 3542 590 3605 84,
612 3542 653 3596 16.
674 3558 731 3593 exc.
750 3542 825 3595 Ultor.
846 3541 906 3606 540,
926 3543 940 3592 l
993 3542 1025 3590 21
1045 3541 1071 3588 in
1089 3555 1117 3590 or
1137 3540 1211 3592 Char.
1232 3539 1275 3605 43,
1295 3541 1338 3590 28.
1355 3539 1426 3599 86,1

145 3608 377 3738 {Mbclbffrbw’
401 3610 434 3663 33
525 3613 559 3661 24
582 3612 607 3660 iu
632 3628 660 3663 as
680 3612 757 3666 Char,
776 3612 823 3676 26,
841 3610 882 3662 27,
903 3610 1011 3672 411,14.
1036 3626 1094 3660 exc.
1115 3608 1191 3664 char.
1211 3611 1277 3674 541,
1295 3610 1321 3663 8.
1347 3610 1425 3661 Pron.

155 3818 442 3826 ——---——-.—.

211 3903 403 3953 tinneetunmr
426 3904 490 3953 inter
513 3902 552 3967 (in
572 3901 602 3967 ς)
627 3904 810 3954 nominatiuum
837 3918 924 3953 casum
944 3904 989 3959 Fe
1058 3901 1075 3952 3
1100 3902 1138 3953 sic
1162 3902 1280 3952 Lucanus
1302 3902 1367 3951 libro
1391 3900 1427 3949 tx

145 3970 282 4033 Putacdt'us,
298 3988 344 4025 om.
363 3974 398 4023 P:
416 3974 512 4023 Lucnn.
528 3972 648 4023 Pdorsol.
664 3975 734 4023 villi
749 3974 801 4024 6241
869 3977 886 4025 4
905 3974 1009 4023 funibus
1025 3988 1094 4023 corr.
1107 3971 1201 4022 linibus
1213 3972 1238 4020 F
1304 3972 1320 4022 5
1337 3986 1428 4019 secuu-

146 4040 191 4088 dae
210 4042 383 4091 declinationis
402 4054 462 4091 sunt
480 4057 556 4108 greca
575 4042 600 4090 F
603 4057 620 4099 ς
689 4043 805 4093 dautem
819 4058 864 4094 orn.
884 4057 902 4099 ς
974 4044 1006 4094 10
1020 4052 1049 4091 ιιι
1064 4044 1105 4091 hic
1121 4042 1219 4106 pellens
1235 4040 1318 4105 pelley
1335 4040 1427 4104 tydeus

147 4110 212 4171 tydei
228 4126 320 4161 aeneus
332 4128 415 4177 aeney
427 4112 451 4160 F
467 4124 494 4161 ut
509 4111 551 4161 hic
570 4112 659 4162 Peleus
677 4113 743 4179 pelei
762 4112 864 4177 Tydeus
885 4114 954 4177 tydei
972 4117 1075 4163 Aeneus
1090 4112 1162 4162 aenei
1180 4110 1290 4177 orpheus
1308 4109 1427 4175 orpheis

215 4182 244 4231 ll
260 4196 317 4230 nam
337 4190 362 4231 et
378 4182 443 4248 pelei
464 4191 488 4231 et
506 4182 579 4247 peleo
597 4184 704 4232 dicimus
716 4194 740 4231 et
758 4182 871 4246 orphoeo
888 4194 913 4231 et
926 4182 1014 4249 orphei
1031 4193 1056 4232 et
1072 4183 1193 4247 nergilius
1212 4179 1285 4246 orpbi
1302 4180 1427 4245 calliopes

146 4252 170 4298 P
185 4260 281 4300 namet
300 4253 351 4317 peli
369 4265 394 4301 et
412 4252 480 4317 pelio
498 4252 694 4303 dicimus-orfea
716 4250 779 4301 orlei
792 4252 874 4315 (corr.
889 4252 946 4313 orfl)
967 4261 994 4301 ut
1012 4252 1135 4317 uergilius
1154 4250 1200 4300 orfl
1215 4250 1313 4315 caliope
1326 4252 1353 4299 F
1368 4265 1426 4298 nam

147 4332 170 4367 et
189 4321 237 4384 pell
252 4328 275 4370 et
294 4323 367 4386 peleo
388 4322 495 4371 dicimus
514 4321 609 4387 orpheo
628 4321 701 4388 orphi
720 4330 747 4369 ut
763 4320 889 4386 Virgilius
908 4320 985 4389 Orphi
1006 4322 1131 4386 calliopea
1149 4335 1178 4377 ςε
1202 4322 1280 4385 Verp.
1300 4320 1380 4370 bucol.
1399 4321 1426 4377 4,

146 4389 177 4439 57
246 4391 276 4442 14
296 4402 322 4441 ut
340 4391 409 4457 pella
425 4392 498 4441 tertia
517 4390 598 4455 (corr.
616 4392 693 4453 teris)
711 4392 736 4439 ll'
757 4401 783 4439 ut
800 4390 873 4455 pelea
892 4392 967 4455 tydea
984 4406 1001 4448 ς
1072 4392 1104 4443 15
1122 4390 1247 4456 syllabam
1265 4390 1385 4441 desinunt
1403 4392 1428 4439 P

146 4459 261 4523 syllabam
279 4464 381 4511 mittunt
398 4464 445 4519 Fa
518 4460 549 4511 18
568 4463 727 4527 excipiuntur
743 4461 866 4522 quaedam
887 4462 1001 4523 (quidem
1019 4462 1053 4525 F)
1073 4464 1099 4510 in
1117 4476 1178 4527 grus
1196 4462 1224 4509 in
1242 4461 1302 4509 brus
1320 4463 1346 4509 in
1365 4460 1426 4509 drus

147 4541 170 4577 et
188 4532 213 4578 in
230 4533 264 4595 (in
278 4546 322 4581 om.
337 4532 374 4596 F)
388 4543 441 4583 trus
456 4531 546 4581 sillaba
562 4532 702 4581 desinentia
720 4530 763 4586 Fe
834 4529 867 4580 20
886 4531 1039 4581 dissentiunt
1056 4532 1186 4581 scombros
1198 4532 1316 4592 (scobrus
1331 4530 1365 4588 m
1381 4545 1427 4580 an·

146 4599 206 4647 drus
224 4616 332 4667 gangras
355 4604 502 4667 petrust
575 4600 685 4665 Andrus]
708 4602 843 4666 angrusP
912 4610 1000 4667 petrus
1024 4617 1115 4653 rearis
1133 4602 1267 4651 necitiin
1286 4614 1315 4649 or
1333 4600 1359 4649 P

145 4670 177 4716 '2'2
193 4682 286 4721 mentor
303 4673 424 4721 mentoris
443 4682 512 4723 actor
531 4674 622 4721 actoris
641 4685 658 4727 ς
736 4672 769 4720 25
788 4670 878 4719 uthoas
897 4686 1008 4724 eoanrac
1023 4674 1160 4737 (eoam-wc
1175 4669 1203 4734 s)
1220 4670 1295 4719 thoas
1313 4668 1425 4720 thoantis

146 4752 243 4797 asinae
260 4742 397 4791 acamantis
416 4742 498 4792 athlas
521 4742 641 4792 athlantis
664 4742 746 4790 minas
765 4736 885 4791 minantis
906 4744 973 4792 cleas
996 4743 1101 4791 cleantis
1120 4740 1214 4805 gigans
1239 4740 1318 4807 (corr,
1336 4740 1424 4807 gigas)

146 4810 255 4874 gigantis
270 4811 293 4859 F
309 4821 337 4861 ut
353 4804 429 4871 θόοις
447 4806 574 4870 θόαντος
592 4820 646 4861 toas
665 4812 758 4861 toantis
777 4801 863 4869 ἄτλας
884 4801 1023 4871 deumne
1035 4812 1098 4861 atlas
1116 4810 1219 4859 atlantis
1236 4809 1342 4875 μαίνας
1361 4808 1425 4874 μαί-

106 4932 114 4948 Ι
145 4878 232 4937 andos
249 4896 331 4932 manas
350 4883 465 4933 menadis
487 4884 562 4947 gigas
580 4884 692 4949 gigantis
711 4896 728 4937 ς
798 4880 831 4930 ’26
851 4880 939 4931 Mimas
957 4878 1095 4947 Mimantis]
1115 4881 1199 4930 minas
1215 4880 1336 4930 minantis
1352 4881 1377 4929 P
