3525 5600
305 374 368 439 336
851 371 1055 434 CONSEh'Tll

306 561 446 638 sentius,
474 559 571 627 istum
599 555 885 641 grammaticorum
913 575 1107 618 consensum
1136 554 1214 618 inde
1241 563 1347 618 ortum
1375 575 1447 617 6666
1468 554 1590 638 putabi-
1711 576 1712 611 2

307 684 395 738 mus,
418 669 455 724 ut
478 658 693 725 Consentium
716 679 781 720 non
796 657 939 721 Charisii
960 665 993 720 et
1008 655 1178 719 Diomedis
1200 654 1308 735 libris,
1332 654 1390 718 sed
1411 655 1590 720 auctoribus
1711 668 1712 687 ¹

308 760 436 827 abillis
459 745 615 824 adhibitis
642 781 738 822 usum
767 779 839 821 esse
862 757 1020 822 dicamus.
1064 757 1151 841 quod
1174 757 1203 819 si
1226 766 1314 820 recte
1335 756 1504 841 ponimus,
1532 755 1591 822 illie
1711 782 1712 841 j

308 862 528 948 grammaticis
556 883 637 946 quos
666 858 735 922 dixi
762 858 877 922 tertius
905 857 1075 922 addendus
1104 867 1153 922 est
1176 855 1406 938 Cominianus,
1428 858 1520 922 cuius
1541 881 1593 923 no·
1711 862 1712 865 ’

308 987 381 1028 men
409 963 496 1048 apud
527 961 712 1027 Charisium
739 983 770 1045 p.
796 957 872 1040 175,
900 959 942 1021 20
970 958 1273 1044 praepositum-est
1295 959 1530 1024 'commentario
1556 959 1592 1023 de

308 1063 592 1149 coniugationibus
621 1087 640 1126 a
667 1062 843 1127 Consentio
867 1083 996 1147 quoque
1023 1084 1066 1125 ex
1093 1058 1204 1146 aliqua
1224 1070 1318 1147 parte
1339 1071 1481 1146 recepto.
1525 1071 1593 1126 sunt

308 1177 479 1254 praeterea
511 1165 577 1230 alia
609 1164 750 1248 vestigia
781 1163 932 1249 quamvis
965 1163 1072 1227 minus
1105 1172 1210 1242 certa,
1247 1161 1365 1248 quibus
1393 1161 1437 1226 ad
1468 1163 1593 1228 eosdem
1711 1170 1712 1183 ¹

309 1277 457 1333 auctores
480 1268 638 1332 ducimur.
682 1286 759 1329 nam
781 1286 865 1350 quae
887 1265 928 1328 (16
950 1263 1135 1328 differentia
1161 1263 1290 1328 activae
1317 1274 1350 1328 et
1371 1264 1525 1348 passivae
1545 1264 1593 1328 (16

311 1369 495 1436 clinationis
519 1367 613 1433 verbi
640 1373 767 1432 tandem
792 1376 968 1452 praecepta
990 1374 1065 1429 6661
1087 1388 1120 1450 p.
1135 1364 1221 1429 2054
1241 1365 1351 1430 Probo
1375 1366 1558 1432 tribuuntur
1577 1389 1595 1430 a
1711 1386 1712 1397 ¹

311 1471 424 1536 Servio
446 1471 481 1534 in
502 1469 602 1552 Verg.
627 1470 711 1532 Aen.
734 1467 751 1531 I
776 1468 846 1530 194.
883 1467 927 1532 ad
948 1465 1179 1532 Palaemonem
1201 1477 1310 1532 autem
1332 1467 1488 1532 videntur
1510 1489 1594 1532 reve·
1711 1506 1712 1521 ι

312 1572 418 1636 canda
440 1593 512 1635 esse
534 1593 599 1636 non
621 1567 711 1634 nulla
733 1591 816 1655 quae
839 1568 990 1633 similiter
1012 1569 1133 1654 scripta
1155 1576 1270 1634 extant
1296 1568 1330 1631 in
1351 1569 1517 1654 excerptis
1538 1569 1594 1633 Bo·

311 1672 480 1737 biensibus
508 1680 582 1758 post
609 1671 801 1734 Diomedem
831 1670 937 1734 editis.
984 1691 1067 1754 quae
1094 1678 1250 1756 excerpta
1277 1669 1432 1756 quoniam
1458 1671 1507 1734 ita
1527 1693 1596 1734 cum

312 1773 462 1839 Charisio
486 1771 668 1837 consentire
691 1771 860 1852 videbam,
889 1781 926 1836 ut
947 1771 1033 1834 hunc
1054 1773 1258 1857 potissimum
1281 1780 1414 1835 secutus
1437 1771 1597 1836 videretur
1711 1766 1712 1819 ἶ

312 1876 341 1938 16
364 1874 420 1961 qui
442 1895 482 1938 ca
503 1873 654 1954 coniecit,
676 1877 736 1936 ‘ex
753 1871 895 1936 Charisii
917 1880 987 1936 arte
1008 1873 1223 1956 grammatica
1244 1883 1416 1958 excerpta’
1440 1873 1596 1959 inscripsi,

313 1995 509 2062 quamquam
533 1973 688 2060 conplura
710 1996 752 2038 ex
773 1971 846 2036 aliis
868 1972 1015 2038 fontibus
1036 1973 1141 2060 petita
1155 1995 1227 2038 esse
1248 1997 1314 2039 non
1335 1975 1533 2040 nesciebam.
1561 1997 1598 2038 ex

314 2079 365 2146 his
394 2077 496 2160 igitur
524 2074 684 2162 quaedam
716 2072 906 2138 Palaemoni
933 2074 1046 2140 deberi
1074 2074 1162 2139 haud
1189 2075 1440 2161 inprobabiliter
1466 2075 1599 2140 coniecit

315 2178 477 2244 Christius
499 2174 615 2240 Philol.
639 2175 703 2240 vol.
726 2174 848 2239 XVIII
870 2198 902 2260 p.
929 2177 989 2240 136
1011 2198 1082 2261 sqq.
1119 2176 1317 2242 Consentius
1340 2186 1449 2241 autem
1471 2199 1503 2263 p.
1522 2177 1599 2241 2060

316 2280 356 2344 dc
377 2279 533 2365 qualitate
554 2277 730 2342 verborum
752 2277 870 2340 iisdem
892 2275 962 2341 fere
984 2277 1094 2341 verbis
1117 2277 1203 2341 dixit
1224 2287 1321 2363 atque
1342 2279 1405 2342 iste
1434 2288 1599 2364 excerptor

280 2389 284 2398 “
314 2405 346 2467 6.
369 2381 447 2460 561,
470 2378 521 2443 25.
554 2378 672 2443 deinde
700 2378 740 2443 de
769 2377 926 2464 singulari
952 2399 1089 2443 numero
1118 2402 1149 2443 v.
1177 2385 1282 2443 sordes
1311 2389 1441 2465 praetor
1463 2380 1597 2445 Consen-
1711 2378 1712 2451 s

315 2483 395 2545 tium
417 2504 449 2567 p.
472 2479 557 2544 2029
585 2480 726 2544 relatum
755 2489 804 2544 est
831 2479 875 2544 ib.
900 2503 932 2565 p.
955 2479 1034 2560 549,
1056 2480 1108 2544 30.
1133 2478 1173 2543 de
1194 2479 1288 2545 varia
1309 2480 1527 2546 declinatione
1548 2504 1598 2546 no

314 2583 412 2648 minis
436 2587 575 2646 Chremes
601 2580 716 2645 eadem
738 2580 905 2667 exempla,
928 2581 1048 2667 quibus
1071 2603 1149 2645 usus
1171 2591 1223 2646 est
1244 2581 1435 2646 Consentius
1458 2605 1491 2668 p.
1511 2582 1599 2661 2060,

317 2685 427 2771 posita
449 2691 525 2747 sunt
547 2681 645 2748 Proh.
670 2681 788 2747 cathol.
812 2704 843 2768 p.
866 2683 919 2764 24,
941 2682 983 2745 22
1005 2691 1038 2746 61
1060 2705 1130 2748 exc.
1153 2681 1251 2747 Char.
1276 2706 1307 2769 p.
1329 2684 1405 2765 542,
1426 2683 1457 2747 2.

400 2784 528 2866 Quibus
556 2783 738 2849 rationibus
767 2783 802 2847 in
829 2808 917 2849 nova
939 2783 1081 2850 editione
1103 2807 1183 2849 usus
1205 2786 1267 2849 sim
1288 2787 1402 2873 paucis
1425 2784 1599 2873 explicabo.

315 2889 426 2973 itaque
448 2886 617 2951 extribus
639 2884 731 2950 libris
755 2908 855 2951 manu
878 2886 1029 2973 scriptis,
1058 2908 1139 2973 quos
1163 2887 1313 2969 adhibui,
1335 2886 1445 2952 nullus
1467 2899 1534 2953 tam
1554 2910 1600 2952 ac-

316 2997 429 3054 curate
452 3010 493 3052 cx
516 2987 690 3073 archetypo
713 3008 888 3072 expressus
911 2996 979 3068 est,
1007 2998 1050 3057 ut.
1070 3010 1148 3076 prae
1170 2989 1287 3053 ceteris
1309 2988 1413 3054 fidum
1435 2990 1548 3055 ducem
1569 3012 1602 3053 se
1711 2985 1712 3066 Ῐ

316 3090 488 3178 praeberet
515 3090 557 3153 ad
580 3098 724 3153 veterem
752 3090 948 3173 scripturam
974 3090 1250 3173 investigandam.
1294 3112 1372 3155 nam
1399 3090 1600 3156 Monacensis

317 3191 450 3277 quidem
472 3189 576 3254 codex
597 3200 634 3253 ut
654 3189 774 3255 librum
796 3190 838 3253 (16
860 3189 1074 3255 barbarismis
1104 3202 1137 3256 ct
1159 3189 1383 3277 metaplasmis
1406 3192 1496 3257 solus
1519 3214 1601 3279 prae·
1711 3173 1712 3250 Ῐ

228 3344 230 3349 ,
317 3292 402 3367 buit,
430 3293 477 3377 ita
505 3292 541 3354 in
567 3290 675 3375 priore
702 3311 829 3376 quoque
856 3290 942 3355 libro
971 3291 1130 3377 quaedam
1158 3309 1241 3378 quae
1268 3294 1302 3358 in
1324 3292 1459 3378 reliquis
1482 3294 1601 3359 duobus

317 3402 471 3477 corrupta
498 3400 576 3455 sunt
606 3391 733 3475 integra
765 3392 926 3473 servavit,
960 3392 1019 3457 sed
1052 3393 1138 3457 idem
1174 3393 1312 3460 arbitrio
1348 3394 1477 3460 librarii
1512 3417 1603 3479 saepe

317 3494 454 3559 vitiatus
477 3502 536 3557 661.
580 3493 756 3557 Beruensis
785 3501 893 3557 autem
921 3494 1026 3558 codex
1053 3494 1203 3579 quamvis
1231 3505 1381 3561 accurate
1403 3498 1543 3583 scriptus
1564 3497 1602 3560 sit

316 3604 350 3659 et
371 3592 535 3659 interdurn
558 3616 668 3657 veram
695 3594 892 3678 scripturam
918 3594 1009 3659 66166
1037 3596 1209 3680 praebeat,
1238 3606 1348 3661 tamcn
1375 3620 1417 3660 ne
1444 3598 1517 3683 ipse
1537 3600 1603 3682 qui·
1711 3655 1712 3676 ,

318 3694 392 3759 dem
425 3692 675 3779 interpolatione
707 3696 837 3760 omnino
872 3705 978 3759 vacat.
1023 3696 1163 3782 denique
1197 3695 1369 3763 Leidensis
1396 3699 1520 3780 codex,
1553 3700 1603 3784 qni
1711 3761 1712 3786 ἶ

317 3796 442 3879 origine
464 3793 507 3857 ad
529 3794 756 3859 Monacensem
779 3794 899 3860 librum
920 3798 1068 3882 proxime
1090 3797 1245 3863 accedere
1267 3799 1415 3880 videtur,
1439 3800 1603 3884 neglegen-
1711 3789 1712 3820 ³

317 3906 365 3962 ter
388 3898 530 3981 scriptus
559 3905 609 3960 661
637 3906 670 3960 61
692 3919 797 3983 pauca
819 3896 907 3962 solus
930 3907 1019 3963 recte
1040 3900 1163 3984 scripta
1191 3880 1347 3965 servavit
1392 3922 1495 3986 quare
1516 3902 1549 3965 in
1569 3921 1604 3963 66
1694 3948 1712 3986 4

316 4005 411 4085 parte
438 4018 521 4082 quae
548 4007 599 4061 est
626 3996 667 4061 de
694 4000 824 4063 nomine
853 4009 886 4063 et
908 4000 1026 4081 verbo,
1057 4000 1114 4065 ubi
1136 4011 1202 4065 tres
1223 4003 1332 4087 parati
1354 4012 1449 4066 erant
1469 4001 1604 4081 codices,
1711 4001 1712 4030 ¹

317 4099 367 4163 his
390 4098 476 4162 inter
503 4120 537 4163 se
565 4096 832 4164 dissentientibus
860 4122 958 4187 saepe
987 4099 1132 4165 dubitari
1159 4112 1304 4187 poterat,
1328 4104 1380 4166 cui
1402 4104 1605 4189 potissimum
1711 4111 1712 4118 ’

316 4199 398 4263 fides
420 4198 572 4264 habenda
595 4210 690 4264 esset.
722 4199 949 4285 sedquoniam
972 4199 1163 4288 plerumque
1184 4203 1218 4265 in
1240 4202 1281 4267 iis
1303 4203 1402 4267 rcbus
1425 4205 1605 4269 dissensum

315 4299 473 4365 librorum
500 4300 627 4365 versari
654 4300 824 4383 videbam,
852 4302 886 4365 in
913 4303 1033 4387 quibus
1062 4324 1127 4365 666
1153 4303 1291 4367 multum
1313 4304 1503 4388 interesset,
1527 4327 1606 4392 quae

317 4402 480 4487 scriptura
494 4401 729 4485 praeferretur,
752 4400 867 4466 inutile
883 4413 916 4467 et
937 4402 1135 4469 laboriosum
1158 4428 1231 4469 esse
1251 4406 1412 4488 iudicavi,
1436 4409 1517 4492 quid
1532 4428 1605 4491 quo·

317 4524 380 4587 que
407 4500 478 4564 loco
507 4522 526 4564 a
552 4499 693 4567 librariis
726 4512 895 4591 peccatum
922 4514 1024 4586 esset,
1059 4516 1210 4571 accurate
1236 4507 1397 4588 indicare,
1427 4508 1508 4572 satis
1538 4528 1605 4592 pro·

318 4612 465 4687 spectum
480 4604 648 4668 commodo
664 4586 843 4687 legentium
863 4614 964 4686 ratus,
988 4607 1016 4669 si
1038 4608 1073 4669 in
1094 4608 1135 4671 iis
1158 4605 1249 4688 locis,
1271 4609 1439 4694 inquibus
1462 4607 1518 4673 vel
1536 4628 1605 4691 gra·

318 4703 389 4766 vior
411 4712 498 4767 esset
526 4704 685 4768 dubitatio
708 4703 762 4768 vel
790 4715 924 4791 propter
950 4727 1060 4771 rerum
1088 4707 1284 4773 traditarum
1306 4712 1505 4794 gravitatem
1527 4706 1605 4771 fides

318 4802 497 4888 scripturae
512 4803 824 4891 circumspiceretur,
847 4805 976 4890 integra
990 4805 1147 4871 librorum
1163 4807 1384 4895 discrepantia
1397 4809 1603 4874 indicaretur.
1711 4853 1712 4866 .
