3525 5600
323 426 386 492 406
931 429 1002 494 ARS

323 640 412 683 mum
434 623 637 704 sequeretur,
666 638 731 681 non
752 613 1009 680 emendatiorem
1035 615 1172 701 librum,
1201 615 1258 682 sed
1284 613 1390 701 magis
1418 614 1517 681 etiam
1542 636 1605 681 cor·

322 731 470 807 ruptum,
499 741 597 806 quam
625 727 722 783 antea
748 717 930 798 ferebatur,
958 718 1116 784 exhibuit.
1160 722 1223 802 ego‘
1243 740 1442 806 quamquam
1462 717 1603 807 pluribus

220 843 225 852 ·
322 819 491 886 codicibus
519 821 603 885 inter
629 843 664 885 se
692 817 818 886 collatis
848 820 1043 906 scripturam
1072 817 1171 884 valde
1198 819 1385 908 discrepare
1415 842 1476 884 nec
1507 818 1603 884 solitis

321 933 449 988 tantum
475 923 684 989 librariorum
711 921 893 1006 erroribue,
924 921 982 986 sed
1005 921 1104 987 etiam
1126 922 1245 987 studiis
1266 923 1484 1011 posteriorum
1505 944 1604 1006 gram·

320 1025 526 1107 maticorum,
550 1025 605 1111 qui
627 1023 801 1109 diligenter
822 1023 907 1088 hunc
929 1023 1050 1088 librum
1071 1032 1312 1107 tractaverunt,
1335 1046 1432 1110 saepe
1454 1035 1603 1089 mutatam

320 1125 488 1210 intellexi,
511 1139 621 1192 tamen
641 1137 775 1214 propter
795 1126 965 1192 levitatem
986 1148 1096 1190 rerum
1116 1127 1284 1213 inquibus
1307 1126 1448 1213 scriptor
1462 1137 1603 1192 versatur

321 1230 361 1295 de
382 1235 448 1295 1111
469 1229 660 1295 diversitate
680 1251 799 1314 magno
817 1249 916 1316 opere
931 1227 1153 1315 quaerendum
1173 1250 1238 1292 non
1261 1229 1465 1312 existimavi,
1487 1227 1546 1292 scd
1564 1229 1602 1292 ad

320 1333 417 1396 unius
441 1331 555 1418 optimi
582 1331 702 1396 codicis
725 1329 968 1410 fidemnovam
994 1332 1216 1395 recensionem
1238 1331 1371 1416 exigere
1393 1331 1497 1396 satius
1519 1329 1600 1394 duxi.

320 1434 430 1520 itaque
457 1433 705 1499 fundamentum
732 1431 886 1499 editionis
914 1455 985 1498 esse
1012 1432 1107 1498 volui
1135 1433 1281 1498 codicem
1314 1433 1500 1497 Parisinum
1527 1432 1601 1496 7530

322 1537 387 1619 (P),
411 1539 503 1601 11111
527 1537 689 1623 scriptura
710 1537 757 1601 ita
772 1535 918 1602 exhibita
939 1545 1005 1616 cst,
1027 1547 1065 1600 ut
1083 1535 1147 1600 nisi
1168 1535 1313 1600 indicata
1327 1535 1545 1620 discrepantia
1563 1532 1599 1598 ab

321 1660 359 1703 ea
380 1661 446 1703 non
467 1637 675 1703 recederetur
697 1649 729 1702 et
750 1648 880 1725 praeter
902 1636 1116 1724 paucissimas
1132 1635 1264 1723 quidem
1286 1650 1320 1703 11
1341 1637 1522 1702 levissimas
1542 1658 1600 1716 res,

320 1763 401 1827 quas
424 1742 458 1804 in
479 1740 542 1806 hoc
564 1761 684 1826 genere
699 1741 893 1826 scriptorum
909 1740 1084 1804 memoriae
1099 1738 1237 1825 prodere
1252 1737 1333 1804 nihil
1347 1741 1494 1820 interest,
1516 1736 1600 1824 quid·

321 1844 400 1930 quid
426 1841 521 1908 aliter
549 1853 647 1928 atquc
669 1839 793 1908 editum
815 1852 866 1906 est
887 1843 923 1905 in
944 1843 1164 1928 eoscriptum
1186 1852 1284 1923 11111,
1306 1841 1456 1907 subiecta
1477 1838 1601 1904 adnota-

320 1947 407 2011 tione
431 1944 675 2030 significaretur.
721 1943 764 2010 ad
790 1942 985 2028 corrigenda
1011 1952 1120 2008 autem
1141 1945 1283 2009 Parisini
1306 1944 1428 2008 codicis
1450 1944 1532 2010 vitia
1550 1941 1602 2005 ad·

319 2047 412 2113 hibui
433 2047 677 2132 Frisingensem
698 2046 844 2111 codicem
867 2045 942 2131 (F),
978 2068 1084 2132 neque
1112 2057 1223 2112 tamen
1244 2049 1408 2132 integram
1429 2047 1600 2131 scripturae

325 2149 593 2237 discrepantiam,
623 2150 706 2214 sicut
733 2149 768 2212 in
795 2147 851 2213 illo
880 2147 1091 2230 factumest,
1120 2148 1282 2231 indicavi,
1306 2148 1366 2212 sed
1387 2146 1504 2228 multa,
1525 2168 1602 2233 quac

318 2249 439 2316 nullius
462 2250 618 2318 momenti
640 2273 712 2315 esse
734 2251 807 2316 visa
830 2259 922 2332 sunt,
950 2249 1056 2313 omisi.
1099 2249 1134 2313 in
1156 2273 1220 2336 quo
1242 2249 1305 2315 hoc
1327 2251 1405 2315 sciri
1425 2249 1517 2331 volo,
1537 2248 1602 2312 ubi-

318 2375 456 2440 cumque
477 2376 517 2417 ea
538 2376 620 2440 quae
644 2352 732 2417 edita
754 2363 830 2418 sunt
852 2373 872 2416 a
894 2351 1043 2416 Parisino
1066 2349 1178 2417 codice
1201 2351 1415 2434 dissentiunt,
1438 2351 1602 2437 1111111-

318 2454 462 2544 dicatum
485 2466 543 2538 cst,
567 2454 645 2542 quid
667 2454 701 2518 in
722 2453 928 2539 Frisingensi
950 2455 1061 2518 codicc
1084 2455 1243 2541 scriptum
1266 2456 1320 2537 sit,
1343 2456 1429 2519 hune
1451 2475 1525 2518 cum
1543 2449 1602 2514 illis

318 2581 400 2644 quae
433 2560 469 2623 in
503 2557 749 2624 continuitatem
776 2555 953 2622 verborum
985 2567 1118 2643 recepta
1148 2570 1226 2625 1111
1259 2561 1444 2622 consentire
1476 2555 1602 2640 eiusque

317 2661 502 2726 testimonio
526 2661 711 2726 confirmari
733 2682 815 2746 quae
836 2661 871 2724 in
892 2657 958 2723 illis
981 2657 1059 2723 locis
1083 2670 1198 2725 contra
1219 2661 1450 2725 auctoritatem
1469 2656 1604 2722 Parisini

317 2763 438 2829 codicis
459 2764 599 2851 probata
621 2773 706 2829 sunt.
750 2772 920 2849 praeterea
945 2763 981 2826 in
1008 2786 1075 2828 non
1100 2761 1199 2827 nullis
1227 2762 1322 2845 locis,
1350 2761 1385 2826 in
1412 2761 1530 2850 quibus
1553 2757 1603 2824 rel
1720 2778 1722 2854 ζ

317 2868 464 2955 corrupti
486 2878 578 2933 erant
601 2866 740 2946 codices,
763 2862 815 2931 vel
833 2887 899 2929 non
924 2864 1040 2930 inutile
1062 2876 1133 2931 erat
1159 2866 1260 2949 scire,
1285 2864 1364 2952 quid
1385 2864 1464 2929 olim
1486 2862 1603 2928 editum

317 2980 420 3052 eseet,
444 2968 638 3056 scripturam
660 2968 816 3055 principis
832 2966 985 3032 editionis
1001 2967 1059 3053 (ς),
1082 2992 1157 3033 cum
1172 2967 1377 3053 Frisingcnsi
1393 2966 1507 3031 codice
1521 2963 1604 3030 illam
1720 2975 1722 3048 ξ

317 3070 448 3158 quidem
470 3070 660 3158 plerumque
683 3070 954 3152 consentientem,
977 3069 1133 3135 indicavi.
1178 3092 1285 3157 pauca
1312 3070 1411 3135 etiam
1433 3092 1476 3134 cx
1497 3066 1603 3133 codice
1720 3099 1721 3160 3

315 3172 620 3239 Wolfenbuttelano
643 3171 841 3259 antiquiore,
871 3194 967 3259 quem
993 3172 1028 3235 in
1056 3173 1186 3237 schedis
1209 3172 1427 3237 Lindemanni
1455 3169 1604 3237 collatum
1720 3191 1722 3270 ζ

315 3274 433 3358 habui,
457 3274 636 3362 adscripsi,
652 3280 724 3340 non
746 3276 840 3361 quasi
855 3272 937 3339 hacc
952 3272 1094 3362 aliquam
1109 3275 1338 3340 auctoritatem
1359 3274 1527 3355 haberent,
1548 3270 1604 3337 sed
1720 3283 1721 3310 ¹

315 3379 391 3463 quia
417 3400 476 3464 pro
505 3378 700 3444 coniecturis
727 3376 944 3441 recentiorum
965 3376 1252 3463 grammaticorum
1272 3376 1425 3442 habenda
1447 3385 1531 3458 sunt,
1554 3372 1605 3441 vel
1720 3450 1722 3453 y

316 3490 402 3545 certe
424 3480 502 3567 quia
522 3478 742 3544 Lindemanni
763 3476 907 3545 editione
928 3490 1113 3566 propagata
1141 3490 1245 3545 arant.
1289 3479 1412 3546 omissa
1438 3488 1548 3544 autem
1572 3478 1605 3541 in

315 3579 377 3647 hoc
397 3580 482 3648 libro
505 3592 555 3648 est
578 3604 617 3647 ea
638 3604 714 3669 pars
731 3604 813 3669 quae
836 3592 886 3646 est
908 3580 948 3646 de
970 3582 1098 3667 graecis
1115 3582 1311 3648 nominibus.
1336 3580 1480 3668 reliquos
1495 3580 1605 3662 libros,

315 3706 453 3769 quorum
475 3684 555 3749 mihi
577 3686 672 3771 copia
693 3685 782 3750 facta
804 3694 888 3767 erat,
916 3682 1062 3769 neglexi,
1085 3706 1125 3749 ne
1147 3684 1256 3749 inutili
1277 3684 1445 3750 variarum
1471 3682 1605 3770 scriptu-

315 3808 422 3850 rarum
445 3784 529 3851 mole
551 3785 634 3852 liber
657 3795 857 3852 oneraretur.
887 3808 993 3873 neque
1014 3788 1137 3852 maiore
1152 3808 1230 3852 cura
1244 3806 1343 3874 quam
1363 3808 1464 3851 manu
1485 3786 1607 3873 scripta

313 3888 416 3975 ipsius
439 3888 516 3954 libri
531 3886 738 3975 'exemplaria
766 3888 884 3973 dignus
907 3899 957 3954 est
979 3890 1229 3954 commentarius
1255 3890 1290 3952 in
1312 3888 1456 3954 Phocam
1477 3886 1606 3975 amplis·
1720 3925 1721 3934 1

313 3992 432 4073 simus,
455 3990 511 4079 qui
534 3992 675 4078 scriptus
699 3992 804 4055 estin
826 3990 938 4057 codice
964 3990 1155 4058 Monacensi
1180 3991 1301 4073 19454,
1325 3992 1402 4057 olim
1424 3990 1604 4076 Tegemse·
1720 4027 1721 4030 =

314 4093 384 4159 ensi
408 4094 508 4177 1454,
537 4092 666 4165 saeculo
689 4092 860 4159 undecimo
883 4092 937 4160 rel
965 4092 1156 4161 duodecimo
1178 4117 1211 4182 p.
1236 4094 1314 4177 145,
1338 4100 1445 4175 incepit
1465 4099 1555 4173 alosa
1576 4098 1606 4155 r'n

314 4200 438 4262 Focain.
469 4202 529 4261 Ars
544 4202 657 4263 dicitur
679 4200 717 4261 ab
739 4202 816 4261 artis
832 4203 1024 4279 praeceptat,
1049 4204 1082 4261 r'a
1102 4210 1146 4263 ert
1167 4204 1314 4263 asstrictis
1335 4203 1459 4279 reculis,
1475 4218 1513 4262 eo
1528 4202 1609 4277 qaod

314 4308 414 4365 omnia
441 4304 668 4379 conprehendit.
714 4320 766 4363 ars
792 4305 882 4363 etiam
910 4311 953 4364 ert
980 4306 1177 4380 concrepatio
1204 4306 1253 4365 ael
1273 4308 1432 4381 perceptio
1454 4320 1561 4363 rerwn
1581 4309 1609 4361 et
1720 4343 1721 4350 1

314 4406 428 4467 dicitur
450 4424 511 4483 apo
533 4413 565 4467 ta
587 4414 704 4483 arctes,
733 4406 766 4465 ia
787 4414 830 4465 est
851 4422 871 4464 a
893 4408 1015 4467 uirtute.
1060 4410 1115 4467 iste
1137 4409 1236 4469 Foras
1264 4410 1295 4467 in
1317 4408 1446 4468 exordio
1467 4407 1545 4467 libri
1563 4407 1610 4467 sai

311 4526 389 4584 prae
412 4508 567 4582 facundia
594 4510 728 4583 clepiaco
755 4511 891 4569 carmine
916 4511 1084 4585 composuit
1109 4504 1286 4593 -1236
1314 4510 1604 4579 11111111111111,

314 4611 346 4671 id
373 4619 416 4673 est
443 4613 631 4687 recordaris,
662 4610 856 4671 inchoatione
878 4610 1002 4684 [111111
1027 4614 1123 4672 acrba
1146 4616 1187 4673 .1.
1211 4615 1242 4672 in
1264 4614 1437 4689 praeterito
1464 4614 1604 4685 destrae,
1720 4613 1721 4618 ’

314 4716 387 4789 qaia
415 4716 590 4776 inchoatiao
618 4731 678 4775 non
701 4720 802 4790 potest
829 4714 942 4775 11111111
967 4718 1175 4791 praeteritum.
1220 4712 1367 4775 continet
1394 4720 1507 4775 autem
1528 4708 1607 4773 haec
1720 4703 1721 4706 '

314 4810 423 4895 glossa
444 4813 621 4877 maximam
641 4812 718 4878 libri
739 4822 866 4899 partem
888 4810 997 4878 multis
1021 4824 1054 4877 11
1069 4812 1245 4878 verborum
1266 4821 1300 4877 et
1320 4826 1428 4877 rerum
1447 4812 1607 4897 interpre-

313 4912 493 4981 tationibus
520 4926 553 4980 et
584 4914 705 5001 ineptis
738 4918 928 4981 commentis
960 4916 1104 4981 maxime
1137 4914 1178 4979 de
1210 4916 1335 4999 origine
1368 4913 1607 4982 vocabulorum
1720 4957 1721 4966 ¹
