3525 5600
636 399 872 466 comitavit
1341 397 1404 464 259

1218 508 1343 562 pact-or
1356 507 1378 548 L.

131 595 154 646 et
171 587 362 666 participium.
405 585 458 648 aed
487 604 596 650 nomen
624 589 696 657 erit,
719 589 744 648 si
767 589 798 649 in
821 591 831 650 i
854 589 976 658 exierit:
1005 588 1064 649 erit
1084 595 1183 648 autem
1204 588 1403 667 participium.

130 689 151 748 si
167 689 194 748 in
213 705 229 747 e
250 688 364 748 exierit
409 705 480 768 ergo
508 690 626 770 mando
659 688 713 752 tibi
740 691 919 770 proponitur
946 689 1012 752 talis
1038 707 1109 770 pars
1136 691 1294 764 orationis,
1328 706 1405 767 quae

129 790 355 868 significationem
378 789 467 852 habet
490 799 520 852 et
542 793 672 854 nominis
693 799 723 852 et
744 793 908 872 participii,
938 799 1041 854 mutus
1062 790 1156 853 debes
1177 809 1242 854 essa
1264 791 1303 852 dc
1324 789 1405 852 abla-

130 895 191 962 tivo,
212 899 242 954 ut
262 893 288 953 si
310 894 342 953 in
364 895 374 952 i
402 894 508 954 exierit
535 891 694 964 ablativus,
723 895 766 956 sic
793 894 887 956 utaris
914 895 999 971 quasi
1026 895 1164 963 nomine;
1193 895 1219 954 si
1242 912 1313 955 vero
1334 895 1405 953 ine

111 996 210 1056 tmittat
234 993 408 1063 ablativum,
436 995 478 1056 sic
506 997 598 1058 utaris
625 997 708 1075 quasi
735 996 900 1076 participio.
945 1014 1014 1058 nam
1036 997 1134 1058 omnia
1156 997 1312 1076 participia
1334 997 1406 1058 ine

108 1099 232 1164 ,mittunt
253 1094 426 1166 ablatirnm;
449 1099 569 1159 nomina
591 1116 676 1170 vcro,
701 1107 734 1161 ut
748 1098 862 1179 possint
877 1097 1021 1167 discerni,
1043 1099 1054 1158 i
1077 1099 1283 1160 terminantur.
1310 1096 1406 1158 sicubi

129 1206 210 1260 anum
235 1199 385 1260 inveneris
412 1201 599 1280 participium
626 1201 636 1260 i
666 1202 871 1272 terminatum,
903 1200 974 1262 lecit
1000 1200 1161 1262 necessitas
1187 1199 1290 1268 metri;
1319 1197 1405 1260 alitor

129 1319 177 1362 non
196 1307 249 1362 cst.

198 1403 341 1464 tootdmn
361 1411 507 1484 tempora.
543 1413 676 1486 tempora
698 1405 730 1465 in
752 1406 917 1485 participiis
937 1407 995 1466 tria
1017 1415 1101 1474 sunt,
1124 1422 1269 1485 praesens
1289 1411 1405 1484 praete·
1417 1419 1508 1481 41⁷,a

104 1517 121 1556 1⁰
132 1507 205 1566 ritum
232 1515 261 1566 ct
287 1505 432 1568 tutorum.
477 1505 530 1568 sed
557 1525 701 1587 praesens
729 1505 854 1588 simplex
883 1516 945 1576 cst,
979 1509 1173 1588 praeteritum
1198 1504 1322 1587 simplex
1352 1514 1405 1573 est,
1420 1487 1524 1542 ΜΨ

131 1609 245 1668 loturum
267 1605 376 1687 duplex
399 1615 452 1670 est.
497 1611 538 1670 lta
566 1610 599 1672 dt
626 1617 659 1670 ut
685 1617 820 1690 tempora
843 1609 963 1690 quidem
985 1611 1041 1670 tria
1068 1609 1142 1680 sint,
1164 1605 1285 1686 regulae
1307 1615 1406 1668 autem

130 1717 250 1790 quattuor
271 1711 339 1770 sint.
371 1727 440 1771 nam
463 1729 605 1790 praesens
627 1712 816 1792 participium
840 1730 930 1773 unam
945 1710 1036 1772 habet
1049 1710 1183 1790 regulam
1198 1711 1229 1772 in
1243 1728 1288 1780 ns,
1304 1708 1407 1790 legens

130 1809 248 1874 emens
275 1819 411 1881 cantans;
442 1817 635 1892 praeteritum
668 1816 859 1896 participium
890 1832 978 1875 unam
1006 1813 1111 1884 habet,
1143 1813 1174 1874 id
1201 1819 1248 1874 est
1274 1809 1407 1890 singulas

130 1913 231 1993 regulas
257 1913 348 1975 habet
374 1933 429 1994 per
455 1914 579 1996 sinlgula
606 1934 732 1996 genera,
761 1918 856 1978 lectus
882 1917 1026 1995 scriptus:
1056 1914 1189 1978 luturum
1216 1913 1404 1994 participium

102 2024 171 2078 caut
188 2018 217 2077 in
236 2035 289 2077 rus
315 2017 377 2077 exit
404 2026 456 2078 aut
482 2019 513 2079 in
542 2017 598 2080 dus
627 2018 762 2080 similiter
789 2037 844 2098 par
877 2019 935 2079 tria
966 2034 1092 2098 genera,
1128 2015 1260 2078 lecturus
1290 2014 1406 2077 iectura
1471 2017 1476 2028 ’

129 2119 271 2191 lactumm,
295 2117 440 2198 legendus
463 2117 587 2202 legenda
608 2119 776 2200 legendum.

199 2219 310 2282 decidit
337 2223 426 2282 etiam
453 2223 629 2302 significatio
658 2223 831 2304 participiis.
876 2223 1106 2302 significationes
1136 2221 1363 2301 participiorum
1391 2238 1479 2296 asu,
1494 2239 1524 2289 19

128 2323 270 2384 verborum
293 2322 454 2402 generibus
476 2332 643 2388 sumuntur.
679 2343 790 2405 genera
813 2324 975 2387 verborum
995 2323 1122 2403 legimus
1145 2326 1291 2404 quinque,
1314 2323 1407 2384 activa

129 2425 229 2505 passiva
261 2433 369 2486 neutra
403 2429 572 2488 communia
607 2425 796 2508 deponentia.
841 2445 914 2506 ergo
942 2426 980 2488 ab
1006 2427 1103 2488 activo
1128 2425 1221 2487 verbo
1248 2423 1308 2486 duo
1339 2431 1410 2486 sunt

99 2529 280 2608 sparticipia,
310 2544 452 2608 praesens
480 2535 509 2588 ct
536 2529 684 2600 laturum,
712 2529 847 2590 scribens
868 2529 1048 2608 scripturus,
1076 2527 1189 2590 docens
1210 2526 1367 2596 docturus;
1391 2545 1407 2588 a

127 2631 229 2708 passivo
254 2629 314 2690 duo
342 2637 413 2692 sunt
434 2631 606 2712 participia,
635 2631 827 2712 praeteritum
849 2636 879 2690 et
901 2630 1048 2702 loturum,
1071 2633 1201 2712 scriptus
1222 2628 1406 2692 scribendus.

128 2749 213 2813 noque
233 2730 330 2793 Latini
355 2740 482 2814 possunt
507 2732 620 2796 habere
641 2735 673 2796 in
694 2733 813 2815 passivo
835 2750 980 2813 praesens
1001 2751 1100 2814 neque
1120 2735 1152 2794 in
1174 2734 1270 2794 activo
1291 2739 1408 2812 praetc-

126 2836 218 2905 ritum;
246 2835 354 2897 Graeci
381 2835 505 2907 hahent,
534 2846 563 2899 ct
590 2837 702 2899 idcirco
724 2838 913 2919 praemonui,
943 2854 981 2898 ne
1009 2837 1095 2917 quasi
1117 2836 1236 2898 trahant
1256 2843 1286 2897 tc
1308 2833 1408 2896 elocu-

126 2938 209 2998 tiones
229 2954 368 3015 graecae,
393 2947 423 3000 et
444 2938 516 2999 velis
538 2938 623 3001 aliter
645 2958 767 3021 ponere.
798 2958 867 3001 nam
881 2940 1070 3019 participium
1092 2938 1247 3019 praeteriti
1268 2938 1410 3017 temporis

97 3037 157 3099 aab
176 3038 268 3100 activo
289 3038 386 3101 Latini
408 3058 468 3102 non
491 3038 616 3113 habent;
639 3043 711 3103 item
732 3042 922 3122 participium
950 3042 1116 3121 praesentis
1136 3040 1281 3120 temporis
1302 3057 1321 3099 a
1341 3058 1407 3119 pas·

125 3140 177 3200 sivo
198 3139 293 3201 Latini
321 3160 381 3203 nou
411 3141 535 3212 habent;
564 3142 616 3205 sed
645 3144 702 3205 duo
731 3142 845 3205 hahent
870 3143 909 3204 ab
931 3143 1026 3205 activo
1055 3152 1086 3204 et
1106 3142 1165 3203 dun
1186 3161 1203 3203 a
1225 3142 1356 3222 passivo,
1378 3140 1409 3201 id

125 3250 165 3301 est
183 3242 219 3304 ab
241 3245 338 3305 activo
365 3260 509 3324 praesens
531 3252 561 3305 et
582 3246 730 3315 luturum,
760 3264 777 3305 a
800 3246 916 3325 passivo
938 3244 1131 3325 praeteritum
1154 3250 1185 3305 et
1204 3244 1346 3305 laturum.
1392 3258 1479 3309 acm,
1493 3257 1524 3305 12

125 3352 219 3423 nemra
247 3344 308 3407 duo
334 3347 457 3409 veniunt
483 3348 652 3428 participia,
681 3366 715 3408 aa
743 3364 820 3425 quae
842 3346 879 3407 ab
908 3348 1019 3417 activo,
1047 3364 1191 3427 praesens
1213 3352 1244 3407 et
1263 3346 1408 3408 iuturum.

125 3453 149 3505 ct
167 3448 250 3509 iuste.
296 3467 365 3510 nam
386 3450 526 3529 quoniam
548 3452 592 3511 sic
614 3449 779 3512 declinatur
801 3447 936 3510 neumate
956 3447 1092 3516 verbum,
1116 3466 1204 3528 quem
1227 3446 1264 3509 ad
1287 3447 1408 3509 modum

96 3549 240 3609 sectivum
275 3548 440 3613 declinatur
474 3551 612 3623 verbum,
646 3568 770 3613 neccsse
797 3550 901 3612 habuit
931 3570 965 3613 ea
994 3548 1107 3611 trahere
1133 3549 1304 3631 participia,
1334 3566 1409 3627 quae

124 3647 203 3711 habet
224 3652 313 3712 etiam
336 3654 475 3714 aeduum.
508 3654 671 3716 secundum
695 3654 775 3715 enim
797 3652 1025 3715 declinationem
1048 3653 1224 3714 ordinantur
1245 3652 1411 3732 participia.

124 3768 185 3831 crgo
206 3754 232 3815 si
254 3755 300 3815 sic
322 3753 449 3815 dicimus
472 3762 554 3825 nato,
584 3774 671 3836 quem
694 3756 731 3817 ad
754 3756 874 3818 modum
898 3755 1025 3817 dicimus
1053 3753 1120 3833 lego
1142 3754 1195 3831 (sic
1217 3755 1298 3815 enim
1319 3750 1410 3814 decli-

123 3855 225 3933 natur),
249 3858 354 3936 utique
374 3858 439 3937 ipsa
462 3856 573 3919 debent
595 3874 660 3919 esse
681 3856 882 3939 participia„l
906 3876 984 3940 quae
997 3864 1068 3918 sunt
1080 3858 1112 3917 in
1134 3856 1308 3926 hieracitis,
1330 3854 1410 3917 unde

123 3959 200 4019 traxit
220 3956 458 4021 similitudinem.
502 3976 573 4037 crgo
596 3958 654 4019 duo
677 3968 748 4021 sunt
768 3960 923 4040 participia
945 3981 962 4022 a
983 3957 1112 4033 neutrali
1133 3955 1235 4019 verbo.
1279 3975 1296 4017 a
1318 3956 1409 4037 depo·

96 4061 274 4121 coenante
299 4066 370 4123 sunt
391 4062 561 4141 participia,
583 4079 727 4141 praesens
748 4062 943 4141 praeteritum
958 4060 1134 4122 citaturum
1156 4060 1188 4119 in
1210 4076 1263 4119 rus
1283 4067 1408 4122 tantum.

124 4178 182 4221 nam
201 4160 272 4223 idco
295 4160 456 4223 voluerunt
477 4161 536 4223 dici
557 4162 712 4244 deponens
733 4164 871 4233 verbum,
895 4182 932 4224 en
954 4162 1032 4243 quod
1055 4161 1184 4241 deponat
1204 4180 1295 4223 unum
1317 4162 1409 4242 parti·

123 4264 235 4342 cipium,
259 4264 343 4344 quod
367 4265 397 4324 in
420 4262 477 4324 dus
500 4266 568 4326 exit.
599 4284 666 4328 nam
690 4265 764 4327 laiso
786 4264 903 4334 dicunt,
926 4262 1019 4325 habes
1040 4264 1151 4325 hocin
1172 4262 1281 4334 Probo
1303 4262 1409 4325 laisum

123 4373 172 4435 est,
194 4365 280 4437 dicit,
316 4365 395 4447 quod
424 4364 528 4427 dicunt
554 4366 678 4429 verbum
702 4367 856 4447 deponens
878 4385 944 4427 csse
966 4365 1003 4428 alr
1026 4384 1076 4437 eo,
1098 4364 1178 4445 quod
1200 4383 1261 4427 non
1282 4364 1412 4447 deponat

123 4464 291 4539 ritteram,
317 4470 403 4547 quasi
424 4476 488 4530 cata
510 4468 704 4549 antiphrasin,
728 4487 788 4547 quo
809 4468 899 4531 modo
920 4468 1046 4529 dicimus
1067 4468 1176 4530 Parcas
1197 4467 1235 4529 al)
1257 4486 1308 4538 eo,
1331 4466 1409 4546 quod

180 4692 196 4741 t
213 4692 286 4755 qnasi
304 4704 321 4741 a
342 4692 444 4741 nomine
462 4692 488 4742 Α
559 4690 591 4741 12
610 4692 635 4741 in
650 4705 697 4742 ens
713 4690 766 4744 Au
779 4706 847 4745 coar.
867 4692 893 4741 in
909 4707 939 4741 ns
952 4692 978 4743 B
1048 4688 1084 4742 32
1104 4705 1166 4757 ergo
1180 4690 1219 4741 sic
1234 4688 1272 4753 (ai
1284 4691 1337 4741 BG
1348 4706 1409 4741 corr

125 4756 347 4825 anteponimus
370 4760 429 4829 lego
452 4760 665 4827 quemadmodum
685 4762 794 4813 dicimus
819 4770 877 4811 neto
895 4763 933 4811 sie
951 4761 1020 4811 enim
1044 4761 1205 4811 declinantur
1224 4760 1307 4811 Ace
1375 4761 1409 4811 37

126 4840 174 4877 nam
188 4828 250 4881 laiso
265 4828 360 4883 ABG
376 4846 434 4881 nam
450 4831 524 4881 aliter
539 4830 603 4881 salso
619 4848 637 4881 c
723 4834 747 4882 in
768 4829 860 4897 Probo]
884 4832 920 4896 cs.
937 4830 1024 4897 praefi
1039 4846 1143 4896 pram
1159 4832 1209 4884 ool.
1230 4833 1265 4881 tv
1281 4846 1309 4895 p.
1325 4830 1410 4881 xxm

169 4898 256 4953 laisum
266 4910 309 4953 est
327 4901 391 4951 dicit
408 4902 475 4965 quod
490 4902 578 4951 dicum
592 4900 676 4953 uua*
695 4902 788 4953 laisum
803 4902 870 4951 euim
886 4902 947 4950 dicit
959 4902 1041 4964 (corr,
1056 4902 1143 4951 dieunt
1160 4901 1191 4965 a)
1203 4902 1272 4965 quand
1285 4901 1372 4951 dieunt
1384 4903 1409 4951 A

1142 4986 1207 5051 lt*
