3525 5600
339 414 401 479 134
448 416 453 422 ’
908 413 1060 476 POMPEll
1715 441 1716 484 p

362 536 384 578 p.
397 525 474 565 82-85
488 522 511 563 L.
1715 485 1716 570 1

337 610 453 665 tentum
481 603 621 673 dicimus,
650 604 787 682 quotiens
815 609 882 682 post
910 602 1001 681 pedes
1029 601 1176 680 legitimos
1199 609 1334 682 superest
1357 597 1482 680 syllaba;
1505 599 1628 660 incisum
1715 575 1716 620 1

338 705 477 776 dicimus,
502 707 638 782 quotiens
659 704 701 765 ibi
722 705 788 765 iinit
809 721 929 775 sensus
954 703 1004 764 ubi
1026 722 1079 785 pes
1101 703 1174 764 linit.

745 875 795 936 DE
816 873 999 936 PARTIBVS
1022 871 1225 935 nunilonis

427 993 530 1055 Partes
564 995 706 1055 orationis
735 1000 806 1055 suut
833 1000 914 1054 octo:
951 993 1028 1074 apud
1064 992 1172 1054 multos
1204 1012 1309 1056 novem
1343 995 1526 1064 invenImus,
1559 995 1630 1074 apud

338 1098 446 1158 multos
474 1097 593 1165 decem,
624 1095 703 1176 apud
731 1095 840 1156 multos
869 1095 1025 1164 undecim;
1054 1097 1222 1156 invenimus
1251 1104 1281 1156 et
1307 1099 1446 1177 quinque.
1492 1096 1567 1157 duas
1588 1097 1655 1156 aliis
1715 1125 1716 1170 p

338 1197 441 1259 dicunt
468 1208 568 1277 partes
596 1216 662 1259 esse
691 1199 850 1266 orationis;
887 1195 937 1258 alii
964 1197 1067 1258 dicunt
1093 1199 1224 1277 quinque
1253 1217 1317 1258 esse
1344 1205 1459 1278 partes,
1489 1197 1539 1258 alii
1561 1207 1632 1266 octo,

338 1299 388 1361 alii
410 1319 532 1370 novem,
564 1298 613 1359 alii
636 1299 755 1370 decem,
788 1297 837 1358 alii
859 1298 1007 1359 undecim.
1046 1307 1146 1359 tamen
1171 1299 1300 1360 Donatus
1323 1301 1364 1360 ait
1385 1309 1462 1360 octo.
1510 1309 1554 1361 est
1575 1304 1634 1378 qui-

219 1403 406 1478 428,11dem
435 1404 572 1462 varietas.
613 1400 699 1460 multi
722 1397 726 1481 1
752 1400 854 1461 dicunt
882 1401 955 1462 duas
983 1419 1048 1462 esse
1076 1407 1177 1482 partes
1205 1403 1362 1471 orationis,
1392 1419 1501 1462 nomen
1525 1411 1555 1462 et
1577 1421 1634 1464 ver-

341 1504 422 1573 bum,
445 1511 478 1564 ut
499 1505 579 1564 inter
600 1501 794 1583 philosophos
817 1504 905 1563 etiam
927 1503 1105 1564 Aristotelici
1128 1502 1243 1572 dicunt;
1268 1501 1354 1564 multi
1375 1503 1477 1564 dicunt
1499 1506 1634 1584 quinque.
1715 1515 1716 1582 l

338 1608 391 1688 qui
412 1605 517 1667 dicunt
537 1607 671 1685 quinque
693 1622 759 1665 esse
781 1612 881 1684 partes
904 1606 1061 1676 orationis,
1092 1623 1258 1687 pronomen
1282 1604 1402 1676 tollunt,
1432 1607 1501 1684 quia
1524 1615 1632 1688 partem
1646 1627 1664 1666 ro

342 1710 471 1770 nominis
493 1705 595 1768 volunt
617 1725 697 1775 csse;
722 1705 895 1767 adverbium
919 1705 1026 1768 tollunt
1048 1716 1077 1768 et
1099 1709 1304 1787 participium,
1328 1708 1395 1786 quia
1419 1715 1536 1787 partem
1559 1709 1635 1769 verbi

339 1828 405 1872 esse
435 1808 543 1871 volunt.
589 1796 746 1869 remanent
777 1825 849 1886 ergo
883 1811 1030 1889 quinque,
1060 1828 1169 1870 nornen
1197 1809 1322 1871 verbum
1354 1811 1538 1891 praepositio
1570 1830 1634 1872 con·

339 1913 451 1974 iunctio
473 1913 651 1973 interiectio.
697 1910 746 1971 alii
769 1910 872 1970 dicunt
895 1929 1000 1972 novem
1023 1929 1104 1981 esse,
1133 1918 1306 1993 separantes
1329 1910 1467 1972 articrdos
1490 1931 1508 1972 a
1531 1930 1634 1991 prono·

261 2069 268 2096 ,
339 2013 479 2076 minibus.
524 2011 574 2073 elii
601 2012 704 2073 decem
733 2012 835 2072 dicunt
863 2031 930 2074 esse
957 2021 1057 2093 partes
1080 2015 1236 2084 orationis,
1265 2019 1439 2093 separantes
1460 2012 1635 2075 articulosa

339 2113 568 2196 pronominibus
591 2122 621 2175 et
641 2114 866 2176 interiectiones
889 2114 926 2175 ab
949 2114 1107 2205 adverbiis.
1140 2117 1217 2176 nosti
1240 2117 1319 2176 enim
1342 2114 1423 2193 quod
1446 2116 1525 2196 apud
1548 2117 1665 2177 Grae-is

341 2237 392 2279 cos
412 2217 550 2279 similiter
572 2217 795 2278 interiectioues
819 2224 848 2276 et
869 2216 1008 2279 adverbia
1032 2217 1112 2278 idem
1134 2225 1214 2278 sunt.
1257 2218 1378 2278 interim
1402 2218 1535 2279 Donatus
1557 2237 1634 2280 secu-

216 2329 387 2394 '428,8tus
416 2328 461 2381 est
488 2326 517 2379 et
545 2319 586 2378 ait
609 2323 695 2378 ‘octo
723 2323 793 2378 sunt
820 2325 920 2396 partes
948 2320 1115 2388 orationis’,
1144 2317 1223 2398 quod
1253 2338 1355 2382 verum
1378 2328 1437 2387 est;
1461 2338 1564 2380 verum
1587 2325 1636 2379 ‘er

340 2420 387 2481 bis
409 2419 485 2481 duae
507 2429 576 2481 sunt
597 2427 698 2499 partes
720 2421 863 2481 orationis
886 2418 1079 2500 principales,
1105 2419 1223 2502 nolmen
1246 2427 1275 2481 et
1296 2420 1448 2495 verbum’.
1480 2429 1510 2481 et
1525 2439 1559 2480 re
1575 2439 1635 2480 vera

341 2542 400 2584 non
429 2530 527 2603 potest
552 2529 630 2582 stare
658 2525 723 2602 ipsa
752 2521 895 2592 elocutio,
924 2524 982 2582 nisi
1012 2530 1041 2582 et
1069 2541 1178 2584 nornen
1201 2521 1309 2584 habeat
1331 2530 1360 2583 et
1383 2521 1519 2583 verbum.
1564 2541 1636 2602 pone

340 2625 437 2686 solum
460 2642 641 2704 pronomen,
664 2643 743 2703 pone
764 2625 967 2704 participium,
998 2625 1253 2693 coniunctionem,
1277 2625 1547 2704 praepositionem,
1579 2623 1666 2684 nolin

340 2744 454 2808 ponere
481 2745 591 2786 nomon
621 2735 651 2786 et
679 2725 818 2795 verbum,
850 2733 879 2785 et
908 2744 966 2786 non
996 2735 1040 2787 est
1067 2726 1155 2807 plena
1178 2725 1314 2787 elocutio.
1360 2745 1432 2806 ergo
1455 2725 1524 2788 ideo
1547 2725 1636 2786 dictae

341 2835 412 2890 sunt
438 2828 619 2908 principales
647 2836 748 2909 partes
777 2829 936 2901 orationis
966 2831 1105 2909 quoniam
1136 2840 1165 2891 et
1194 2830 1275 2909 ipsae
1297 2830 1411 2890 iaciunt
1433 2828 1634 2897 elocutionem,

342 2940 372 2992 et
399 2931 455 2993 alia
484 2929 611 2991 elocutio
639 2932 704 2991 sine
735 2932 809 3011 ipsis
838 2931 919 2993 nulla
948 2939 1001 2991 est.
1048 2950 1118 2992 ecce
1147 2934 1172 2993 si
1201 2930 1281 2991 dicas
1310 2932 1432 2993 ‘Cicero
1455 2936 1550 3000 cras’,
1573 2949 1636 2991 ecce

343 3032 448 3093 Cicero
477 3051 586 3093 nomen
616 3041 674 3103 est,
704 3050 773 3093 cras
802 3031 975 3093 adverbium
1005 3040 1063 3103 est,
1094 3041 1124 3093 et
1150 3052 1219 3093 non.
1240 3039 1285 3093 est
1306 3032 1394 3113 plena
1419 3032 1562 3103 elocutio,
1586 3034 1636 3093 nisi

342 3135 425 3195 dicas
454 3135 579 3197 ‘Cicero
608 3152 674 3194 cras
702 3133 807 3195 iaciet'
837 3142 889 3195 aut
915 3134 1038 3195 ‘dicet’.
1085 3134 1165 3197 vides
1193 3152 1265 3213 ergo
1293 3137 1432 3215 quoniam
1463 3154 1524 3196 non
1547 3142 1666 3215 potestas

343 3245 423 3298 stare
447 3236 592 3304 elocutio,
607 3226 674 3295 'nisi
698 3254 806 3297 nornen
830 3244 859 3297 et
881 3235 1004 3296 verlrnrn
1027 3238 1074 3300 sit.
1111 3243 1180 3314 puta
1204 3242 1289 3316 ‘post
1312 3223 1459 3318 tempus’:
1483 3237 1554 3317 quid
1577 3246 1637 3316 post

343 3340 482 3418 tempus?
505 3346 572 3418 post
593 3339 775 3418 praepositio
799 3346 856 3408 est,
882 3348 999 3418 tempus
1022 3356 1130 3398 nomen
1154 3349 1208 3407 est,
1233 3348 1262 3399 et
1284 3346 1381 3399 tamen
1405 3358 1465 3399 non
1489 3348 1535 3399 est
1555 3338 1635 3420 plena

344 3438 482 3501 elocutio.
527 3440 595 3500 ideo
618 3458 689 3518 ergo
712 3440 766 3501 bas
795 3440 866 3501 duas
889 3426 961 3501 dicit
983 3458 1047 3501 esse
1069 3448 1168 3520 partes
1191 3440 1385 3521 principaleS,
1415 3443 1556 3519 quoniam
1579 3442 1636 3501 sine

343 3544 416 3623 ipsis
444 3540 526 3603 nulla
551 3549 652 3623 potest
677 3550 757 3604 stare
785 3541 928 3614 elocutio,
957 3544 1021 3603 sine
1051 3543 1170 3603 nomine
1199 3553 1228 3604 et
1249 3540 1350 3603 verbo.
1393 3544 1424 3605 in
1446 3551 1562 3605 tantum
1583 3558 1635 3603 non
1715 3566 1716 3619 p

343 3651 441 3725 potest
466 3651 561 3712 stare,
589 3652 622 3705 ut
650 3652 768 3705 ceterae
794 3650 895 3723 partes
924 3644 1068 3705 orationis
1096 3664 1149 3707 sua
1177 3646 1296 3705 nomina
1325 3663 1384 3705 non
1408 3644 1557 3715 babeant,
1584 3644 1666 3705 nisio
1715 3624 1716 3719 1

345 3746 414 3807 binc
436 3744 578 3822 habeant,
602 3745 639 3806 ab
661 3744 721 3806 illis
742 3744 966 3825 principalibus
1014 3744 1082 3806 tolle
1106 3764 1223 3817 nomen,
1248 3756 1278 3807 et
1299 3766 1465 3827 pronomen
1488 3746 1564 3807 nihil
1586 3753 1634 3813 ost,
1715 3728 1716 3765 ³

345 3850 484 3927 quoniam
507 3848 640 3926 iungitur
656 3848 753 3908 oliicio
777 3849 915 3909 nominis.
947 3846 1120 3909 adverbium
1143 3867 1191 3909 res
1214 3856 1259 3909 est
1279 3867 1355 3929 quae
1378 3850 1513 3927 iungitur
1536 3848 1634 3909 verbo:
1715 3862 1716 3873 ³

347 3948 416 4012 tolle
439 3948 577 4019 verbum,
607 3957 638 4009 et
665 3968 724 4009 non
754 3951 812 4010 erit
837 3948 1021 4011 adverbium.
1067 3951 1256 4030 participium
1278 3968 1338 4011 non
1361 3958 1561 4031 potestesse,
1584 3950 1635 4009 nisi

345 4059 462 4133 partem
485 4052 611 4131 accipiat
625 4053 767 4121 nominiS,
791 4060 906 4131 partem
923 4050 1019 4112 verbi:
1043 4049 1115 4111 tolle
1137 4052 1206 4113 istas
1228 4059 1337 4131 partes,
1362 4059 1391 4113 et
1413 4070 1472 4112 non
1496 4054 1553 4113 erit
1573 4068 1635 4131 par·
1715 4050 1716 4055 ’

346 4155 490 4233 tieipium.
534 4153 772 4233 praepositiones
798 4161 1022 4233 praeponuntur
1045 4154 1172 4223 nomini,
1193 4139 1427 4215 'coniunctiones
1449 4154 1540 4215 verba
1562 4149 1633 4233 conl·
1647 4176 1667 4213 n

345 4258 480 4335 irmgnnt.
525 4254 607 4317 vides
630 4272 701 4334 ergo
723 4254 802 4336 quod
825 4255 906 4317 nulla
929 4256 985 4317 alia
1008 4274 1077 4335 pars
1104 4263 1202 4335 potest
1223 4254 1336 4317 habere
1357 4256 1475 4337 plenam
1499 4255 1635 4317 elocutio·

349 4376 615 4384 .———--..——-

415 4427 521 4476 2rr1rc.
541 4441 574 4476 nr
593 4426 758 4477 rosrrunrsC
808 4424 824 4477 3
840 4441 872 4477 οι
892 4442 1017 4478 rnnrraus
1036 4442 1170 4479 onnrrorns
1189 4442 1233 4477 om.
1251 4426 1344 4479 ABG:
1370 4442 1464 4479 rnorem
1485 4440 1635 4477 sxrrinnno

348 4512 461 4549 nonnus
482 4512 584 4547 roraret.
605 4510 790 4549 cusanam..
812 4495 894 4558 (corr.
916 4512 1008 4547 ronrrr
1035 4495 1210 4561 nnnunnrrcr)
1231 4498 1270 4546 A:
1295 4497 1384 4563 incipit
1403 4498 1435 4548 de
1457 4498 1553 4547 maiore
1571 4506 1635 4561 parte

348 4568 470 4617 orationis
487 4564 597 4633 {incipit
614 4568 665 4617 iem
683 4575 790 4618 tractare
807 4567 839 4616 de
856 4566 970 4633 partibus
990 4568 1111 4617 orationis
1130 4568 1191 4618 add.
1212 4584 1229 4616 a
1316 4566 1333 4617 o
1352 4567 1463 4631 quinque
1482 4583 1538 4617 esse
1558 4576 1636 4630 partes

348 4637 527 4701 nequitque
546 4653 604 4689 esse
619 4647 706 4703 partes
722 4637 845 4689 orationis
863 4635 894 4686 a*
915 4638 1029 4700 quinque
1047 4652 1104 4687 esse
1120 4639 1144 4686 Α
1213 4635 1247 4687 16
1270 4636 1336 4686 idem
1355 4636 1394 4688 Ob
1413 4640 1501 4687 eadem
1520 4634 1574 4685 AB

350 4707 382 4759 le
400 4707 450 4756 nisi
469 4716 513 4758 out
532 4723 624 4760 nomeu
639 4706 731 4758 habent
746 4717 789 4756 aut
804 4708 912 4757 uerbum
932 4707 1015 4758 ABG
1071 4708 1104 4759 25
1124 4706 1199 4757 saciet
1217 4714 1260 4755 nrrt
1274 4708 1340 4757 dicet
1356 4705 1430 4757 Bca
1447 4706 1507 4757 lacit
1525 4714 1567 4756 aut
1581 4704 1635 4754 dicit

349 4778 374 4825 A
445 4776 479 4829 26
498 4778 635 4844 quidpost
653 4787 754 4843 tempus
772 4792 819 4830 orn.
838 4777 871 4837 A,
890 4776 985 4827 addo
1055 4776 1088 4829 32
1107 4776 1192 4827 oliicio
1210 4775 1285 4826 BGa
1303 4776 1460 4827 oldciumA
1513 4772 1635 4840 quaead-

349 4846 463 4913 iuugitur
481 4863 499 4898 a
520 4863 584 4912 quae
598 4890 623 4901 ..
644 4848 757 4915 iungitur
774 4848 799 4897 A
888 4845 922 4898 34
940 4856 1039 4913 partem
1058 4847 1166 4913 accipiat
1182 4847 1293 4897 nominis
1310 4856 1410 4914 partem
1426 4847 1495 4897 uerbi
1513 4846 1537 4894 Α
1556 4852 1636 4911 partes

350 4917 459 4981 accipiat
475 4917 576 4983 (capiet
592 4918 613 4969 C
629 4918 752 4984 suscipiet
767 4914 805 4979 B)
825 4916 935 4968 nominis
953 4924 1089 4983 partesque
1107 4917 1178 4967 uerbi
1197 4916 1269 4967 nea
