<?xml version="1.0" encoding="UTF-8"?>
<!DOCTYPE html PUBLIC "-//W3C//DTD XHTML 1.0 Transitional//EN"
    "http://www.w3.org/TR/xhtml1/DTD/xhtml1-transitional.dtd">
<html xmlns="http://www.w3.org/1999/xhtml" xml:lang="en" lang="en">
 <head>
  <title>
</title>
<meta http-equiv="Content-Type" content="text/html;charset=utf-8" />
  <meta name='ocr-system' content='tesseract 3.04.00' />
  <meta name='ocr-capabilities' content='ocr_page ocr_carea ocr_par ocr_line ocrx_word'/>
</head>
<body>
  <div class='ocr_page' id='page_1' title='image "./grammaticilatin03hagagoog_0088.png"; bbox 0 0 3525 5600; ppageno 0'>
   <div class='ocr_carea' id='block_1_1' title="bbox 338 415 1071 581">
    <p class='ocr_par' dir='ltr' id='par_1_1' title="bbox 338 415 1071 581">
     <span class='ocr_line' id='line_1_1' title="bbox 338 415 1071 482; baseline -0.008 0"><span class='ocrx_word' id='word_1_1' title='bbox 338 417 378 482; x_wconf 79' lang='lat'><strong>78</strong></span> <span class='ocrx_word' id='word_1_2' title='bbox 896 415 1071 480; x_wconf 76' lang='lat' dir='ltr'><strong>cunnonn</strong></span> 
     </span>
     <span class='ocr_line' id='line_1_2' title="bbox 362 525 524 581; baseline -0.006 -13"><span class='ocrx_word' id='word_1_3' title='bbox 362 540 384 581; x_wconf 65' lang='lat' dir='ltr'><strong>p</strong></span> <span class='ocrx_word' id='word_1_4' title='bbox 397 526 455 568; x_wconf 80' lang='lat' dir='ltr'><strong>roas.</strong></span> <span class='ocrx_word' id='word_1_5' title='bbox 469 525 524 568; x_wconf 84' lang='lat' dir='ltr'><strong>ser</strong></span> 
     </span>
    </p>
   </div>
   <div class='ocr_carea' id='block_1_2' title="bbox 218 601 1732 3519">
    <p class='ocr_par' dir='ltr' id='par_1_2' title="bbox 218 601 1732 3519">
     <span class='ocr_line' id='line_1_3' title="bbox 336 601 1623 688; baseline -0.005 -21"><span class='ocrx_word' id='word_1_6' title='bbox 336 606 379 668; x_wconf 90' lang='lat' dir='ltr'><strong>les</strong></span> <span class='ocrx_word' id='word_1_7' title='bbox 407 625 462 668; x_wconf 89' lang='lat' dir='ltr'><strong>nec</strong></span> <span class='ocrx_word' id='word_1_8' title='bbox 488 605 613 674; x_wconf 78' lang='lat' dir='ltr'><strong>locales,</strong></span> <span class='ocrx_word' id='word_1_9' title='bbox 643 623 791 667; x_wconf 81' lang='lat' dir='ltr'><strong>exsensu</strong></span> <span class='ocrx_word' id='word_1_10' title='bbox 821 603 1015 682; x_wconf 82' lang='lat' dir='ltr'><strong>colliguntur,</strong></span> <span class='ocrx_word' id='word_1_11' title='bbox 1046 603 1050 688; x_wconf 78' lang='lat' dir='ltr'><strong>l</strong></span> <span class='ocrx_word' id='word_1_12' title='bbox 1082 621 1117 664; x_wconf 89' lang='lat' dir='ltr'><strong>ex</strong></span> <span class='ocrx_word' id='word_1_13' title='bbox 1146 605 1240 683; x_wconf 92' lang='lat' dir='ltr'><strong>spatio</strong></span> <span class='ocrx_word' id='word_1_14' title='bbox 1267 611 1318 664; x_wconf 91' lang='lat' dir='ltr'><strong>aut</strong></span> <span class='ocrx_word' id='word_1_15' title='bbox 1340 621 1375 663; x_wconf 88' lang='lat' dir='ltr'><strong>ex</strong></span> <span class='ocrx_word' id='word_1_16' title='bbox 1397 603 1464 682; x_wconf 93' lang='lat' dir='ltr'><strong>ipso</strong></span> <span class='ocrx_word' id='word_1_17' title='bbox 1486 601 1562 662; x_wconf 90' lang='lat' dir='ltr'><strong>loco.</strong></span> <span class='ocrx_word' id='word_1_18' title='bbox 1589 635 1623 645; x_wconf 86' lang='lat'><em>-</em></span> 
     </span>
     <span class='ocr_line' id='line_1_4' title="bbox 218 705 1624 789; baseline -0.003 -21"><span class='ocrx_word' id='word_1_19' title='bbox 218 708 656 789; x_wconf 82' lang='lat' dir='ltr'><strong>391,11Praepositiones:</strong></span> <span class='ocrx_word' id='word_1_20' title='bbox 686 708 722 768; x_wconf 81' lang='lat' dir='ltr'><strong>acl</strong></span> <span class='ocrx_word' id='word_1_21' title='bbox 750 707 932 788; x_wconf 78' lang='lat' dir='ltr'><strong>praepositio</strong></span> <span class='ocrx_word' id='word_1_22' title='bbox 960 713 1078 767; x_wconf 90' lang='lat' dir='ltr'><strong>acutum</strong></span> <span class='ocrx_word' id='word_1_23' title='bbox 1107 705 1209 775; x_wconf 83' lang='lat' dir='ltr'><strong>habet:</strong></span> <span class='ocrx_word' id='word_1_24' title='bbox 1238 714 1330 766; x_wconf 86' lang='lat' dir='ltr'><strong>mutat</strong></span> <span class='ocrx_word' id='word_1_25' title='bbox 1351 711 1504 766; x_wconf 91' lang='lat' dir='ltr'><strong>accentum</strong></span> <span class='ocrx_word' id='word_1_26' title='bbox 1527 706 1624 765; x_wconf 89' lang='lat' dir='ltr'><strong>iuncta</strong></span> 
     </span>
     <span class='ocr_line' id='line_1_5' title="bbox 337 806 1624 890; baseline -0.007 -19"><span class='ocrx_word' id='word_1_27' title='bbox 337 820 367 871; x_wconf 92' lang='lat' dir='ltr'><strong>et</strong></span> <span class='ocrx_word' id='word_1_28' title='bbox 388 809 571 890; x_wconf 81' lang='lat' dir='ltr'><strong>loquebaris,</strong></span> <span class='ocrx_word' id='word_1_29' title='bbox 593 817 627 870; x_wconf 88' lang='lat' dir='ltr'><strong>ut</strong></span> <span class='ocrx_word' id='word_1_30' title='bbox 649 809 762 889; x_wconf 80' lang='lat' dir='ltr'>adegit,</span> <span class='ocrx_word' id='word_1_31' title='bbox 786 816 817 869; x_wconf 91' lang='lat' dir='ltr'><strong>et</strong></span> <span class='ocrx_word' id='word_1_32' title='bbox 837 809 1000 888; x_wconf 90' lang='lat' dir='ltr'><strong>penultima</strong></span> <span class='ocrx_word' id='word_1_33' title='bbox 1023 806 1112 868; x_wconf 90' lang='lat' dir='ltr'><strong>habet</strong></span> <span class='ocrx_word' id='word_1_34' title='bbox 1134 815 1298 868; x_wconf 91' lang='lat' dir='ltr'><strong>accentum.</strong></span> <span class='ocrx_word' id='word_1_35' title='bbox 1343 825 1427 887; x_wconf 89' lang='lat' dir='ltr'><strong>prae,</strong></span> <span class='ocrx_word' id='word_1_36' title='bbox 1451 807 1624 886; x_wconf 88' lang='lat' dir='ltr'><strong>praevertit:</strong></span> 
     </span>
     <span class='ocr_line' id='line_1_6' title="bbox 336 906 1623 991; baseline -0.005 -18"><span class='ocrx_word' id='word_1_37' title='bbox 336 931 408 991; x_wconf 91' lang='lat' dir='ltr'><strong>prae</strong></span> <span class='ocrx_word' id='word_1_38' title='bbox 430 911 519 973; x_wconf 90' lang='lat' dir='ltr'><strong>hahet</strong></span> <span class='ocrx_word' id='word_1_39' title='bbox 540 911 771 972; x_wconf 85' lang='lat' dir='ltr'><strong>circumflexum.</strong></span> <span class='ocrx_word' id='word_1_40' title='bbox 810 913 849 972; x_wconf 90' lang='lat' dir='ltr'><strong>ita</strong></span> <span class='ocrx_word' id='word_1_41' title='bbox 877 918 907 971; x_wconf 90' lang='lat' dir='ltr'><strong>et</strong></span> <span class='ocrx_word' id='word_1_42' title='bbox 928 930 946 971; x_wconf 94' lang='lat' dir='ltr'><strong>o</strong></span> <span class='ocrx_word' id='word_1_43' title='bbox 969 909 1192 972; x_wconf 83' lang='lat' dir='ltr'><strong>circumflexum</strong></span> <span class='ocrx_word' id='word_1_44' title='bbox 1215 909 1318 978; x_wconf 90' lang='lat' dir='ltr'><strong>habet,</strong></span> <span class='ocrx_word' id='word_1_45' title='bbox 1343 911 1445 970; x_wconf 90' lang='lat' dir='ltr'><strong>omitto</strong></span> <span class='ocrx_word' id='word_1_46' title='bbox 1467 909 1498 968; x_wconf 91' lang='lat' dir='ltr'><strong>in</strong></span> <span class='ocrx_word' id='word_1_47' title='bbox 1521 906 1623 987; x_wconf 78' lang='lat' dir='ltr'><strong>pental-</strong></span> 
     </span>
     <span class='ocr_line' id='line_1_7' title="bbox 336 1010 1648 1092; baseline -0.003 -18"><span class='ocrx_word' id='word_1_48' title='bbox 336 1015 406 1075; x_wconf 88' lang='lat' dir='ltr'><strong>tima</strong></span> <span class='ocrx_word' id='word_1_49' title='bbox 425 1022 574 1082; x_wconf 60' lang='lat' dir='ltr'><strong>›acntnm3</strong></span> <span class='ocrx_word' id='word_1_50' title='bbox 609 1013 750 1074; x_wconf 78' lang='lat' dir='ltr'><strong>Horatius</strong></span> <span class='ocrx_word' id='word_1_51' title='bbox 783 1020 882 1073; x_wconf 91' lang='lat' dir='ltr'><strong>tamen</strong></span> <span class='ocrx_word' id='word_1_52' title='bbox 912 1032 929 1072; x_wconf 92' lang='lat' dir='ltr'><strong>o</strong></span> <span class='ocrx_word' id='word_1_53' title='bbox 957 1010 1076 1074; x_wconf 88' lang='lat' dir='ltr'><strong>brevem</strong></span> <span class='ocrx_word' id='word_1_54' title='bbox 1105 1013 1219 1092; x_wconf 84' lang='lat' dir='ltr'><strong>posuit,</strong></span> <span class='ocrx_word' id='word_1_55' title='bbox 1254 1012 1294 1072; x_wconf 90' lang='lat' dir='ltr'><strong>ait</strong></span> <span class='ocrx_word' id='word_1_56' title='bbox 1322 1015 1464 1072; x_wconf 75' lang='lat' dir='ltr'><strong>‘certus</strong></span> <span class='ocrx_word' id='word_1_57' title='bbox 1497 1010 1648 1070; x_wconf 82' lang='lat' dir='ltr'><strong>omittes</strong></span> 
     </span>
     <span class='ocr_line' id='line_1_8' title="bbox 336 1113 1626 1194; baseline -0.004 -18"><span class='ocrx_word' id='word_1_58' title='bbox 336 1117 461 1177; x_wconf 88' lang='lat' dir='ltr'><strong>tueri’.</strong></span> <span class='ocrx_word' id='word_1_59' title='bbox 507 1115 560 1177; x_wconf 80' lang='lat' dir='ltr'><strong>secl</strong></span> <span class='ocrx_word' id='word_1_60' title='bbox 588 1114 646 1175; x_wconf 92' lang='lat' dir='ltr'><strong>hoc</strong></span> <span class='ocrx_word' id='word_1_61' title='bbox 672 1116 761 1176; x_wconf 89' lang='lat' dir='ltr'><strong>metri</strong></span> <span class='ocrx_word' id='word_1_62' title='bbox 786 1116 880 1193; x_wconf 82' lang='lat' dir='ltr'><strong>gratia</strong></span> <span class='ocrx_word' id='word_1_63' title='bbox 907 1115 1091 1194; x_wconf 83' lang='lat' dir='ltr'><strong>praesumsit.</strong></span> <span class='ocrx_word' id='word_1_64' title='bbox 1121 1147 1171 1182; x_wconf 89' lang='grc'><strong>-,</strong></span> <span class='ocrx_word' id='word_1_65' title='bbox 1189 1113 1396 1174; x_wconf 77' lang='lat' dir='ltr'><strong>Acunotur:</strong></span> <span class='ocrx_word' id='word_1_66' title='bbox 1426 1119 1530 1174; x_wconf 79' lang='lat' dir='ltr'><strong>aoniae</strong></span> <span class='ocrx_word' id='word_1_67' title='bbox 1559 1119 1626 1172; x_wconf 90' lang='lat' dir='ltr'><strong>sunt</strong></span> 
     </span>
     <span class='ocr_line' id='line_1_9' title="bbox 335 1213 1625 1294; baseline -0.005 -16"><span class='ocrx_word' id='word_1_68' title='bbox 335 1236 391 1278; x_wconf 90' lang='lat' dir='ltr'><strong>con</strong></span> <span class='ocrx_word' id='word_1_69' title='bbox 414 1217 444 1277; x_wconf 82' lang='lat' dir='ltr'><strong>cli</strong></span> <span class='ocrx_word' id='word_1_70' title='bbox 466 1217 522 1279; x_wconf 91' lang='lat' dir='ltr'><strong>dis.</strong></span> <span class='ocrx_word' id='word_1_71' title='bbox 569 1219 626 1277; x_wconf 85' lang='lat' dir='ltr'><strong>vim</strong></span> <span class='ocrx_word' id='word_1_72' title='bbox 649 1235 733 1279; x_wconf 84' lang='lat' dir='ltr'><strong>suam</strong></span> <span class='ocrx_word' id='word_1_73' title='bbox 755 1226 854 1278; x_wconf 87' lang='lat' dir='ltr'><strong>antem</strong></span> <span class='ocrx_word' id='word_1_74' title='bbox 876 1223 1093 1276; x_wconf 89' lang='lat' dir='ltr'><strong>commutantes</strong></span> <span class='ocrx_word' id='word_1_75' title='bbox 1115 1225 1183 1276; x_wconf 89' lang='lat' dir='ltr'><strong>sunt</strong></span> <span class='ocrx_word' id='word_1_76' title='bbox 1204 1232 1324 1294; x_wconf 84' lang='lat' dir='ltr'><strong>graves,</strong></span> <span class='ocrx_word' id='word_1_77' title='bbox 1355 1216 1379 1275; x_wconf 94' lang='lat' dir='ltr'><strong>si</strong></span> <span class='ocrx_word' id='word_1_78' title='bbox 1402 1213 1534 1275; x_wconf 88' lang='lat' dir='ltr'><strong>dicamus</strong></span> <span class='ocrx_word' id='word_1_79' title='bbox 1557 1231 1625 1274; x_wconf 90' lang='lat' dir='ltr'><strong>con·</strong></span> 
     </span>
     <span class='ocr_line' id='line_1_10' title="bbox 335 1317 1625 1398; baseline -0.003 -19"><span class='ocrx_word' id='word_1_80' title='bbox 335 1319 425 1380; x_wconf 83' lang='lat' dir='ltr'><strong>duco:</strong></span> <span class='ocrx_word' id='word_1_81' title='bbox 449 1318 488 1379; x_wconf 88' lang='lat' dir='ltr'><strong>dn</strong></span> <span class='ocrx_word' id='word_1_82' title='bbox 511 1321 590 1380; x_wconf 88' lang='lat' dir='ltr'><strong>enim</strong></span> <span class='ocrx_word' id='word_1_83' title='bbox 612 1337 691 1380; x_wconf 90' lang='lat' dir='ltr'><strong>nune</strong></span> <span class='ocrx_word' id='word_1_84' title='bbox 712 1317 896 1398; x_wconf 77' lang='lat' dir='ltr'><strong>producitur.</strong></span> <span class='ocrx_word' id='word_1_85' title='bbox 937 1323 1170 1397; x_wconf 85' lang='lat' dir='ltr'><strong>corrumpuntur</strong></span> <span class='ocrx_word' id='word_1_86' title='bbox 1192 1325 1290 1378; x_wconf 90' lang='lat' dir='ltr'><strong>antem</strong></span> <span class='ocrx_word' id='word_1_87' title='bbox 1311 1318 1368 1386; x_wconf 85' lang='lat' dir='ltr'><strong>ita,</strong></span> <span class='ocrx_word' id='word_1_88' title='bbox 1390 1317 1535 1376; x_wconf 77' lang='lat' dir='ltr'><strong>confimo:</strong></span> <span class='ocrx_word' id='word_1_89' title='bbox 1561 1333 1625 1376; x_wconf 92' lang='lat' dir='ltr'><strong>cor·</strong></span> 
     </span>
     <span class='ocr_line' id='line_1_11' title="bbox 336 1416 1625 1506; baseline -0.005 -24"><span class='ocrx_word' id='word_1_90' title='bbox 336 1424 415 1502; x_wconf 91' lang='lat' dir='ltr'><strong>rupit</strong></span> <span class='ocrx_word' id='word_1_91' title='bbox 437 1420 578 1490; x_wconf 86' lang='lat' dir='ltr'><strong>verbum;</strong></span> <span class='ocrx_word' id='word_1_92' title='bbox 603 1439 670 1482; x_wconf 90' lang='lat' dir='ltr'><strong>nam</strong></span> <span class='ocrx_word' id='word_1_93' title='bbox 694 1428 758 1481; x_wconf 90' lang='lat' dir='ltr'><strong>erat</strong></span> <span class='ocrx_word' id='word_1_94' title='bbox 780 1421 928 1498; x_wconf 85' lang='lat' dir='ltr'><strong>integrum</strong></span> <span class='ocrx_word' id='word_1_95' title='bbox 951 1419 1027 1479; x_wconf 89' lang='lat' dir='ltr'><strong>lacio</strong></span> <span class='ocrx_word' id='word_1_96' title='bbox 1052 1417 1176 1498; x_wconf 85' lang='lat' dir='ltr'><strong>[suilero</strong></span> <span class='ocrx_word' id='word_1_97' title='bbox 1198 1419 1328 1498; x_wconf 82' lang='lat' dir='ltr'><strong>suscipio</strong></span> <span class='ocrx_word' id='word_1_98' title='bbox 1350 1416 1516 1506; x_wconf 86' lang='lat' dir='ltr'><strong>subcapio].</strong></span> <span class='ocrx_word' id='word_1_99' title='bbox 1556 1435 1625 1478; x_wconf 86' lang='lat' dir='ltr'><strong>sane</strong></span> 
     </span>
     <span class='ocr_line' id='line_1_12' title="bbox 248 1517 1660 1603; baseline -0.006 -20"><span class='ocrx_word' id='word_1_100' title='bbox 248 1597 251 1603; x_wconf 23' lang='grc' dir='ltr'><strong><em>Ι</em></strong></span> <span class='ocrx_word' id='word_1_101' title='bbox 334 1523 414 1584; x_wconf 82' lang='lat' dir='ltr'><strong>iuxta</strong></span> <span class='ocrx_word' id='word_1_102' title='bbox 442 1523 681 1603; x_wconf 80' lang='lat' dir='ltr'><strong>orthographiam</strong></span> <span class='ocrx_word' id='word_1_103' title='bbox 709 1523 801 1583; x_wconf 88' lang='lat' dir='ltr'><strong>allero</strong></span> <span class='ocrx_word' id='word_1_104' title='bbox 829 1521 984 1596; x_wconf 82' lang='lat' dir='ltr'><strong>scribitur,</strong></span> <span class='ocrx_word' id='word_1_105' title='bbox 1016 1539 1074 1581; x_wconf 93' lang='lat' dir='ltr'><strong>non</strong></span> <span class='ocrx_word' id='word_1_106' title='bbox 1097 1521 1208 1582; x_wconf 85' lang='lat' dir='ltr'><strong>adiero.</strong></span> <span class='ocrx_word' id='word_1_107' title='bbox 1253 1539 1320 1580; x_wconf 90' lang='lat' dir='ltr'><strong>nam</strong></span> <span class='ocrx_word' id='word_1_108' title='bbox 1344 1527 1371 1581; x_wconf 86' lang='lat' dir='ltr'><strong>et</strong></span> <span class='ocrx_word' id='word_1_109' title='bbox 1395 1521 1524 1599; x_wconf 87' lang='lat' dir='ltr'><strong>suscipio</strong></span> <span class='ocrx_word' id='word_1_110' title='bbox 1548 1517 1626 1598; x_wconf 82' lang='lat' dir='ltr'><strong>quod</strong></span> <span class='ocrx_word' id='word_1_111' title='bbox 1640 1535 1660 1575; x_wconf 84' lang='grc' dir='ltr'><strong>ιι</strong></span> 
     </span>
     <span class='ocr_line' id='line_1_13' title="bbox 335 1621 1626 1707; baseline -0.005 -21"><span class='ocrx_word' id='word_1_112' title='bbox 335 1624 461 1686; x_wconf 87' lang='lat' dir='ltr'><strong>dicimus</strong></span> <span class='ocrx_word' id='word_1_113' title='bbox 493 1626 642 1703; x_wconf 79' lang='lat' dir='ltr'><strong>integrum</strong></span> <span class='ocrx_word' id='word_1_114' title='bbox 674 1623 770 1707; x_wconf 83' lang='lat' dir='ltr'><strong>eratl</strong></span> <span class='ocrx_word' id='word_1_115' title='bbox 801 1624 953 1703; x_wconf 87' lang='lat' dir='ltr'><strong>subcapio.</strong></span> <span class='ocrx_word' id='word_1_116' title='bbox 990 1657 1024 1666; x_wconf 87' lang='lat'>-</span> <span class='ocrx_word' id='word_1_117' title='bbox 1062 1623 1129 1685; x_wconf 79' lang='lat' dir='ltr'><strong>Atat</strong></span> <span class='ocrx_word' id='word_1_118' title='bbox 1162 1621 1356 1704; x_wconf 89' lang='lat' dir='ltr'><strong>loquellis:</strong></span> <span class='ocrx_word' id='word_1_119' title='bbox 1391 1621 1626 1701; x_wconf 84' lang='lat' dir='ltr'><strong>praepositiones</strong></span> 
     </span>
     <span class='ocr_line' id='line_1_14' title="bbox 335 1722 1627 1807; baseline -0.004 -22"><span class='ocrx_word' id='word_1_120' title='bbox 335 1725 512 1807; x_wconf 91' lang='lat' dir='ltr'><strong>loquellares</strong></span> <span class='ocrx_word' id='word_1_121' title='bbox 540 1733 673 1787; x_wconf 89' lang='lat' dir='ltr'><strong>naturam</strong></span> <span class='ocrx_word' id='word_1_122' title='bbox 702 1728 784 1787; x_wconf 78' lang='lat' dir='ltr'><strong>snam</strong></span> <span class='ocrx_word' id='word_1_123' title='bbox 807 1743 866 1788; x_wconf 91' lang='lat' dir='ltr'><strong>non</strong></span> <span class='ocrx_word' id='word_1_124' title='bbox 890 1732 1021 1794; x_wconf 84' lang='lat' dir='ltr'><strong>servant,</strong></span> <span class='ocrx_word' id='word_1_125' title='bbox 1052 1724 1210 1804; x_wconf 87' lang='lat' dir='ltr'><strong>aliquando</strong></span> <span class='ocrx_word' id='word_1_126' title='bbox 1232 1723 1336 1803; x_wconf 75' lang='lat' dir='ltr'><strong>longao</strong></span> <span class='ocrx_word' id='word_1_127' title='bbox 1359 1731 1443 1792; x_wconf 88' lang='lat' dir='ltr'><strong>snat,</strong></span> <span class='ocrx_word' id='word_1_128' title='bbox 1468 1722 1627 1803; x_wconf 81' lang='lat' dir='ltr'><strong>aliqnando</strong></span> 
     </span>
     <span class='ocr_line' id='line_1_15' title="bbox 292 1825 1626 1909; baseline -0.004 -21"><span class='ocrx_word' id='word_1_129' title='bbox 292 1829 443 1890; x_wconf 77' lang='lat' dir='ltr'><strong>librenee.</strong></span> <span class='ocrx_word' id='word_1_130' title='bbox 467 1861 510 1873; x_wconf 95' lang='lat'><em>-</em></span> <span class='ocrx_word' id='word_1_131' title='bbox 531 1829 681 1907; x_wconf 75' lang='lat' dir='ltr'><strong>Antiqui</strong></span> <span class='ocrx_word' id='word_1_132' title='bbox 703 1829 1027 1909; x_wconf 75' lang='lat' dir='ltr'><strong>praepositiones:</strong></span> <span class='ocrx_word' id='word_1_133' title='bbox 1057 1829 1168 1908; x_wconf 86' lang='lat' dir='ltr'><strong>antiqui</strong></span> <span class='ocrx_word' id='word_1_134' title='bbox 1195 1826 1262 1887; x_wconf 87' lang='lat' dir='ltr'><strong>ideo</strong></span> <span class='ocrx_word' id='word_1_135' title='bbox 1285 1825 1439 1887; x_wconf 88' lang='lat' dir='ltr'><strong>mutabant</strong></span> <span class='ocrx_word' id='word_1_136' title='bbox 1460 1827 1517 1885; x_wconf 87' lang='lat' dir='ltr'><strong>vim</strong></span> <span class='ocrx_word' id='word_1_137' title='bbox 1539 1843 1626 1906; x_wconf 91' lang='lat' dir='ltr'><strong>prae-</strong></span> 
     </span>
     <span class='ocr_line' id='line_1_16' title="bbox 335 1930 1627 2011; baseline -0.002 -21"><span class='ocrx_word' id='word_1_138' title='bbox 335 1930 530 2011; x_wconf 88' lang='lat' dir='ltr'><strong>positionum,</strong></span> <span class='ocrx_word' id='word_1_139' title='bbox 559 1939 592 1992; x_wconf 91' lang='lat' dir='ltr'><strong>nt</strong></span> <span class='ocrx_word' id='word_1_140' title='bbox 619 1930 800 1992; x_wconf 91' lang='lat' dir='ltr'><strong>elocutiones</strong></span> <span class='ocrx_word' id='word_1_141' title='bbox 827 1936 1046 2010; x_wconf 83' lang='lat' dir='ltr'><strong>conponerent,</strong></span> <span class='ocrx_word' id='word_1_142' title='bbox 1075 1937 1108 1988; x_wconf 93' lang='lat' dir='ltr'><strong>nt</strong></span> <span class='ocrx_word' id='word_1_143' title='bbox 1135 1933 1304 1988; x_wconf 84' lang='lat' dir='ltr'><strong>‘crurum</strong></span> <span class='ocrx_word' id='word_1_144' title='bbox 1333 1935 1441 1988; x_wconf 90' lang='lat' dir='ltr'><strong>tenus</strong></span> <span class='ocrx_word' id='word_1_145' title='bbox 1464 1945 1480 1987; x_wconf 92' lang='lat' dir='ltr'><strong>a</strong></span> <span class='ocrx_word' id='word_1_146' title='bbox 1503 1937 1627 1988; x_wconf 87' lang='lat' dir='ltr'><strong>mento</strong></span> 
     </span>
     <span class='ocr_line' id='line_1_17' title="bbox 293 2026 1660 2113; baseline -0.001 -21"><span class='ocrx_word' id='word_1_147' title='bbox 293 2032 503 2113; x_wconf 85' lang='lat' dir='ltr'><strong>rapalearia</strong></span> <span class='ocrx_word' id='word_1_148' title='bbox 525 2026 698 2112; x_wconf 85' lang='lat' dir='ltr'><strong>pendent.</strong></span> <span class='ocrx_word' id='word_1_149' title='bbox 724 2068 758 2077; x_wconf 91' lang='lat'><em>-</em></span> <span class='ocrx_word' id='word_1_150' title='bbox 784 2033 928 2093; x_wconf 90' lang='lat' dir='ltr'><strong>Circum</strong></span> <span class='ocrx_word' id='word_1_151' title='bbox 952 2031 1151 2110; x_wconf 89' lang='lat' dir='ltr'><strong>utriusque</strong></span> <span class='ocrx_word' id='word_1_152' title='bbox 1174 2048 1297 2090; x_wconf 89' lang='lat' dir='ltr'><strong>casus:</strong></span> <span class='ocrx_word' id='word_1_153' title='bbox 1322 2031 1408 2090; x_wconf 91' lang='lat' dir='ltr'><strong>etiam</strong></span> <span class='ocrx_word' id='word_1_154' title='bbox 1431 2038 1550 2108; x_wconf 90' lang='lat' dir='ltr'><strong>praeter</strong></span> <span class='ocrx_word' id='word_1_155' title='bbox 1572 2045 1660 2090; x_wconf 79' lang='lat' dir='ltr'><strong>amn</strong></span> 
     </span>
     <span class='ocr_line' id='line_1_18' title="bbox 335 2129 1628 2214; baseline -0.003 -20"><span class='ocrx_word' id='word_1_156' title='bbox 335 2135 408 2214; x_wconf 91' lang='lat' dir='ltr'><strong>tiqui</strong></span> <span class='ocrx_word' id='word_1_157' title='bbox 430 2136 584 2214; x_wconf 86' lang='lat' dir='ltr'><strong>utriusque</strong></span> <span class='ocrx_word' id='word_1_158' title='bbox 606 2153 693 2195; x_wconf 91' lang='lat' dir='ltr'><strong>casus</strong></span> <span class='ocrx_word' id='word_1_159' title='bbox 715 2133 903 2214; x_wconf 84' lang='lat' dir='ltr'><strong>appellabant</strong></span> <span class='ocrx_word' id='word_1_160' title='bbox 924 2134 1185 2212; x_wconf 83' lang='lat' dir='ltr'><strong>praepositionem.</strong></span> <span class='ocrx_word' id='word_1_161' title='bbox 1229 2131 1298 2191; x_wconf 92' lang='lat' dir='ltr'><strong>inde</strong></span> <span class='ocrx_word' id='word_1_162' title='bbox 1321 2129 1476 2192; x_wconf 86' lang='lat' dir='ltr'><strong>Sallustius</strong></span> <span class='ocrx_word' id='word_1_163' title='bbox 1498 2133 1628 2211; x_wconf 79' lang='lat' dir='ltr'><strong>‘prae-</strong></span> 
     </span>
     <span class='ocr_line' id='line_1_19' title="bbox 334 2232 1626 2315; baseline -0.002 -18"><span class='ocrx_word' id='word_1_164' title='bbox 334 2244 390 2298; x_wconf 86' lang='lat' dir='ltr'><strong>ter</strong></span> <span class='ocrx_word' id='word_1_165' title='bbox 418 2255 542 2298; x_wconf 88' lang='lat' dir='ltr'><strong>rerum</strong></span> <span class='ocrx_word' id='word_1_166' title='bbox 571 2235 788 2315; x_wconf 88' lang='lat' dir='ltr'><strong>capitalium</strong></span> <span class='ocrx_word' id='word_1_167' title='bbox 816 2235 1100 2296; x_wconf 88' lang='lat' dir='ltr'><strong>condemnatis&#39;.</strong></span> <span class='ocrx_word' id='word_1_168' title='bbox 1146 2241 1176 2294; x_wconf 91' lang='lat' dir='ltr'><strong>et</strong></span> <span class='ocrx_word' id='word_1_169' title='bbox 1202 2241 1320 2313; x_wconf 87' lang='lat' dir='ltr'><strong>practer</strong></span> <span class='ocrx_word' id='word_1_170' title='bbox 1341 2233 1398 2292; x_wconf 87' lang='lat' dir='ltr'><strong>rim</strong></span> <span class='ocrx_word' id='word_1_171' title='bbox 1428 2232 1504 2294; x_wconf 92' lang='lat' dir='ltr'><strong>hanc</strong></span> <span class='ocrx_word' id='word_1_172' title='bbox 1525 2232 1626 2303; x_wconf 87' lang='lat' dir='ltr'><strong>habet,</strong></span> 
     </span>
     <span class='ocr_line' id='line_1_20' title="bbox 334 2335 1627 2418; baseline -0.003 -18"><span class='ocrx_word' id='word_1_173' title='bbox 334 2346 368 2400; x_wconf 84' lang='lat' dir='ltr'><strong>nt</strong></span> <span class='ocrx_word' id='word_1_174' title='bbox 388 2338 514 2411; x_wconf 88' lang='lat' dir='ltr'><strong>ablativo</strong></span> <span class='ocrx_word' id='word_1_175' title='bbox 535 2341 688 2417; x_wconf 85' lang='lat' dir='ltr'><strong>iungatur,</strong></span> <span class='ocrx_word' id='word_1_176' title='bbox 712 2339 780 2418; x_wconf 92' lang='lat' dir='ltr'><strong>qnia</strong></span> <span class='ocrx_word' id='word_1_177' title='bbox 803 2339 847 2398; x_wconf 90' lang='lat' dir='ltr'><strong>sic</strong></span> <span class='ocrx_word' id='word_1_178' title='bbox 868 2335 1069 2414; x_wconf 81' lang='lat' dir='ltr'><strong>intellegimus</strong></span> <span class='ocrx_word' id='word_1_179' title='bbox 1083 2343 1202 2415; x_wconf 89' lang='lat' dir='ltr'><strong>praetor</strong></span> <span class='ocrx_word' id='word_1_180' title='bbox 1224 2353 1279 2414; x_wconf 92' lang='lat' dir='ltr'><strong>pro</strong></span> <span class='ocrx_word' id='word_1_181' title='bbox 1302 2335 1379 2404; x_wconf 90' lang='lat' dir='ltr'><strong>sine,</strong></span> <span class='ocrx_word' id='word_1_182' title='bbox 1403 2349 1461 2414; x_wconf 94' lang='lat' dir='ltr'><strong>qno</strong></span> <span class='ocrx_word' id='word_1_183' title='bbox 1484 2335 1573 2395; x_wconf 88' lang='lat' dir='ltr'><strong>modo</strong></span> <span class='ocrx_word' id='word_1_184' title='bbox 1597 2338 1627 2396; x_wconf 91' lang='lat' dir='ltr'><strong>in</strong></span> 
     </span>
     <span class='ocr_line' id='line_1_21' title="bbox 287 2435 1627 2521; baseline -0.003 -20"><span class='ocrx_word' id='word_1_185' title='bbox 287 2454 322 2501; x_wconf 67' lang='grc' dir='ltr'><strong>ιο</strong></span> <span class='ocrx_word' id='word_1_186' title='bbox 334 2459 390 2521; x_wconf 93' lang='lat' dir='ltr'><strong>pro</strong></span> <span class='ocrx_word' id='word_1_187' title='bbox 412 2449 523 2501; x_wconf 91' lang='lat' dir='ltr'><strong>contra.</strong></span> <span class='ocrx_word' id='word_1_188' title='bbox 557 2473 592 2483; x_wconf 96' lang='lat'><em>-</em></span> <span class='ocrx_word' id='word_1_189' title='bbox 623 2441 659 2501; x_wconf 92' lang='lat' dir='ltr'><strong>Si</strong></span> <span class='ocrx_word' id='word_1_190' title='bbox 686 2438 835 2519; x_wconf 90' lang='lat' dir='ltr'><strong>quando</strong></span> <span class='ocrx_word' id='word_1_191' title='bbox 862 2437 949 2498; x_wconf 91' lang='lat' dir='ltr'><strong>illas</strong></span> <span class='ocrx_word' id='word_1_192' title='bbox 971 2457 1041 2499; x_wconf 88' lang='lat' dir='ltr'><strong>non</strong></span> <span class='ocrx_word' id='word_1_193' title='bbox 1071 2435 1322 2516; x_wconf 86' lang='lat' dir='ltr'><strong>subsequatur</strong></span> <span class='ocrx_word' id='word_1_194' title='bbox 1345 2454 1465 2497; x_wconf 88' lang='lat' dir='ltr'><strong>casus:</strong></span> <span class='ocrx_word' id='word_1_195' title='bbox 1490 2439 1627 2516; x_wconf 89' lang='lat' dir='ltr'><strong>quotiens</strong></span> 
     </span>
     <span class='ocr_line' id='line_1_22' title="bbox 334 2533 1663 2622; baseline -0.006 -19"><span class='ocrx_word' id='word_1_196' title='bbox 334 2543 585 2622; x_wconf 84' lang='lat' dir='ltr'><strong>praepositionem</strong></span> <span class='ocrx_word' id='word_1_197' title='bbox 613 2544 747 2620; x_wconf 87' lang='lat' dir='ltr'><strong>sequitur</strong></span> <span class='ocrx_word' id='word_1_198' title='bbox 769 2540 908 2610; x_wconf 86' lang='lat' dir='ltr'><strong>verbnm,</strong></span> <span class='ocrx_word' id='word_1_199' title='bbox 938 2557 1058 2601; x_wconf 88' lang='lat' dir='ltr'><strong>necesse</strong></span> <span class='ocrx_word' id='word_1_200' title='bbox 1088 2545 1134 2600; x_wconf 91' lang='lat' dir='ltr'><strong>est</strong></span> <span class='ocrx_word' id='word_1_201' title='bbox 1157 2538 1169 2620; x_wconf 76' lang='lat' dir='ltr'><strong>ll</strong></span> <span class='ocrx_word' id='word_1_202' title='bbox 1194 2547 1227 2598; x_wconf 91' lang='lat' dir='ltr'><strong>ut</strong></span> <span class='ocrx_word' id='word_1_203' title='bbox 1246 2537 1294 2598; x_wconf 90' lang='lat' dir='ltr'><strong>illa</strong></span> <span class='ocrx_word' id='word_1_204' title='bbox 1318 2539 1498 2618; x_wconf 88' lang='lat' dir='ltr'><strong>praepositio</strong></span> <span class='ocrx_word' id='word_1_205' title='bbox 1522 2540 1550 2598; x_wconf 90' lang='lat' dir='ltr'><strong>in</strong></span> <span class='ocrx_word' id='word_1_206' title='bbox 1574 2533 1625 2598; x_wconf 82' lang='lat' dir='ltr'><strong>arl-</strong></span> <span class='ocrx_word' id='word_1_207' title='bbox 1640 2555 1663 2592; x_wconf 82' lang='lat' dir='ltr'><strong>eo</strong></span> 
     </span>
     <span class='ocr_line' id='line_1_23' title="bbox 334 2639 1625 2723; baseline -0.001 -22"><span class='ocrx_word' id='word_1_208' title='bbox 334 2643 468 2704; x_wconf 86' lang='lat' dir='ltr'><strong>rorhinm</strong></span> <span class='ocrx_word' id='word_1_209' title='bbox 491 2651 638 2715; x_wconf 85' lang='lat' dir='ltr'><strong>transeat,</strong></span> <span class='ocrx_word' id='word_1_210' title='bbox 666 2651 790 2723; x_wconf 91' lang='lat' dir='ltr'><strong>utputa</strong></span> <span class='ocrx_word' id='word_1_211' title='bbox 813 2645 897 2702; x_wconf 81' lang='lat' dir='ltr'><strong>‘ante</strong></span> <span class='ocrx_word' id='word_1_212' title='bbox 920 2643 1018 2711; x_wconf 87' lang='lat' dir='ltr'><strong>lacit’,</strong></span> <span class='ocrx_word' id='word_1_213' title='bbox 1048 2645 1188 2720; x_wconf 75' lang='lat' dir='ltr'><strong>‘propter</strong></span> <span class='ocrx_word' id='word_1_214' title='bbox 1210 2639 1319 2708; x_wconf 87' lang='lat' dir='ltr'><strong>sedet’,</strong></span> <span class='ocrx_word' id='word_1_215' title='bbox 1345 2643 1431 2700; x_wconf 69' lang='lat' dir='ltr'><strong>‘ante</strong></span> <span class='ocrx_word' id='word_1_216' title='bbox 1453 2643 1560 2701; x_wconf 87' lang='lat' dir='ltr'><strong>venit&#39;.</strong></span> <span class='ocrx_word' id='word_1_217' title='bbox 1586 2675 1625 2684; x_wconf 95' lang='lat'><strong>——</strong></span> 
     </span>
     <span class='ocr_line' id='line_1_24' title="bbox 291 2740 1732 2830; baseline -0.005 -21"><span class='ocrx_word' id='word_1_218' title='bbox 291 2747 640 2825; x_wconf 82' lang='lat' dir='ltr'><strong>19Praepositiones</strong></span> <span class='ocrx_word' id='word_1_219' title='bbox 668 2746 672 2830; x_wconf 75' lang='lat' dir='ltr'><strong>l</strong></span> <span class='ocrx_word' id='word_1_220' title='bbox 703 2746 891 2825; x_wconf 87' lang='lat' dir='ltr'><strong>separatis</strong></span> <span class='ocrx_word' id='word_1_221' title='bbox 926 2740 1277 2825; x_wconf 89' lang='lat' dir='ltr'><strong>praepositionibus</strong></span> <span class='ocrx_word' id='word_1_222' title='bbox 1304 2759 1374 2801; x_wconf 89' lang='lat' dir='ltr'><strong>non</strong></span> <span class='ocrx_word' id='word_1_223' title='bbox 1406 2742 1627 2804; x_wconf 84' lang='lat' dir='ltr'><strong>cohaerent:</strong></span> <span class='ocrx_word' id='word_1_224' title='bbox 1731 2800 1732 2809; x_wconf 71' lang='grc'>,</span> 
     </span>
     <span class='ocr_line' id='line_1_25' title="bbox 289 2844 1627 2928; baseline -0.004 -18"><span class='ocrx_word' id='word_1_225' title='bbox 289 2857 368 2912; x_wconf 74' lang='lat' dir='ltr'><strong>aaut</strong></span> <span class='ocrx_word' id='word_1_226' title='bbox 395 2848 473 2928; x_wconf 89' lang='lat' dir='ltr'><strong>apud</strong></span> <span class='ocrx_word' id='word_1_227' title='bbox 502 2866 574 2928; x_wconf 92' lang='lat' dir='ltr'><strong>prae</strong></span> <span class='ocrx_word' id='word_1_228' title='bbox 601 2848 687 2908; x_wconf 93' lang='lat' dir='ltr'><strong>simul</strong></span> <span class='ocrx_word' id='word_1_229' title='bbox 716 2849 798 2926; x_wconf 82' lang='lat' dir='ltr'><strong>iungi</strong></span> <span class='ocrx_word' id='word_1_230' title='bbox 827 2866 887 2907; x_wconf 85' lang='lat' dir='ltr'><strong>aon</strong></span> <span class='ocrx_word' id='word_1_231' title='bbox 915 2853 1045 2927; x_wconf 89' lang='lat' dir='ltr'><strong>possunt.</strong></span> <span class='ocrx_word' id='word_1_232' title='bbox 1072 2878 1106 2887; x_wconf 95' lang='lat'>—</span> <span class='ocrx_word' id='word_1_233' title='bbox 1139 2844 1180 2903; x_wconf 89' lang='lat' dir='ltr'><strong>Et</strong></span> <span class='ocrx_word' id='word_1_234' title='bbox 1201 2844 1360 2921; x_wconf 81' lang='lat' dir='ltr'><strong>liguram</strong></span> <span class='ocrx_word' id='word_1_235' title='bbox 1385 2852 1420 2903; x_wconf 92' lang='lat' dir='ltr'><strong>et</strong></span> <span class='ocrx_word' id='word_1_236' title='bbox 1442 2844 1627 2906; x_wconf 88' lang='lat' dir='ltr'><strong>ordinem:</strong></span> 
     </span>
     <span class='ocr_line' id='line_1_26' title="bbox 335 2944 1628 3033; baseline -0.001 -23"><span class='ocrx_word' id='word_1_237' title='bbox 335 2950 408 3013; x_wconf 89' lang='lat' dir='ltr'><strong>ordo</strong></span> <span class='ocrx_word' id='word_1_238' title='bbox 431 2950 537 3011; x_wconf 85' lang='lat' dir='ltr'><strong>accidit</strong></span> <span class='ocrx_word' id='word_1_239' title='bbox 558 2950 779 3030; x_wconf 87' lang='lat' dir='ltr'><strong>praepositioni,</strong></span> <span class='ocrx_word' id='word_1_240' title='bbox 802 2958 835 3009; x_wconf 92' lang='lat' dir='ltr'><strong>nt</strong></span> <span class='ocrx_word' id='word_1_241' title='bbox 849 2950 985 3033; x_wconf 86' lang='lat' dir='ltr'><strong>sciamus,</strong></span> <span class='ocrx_word' id='word_1_242' title='bbox 1009 2945 1125 3027; x_wconf 90' lang='lat' dir='ltr'><strong>quando</strong></span> <span class='ocrx_word' id='word_1_243' title='bbox 1141 2952 1350 3026; x_wconf 90' lang='lat' dir='ltr'><strong>praeponatur.</strong></span> <span class='ocrx_word' id='word_1_244' title='bbox 1367 2944 1418 3006; x_wconf 88' lang='lat' dir='ltr'><strong>sed</strong></span> <span class='ocrx_word' id='word_1_245' title='bbox 1441 2946 1498 3007; x_wconf 96' lang='lat' dir='ltr'><strong>hoc</strong></span> <span class='ocrx_word' id='word_1_246' title='bbox 1521 2967 1628 3027; x_wconf 86' lang='lat' dir='ltr'><strong>snper·</strong></span> 
     </span>
     <span class='ocr_line' id='line_1_27' title="bbox 290 3046 1664 3130; baseline -0.007 -16"><span class='ocrx_word' id='word_1_247' title='bbox 290 3052 425 3116; x_wconf 79' lang='lat' dir='ltr'><strong>nallnnm</strong></span> <span class='ocrx_word' id='word_1_248' title='bbox 449 3058 502 3114; x_wconf 89' lang='lat' dir='ltr'><strong>est.</strong></span> <span class='ocrx_word' id='word_1_249' title='bbox 548 3050 621 3112; x_wconf 92' lang='lat' dir='ltr'><strong>nihil</strong></span> <span class='ocrx_word' id='word_1_250' title='bbox 649 3052 729 3111; x_wconf 91' lang='lat' dir='ltr'><strong>onim</strong></span> <span class='ocrx_word' id='word_1_251' title='bbox 751 3049 863 3112; x_wconf 86' lang='lat' dir='ltr'><strong>occidit</strong></span> <span class='ocrx_word' id='word_1_252' title='bbox 889 3050 1117 3130; x_wconf 86' lang='lat' dir='ltr'><strong>praepositioni,</strong></span> <span class='ocrx_word' id='word_1_253' title='bbox 1146 3048 1202 3108; x_wconf 89' lang='lat' dir='ltr'><strong>nisi</strong></span> <span class='ocrx_word' id='word_1_254' title='bbox 1223 3046 1305 3107; x_wconf 86' lang='lat' dir='ltr'><strong>solus</strong></span> <span class='ocrx_word' id='word_1_255' title='bbox 1327 3064 1422 3108; x_wconf 90' lang='lat' dir='ltr'><strong>casus.</strong></span> <span class='ocrx_word' id='word_1_256' title='bbox 1456 3082 1498 3093; x_wconf 87' lang='lat'><em>-</em></span> <span class='ocrx_word' id='word_1_257' title='bbox 1531 3048 1626 3109; x_wconf 89' lang='lat' dir='ltr'><strong>Sub·</strong></span> <span class='ocrx_word' id='word_1_258' title='bbox 1640 3066 1664 3104; x_wconf 77' lang='lat' dir='ltr'><strong>ea</strong></span> 
     </span>
     <span class='ocr_line' id='line_1_28' title="bbox 334 3148 1732 3229; baseline 0 -18"><span class='ocrx_word' id='word_1_259' title='bbox 334 3154 537 3223; x_wconf 77' lang='lat' dir='ltr'><strong>iunctione,</strong></span> <span class='ocrx_word' id='word_1_260' title='bbox 562 3160 600 3213; x_wconf 92' lang='lat' dir='ltr'><strong>nt</strong></span> <span class='ocrx_word' id='word_1_261' title='bbox 622 3161 743 3214; x_wconf 91' lang='lat' dir='ltr'><strong>tenus:</strong></span> <span class='ocrx_word' id='word_1_262' title='bbox 767 3160 799 3213; x_wconf 88' lang='lat' dir='ltr'><strong>ut</strong></span> <span class='ocrx_word' id='word_1_263' title='bbox 820 3169 943 3213; x_wconf 86' lang='lat' dir='ltr'><strong>crurum</strong></span> <span class='ocrx_word' id='word_1_264' title='bbox 966 3158 1063 3212; x_wconf 78' lang='lat' dir='ltr'><strong>tenna.</strong></span> <span class='ocrx_word' id='word_1_265' title='bbox 1094 3151 1133 3210; x_wconf 91' lang='lat' dir='ltr'><strong>ita</strong></span> <span class='ocrx_word' id='word_1_266' title='bbox 1150 3157 1179 3209; x_wconf 92' lang='lat' dir='ltr'><strong>et</strong></span> <span class='ocrx_word' id='word_1_267' title='bbox 1194 3148 1271 3229; x_wconf 91' lang='lat' dir='ltr'><strong>pube</strong></span> <span class='ocrx_word' id='word_1_268' title='bbox 1297 3155 1397 3219; x_wconf 80' lang='lat' dir='ltr'><strong>lenm,</strong></span> <span class='ocrx_word' id='word_1_269' title='bbox 1414 3157 1482 3211; x_wconf 89' lang='lat' dir='ltr'><strong>ante</strong></span> <span class='ocrx_word' id='word_1_270' title='bbox 1504 3150 1626 3229; x_wconf 90' lang='lat' dir='ltr'><strong>pubem,</strong></span> <span class='ocrx_word' id='word_1_271' title='bbox 1731 3162 1732 3225; x_wconf 54' lang='grc' dir='ltr'>ζ</span> 
     </span>
     <span class='ocr_line' id='line_1_29' title="bbox 335 3251 1627 3331; baseline -0.002 -16"><span class='ocrx_word' id='word_1_272' title='bbox 335 3264 364 3315; x_wconf 90' lang='lat' dir='ltr'><strong>et</strong></span> <span class='ocrx_word' id='word_1_273' title='bbox 391 3257 434 3315; x_wconf 89' lang='lat' dir='ltr'><strong>sie</strong></span> <span class='ocrx_word' id='word_1_274' title='bbox 462 3263 557 3316; x_wconf 90' lang='lat' dir='ltr'><strong>tenus.</strong></span> <span class='ocrx_word' id='word_1_275' title='bbox 602 3254 776 3315; x_wconf 80' lang='lat' dir='ltr'><strong>subiunctas</strong></span> <span class='ocrx_word' id='word_1_276' title='bbox 802 3256 993 3315; x_wconf 81' lang='lat' dir='ltr'><strong>inveniuntur</strong></span> <span class='ocrx_word' id='word_1_277' title='bbox 1021 3252 1256 3331; x_wconf 86' lang='lat' dir='ltr'><strong>praepositiones</strong></span> <span class='ocrx_word' id='word_1_278' title='bbox 1283 3270 1337 3331; x_wconf 89' lang='lat' dir='ltr'><strong>per</strong></span> <span class='ocrx_word' id='word_1_279' title='bbox 1365 3253 1510 3329; x_wconf 90' lang='lat' dir='ltr'><strong>poeticam</strong></span> <span class='ocrx_word' id='word_1_280' title='bbox 1533 3251 1627 3313; x_wconf 86' lang='lat' dir='ltr'><strong>licen·</strong></span> 
     </span>
     <span class='ocr_line' id='line_1_30' title="bbox 335 3354 1732 3435; baseline -0.003 -18"><span class='ocrx_word' id='word_1_281' title='bbox 335 3358 413 3418; x_wconf 85' lang='lat' dir='ltr'><strong>tiam</strong></span> <span class='ocrx_word' id='word_1_282' title='bbox 444 3390 486 3401; x_wconf 90' lang='lat'><strong>—-</strong></span> <span class='ocrx_word' id='word_1_283' title='bbox 513 3356 582 3417; x_wconf 88' lang='lat' dir='ltr'><strong>Sed</strong></span> <span class='ocrx_word' id='word_1_284' title='bbox 610 3356 702 3416; x_wconf 89' lang='lat' dir='ltr'><strong>haec</strong></span> <span class='ocrx_word' id='word_1_285' title='bbox 730 3375 809 3416; x_wconf 89' lang='lat' dir='ltr'><strong>nos:</strong></span> <span class='ocrx_word' id='word_1_286' title='bbox 841 3374 916 3435; x_wconf 90' lang='lat' dir='ltr'><strong>qnae</strong></span> <span class='ocrx_word' id='word_1_287' title='bbox 945 3372 1004 3415; x_wconf 89' lang='lat' dir='ltr'><strong>non</strong></span> <span class='ocrx_word' id='word_1_288' title='bbox 1033 3360 1102 3414; x_wconf 90' lang='lat' dir='ltr'><strong>sunt</strong></span> <span class='ocrx_word' id='word_1_289' title='bbox 1124 3359 1203 3414; x_wconf 90' lang='lat' dir='ltr'><strong>recta</strong></span> <span class='ocrx_word' id='word_1_290' title='bbox 1226 3354 1341 3413; x_wconf 89' lang='lat' dir='ltr'><strong>ratione</strong></span> <span class='ocrx_word' id='word_1_291' title='bbox 1363 3354 1528 3432; x_wconf 90' lang='lat' dir='ltr'><strong>conposita,</strong></span> <span class='ocrx_word' id='word_1_292' title='bbox 1551 3372 1629 3432; x_wconf 90' lang='lat' dir='ltr'><strong>quae</strong></span> <span class='ocrx_word' id='word_1_293' title='bbox 1731 3382 1732 3419; x_wconf 61' lang='grc' dir='ltr'>ι</span> 
     </span>
     <span class='ocr_line' id='line_1_31' title="bbox 335 3442 1362 3519; baseline -0.004 0"><span class='ocrx_word' id='word_1_294' title='bbox 335 3476 394 3519; x_wconf 88' lang='lat' dir='ltr'><strong>non</strong></span> <span class='ocrx_word' id='word_1_295' title='bbox 417 3460 560 3519; x_wconf 90' lang='lat' dir='ltr'><strong>rationem</strong></span> <span class='ocrx_word' id='word_1_296' title='bbox 582 3476 665 3519; x_wconf 91' lang='lat' dir='ltr'><strong>suam</strong></span> <span class='ocrx_word' id='word_1_297' title='bbox 687 3467 840 3519; x_wconf 89' lang='lat' dir='ltr'><strong>secuntur.</strong></span> <span class='ocrx_word' id='word_1_298' title='bbox 1359 3442 1362 3447; x_wconf 70' lang='grc'><strong>’</strong></span> 
     </span>
    </p>
   </div>
   <div class='ocr_carea' id='block_1_3' title="bbox 794 3625 1665 3695">
    <p class='ocr_par' dir='ltr' id='par_1_3' title="bbox 794 3625 1665 3695">
     <span class='ocr_line' id='line_1_32' title="bbox 794 3625 1665 3695; baseline -0.006 -6"><span class='ocrx_word' id='word_1_299' title='bbox 794 3627 843 3689; x_wconf 78' lang='lat' dir='ltr'><strong>nn</strong></span> <span class='ocrx_word' id='word_1_300' title='bbox 864 3625 1156 3689; x_wconf 76' lang='lat' dir='ltr'><strong>innantncntonn</strong></span> <span class='ocrx_word' id='word_1_301' title='bbox 1641 3656 1665 3695; x_wconf 56' lang='lat' dir='ltr'><strong>a,</strong></span> 
     </span>
    </p>
   </div>
   <div class='ocr_carea' id='block_1_4' title="bbox 289 3760 1732 4048">
    <p class='ocr_par' dir='ltr' id='par_1_4' title="bbox 289 3760 1732 4048">
     <span class='ocr_line' id='line_1_33' title="bbox 289 3760 1732 3843; baseline -0.006 -12"><span class='ocrx_word' id='word_1_302' title='bbox 289 3783 323 3831; x_wconf 79' lang='lat' dir='ltr'><strong>an</strong></span> <span class='ocrx_word' id='word_1_303' title='bbox 420 3763 643 3826; x_wconf 90' lang='lat' dir='ltr'><strong>interiectio</strong></span> <span class='ocrx_word' id='word_1_304' title='bbox 671 3772 728 3824; x_wconf 89' lang='lat' dir='ltr'><strong>est</strong></span> <span class='ocrx_word' id='word_1_305' title='bbox 760 3781 846 3843; x_wconf 88' lang='lat' dir='ltr'><strong>pars</strong></span> <span class='ocrx_word' id='word_1_306' title='bbox 878 3764 1064 3823; x_wconf 88' lang='lat' dir='ltr'><strong>orationis</strong></span> <span class='ocrx_word' id='word_1_307' title='bbox 1095 3763 1298 3826; x_wconf 89' lang='lat' dir='ltr'><strong>interiecta</strong></span> <span class='ocrx_word' id='word_1_308' title='bbox 1330 3761 1417 3822; x_wconf 89' lang='lat' dir='ltr'><strong>aliis</strong></span> <span class='ocrx_word' id='word_1_309' title='bbox 1450 3762 1626 3841; x_wconf 90' lang='lat' dir='ltr'><strong>partibus</strong></span> <span class='ocrx_word' id='word_1_310' title='bbox 1731 3760 1732 3765; x_wconf 71' lang='grc'>’</span> 
     </span>
     <span class='ocr_line' id='line_1_34' title="bbox 335 3865 1626 3944; baseline -0.002 -17"><span class='ocrx_word' id='word_1_311' title='bbox 335 3868 519 3927; x_wconf 91' lang='lat' dir='ltr'><strong>orationis</strong></span> <span class='ocrx_word' id='word_1_312' title='bbox 547 3865 589 3926; x_wconf 88' lang='lat' dir='ltr'><strong>ad</strong></span> <span class='ocrx_word' id='word_1_313' title='bbox 619 3865 882 3944; x_wconf 81' lang='lat' dir='ltr'><strong>exprimendos</strong></span> <span class='ocrx_word' id='word_1_314' title='bbox 912 3866 1024 3925; x_wconf 90' lang='lat' dir='ltr'><strong>animi</strong></span> <span class='ocrx_word' id='word_1_315' title='bbox 1052 3865 1228 3932; x_wconf 65' lang='lat' dir='ltr'><strong>allectum</strong></span> <span class='ocrx_word' id='word_1_316' title='bbox 1258 3870 1320 3925; x_wconf 89' lang='lat' dir='ltr'><strong>aut</strong></span> <span class='ocrx_word' id='word_1_317' title='bbox 1348 3866 1563 3933; x_wconf 88' lang='lat' dir='ltr'><strong>metuentis,</strong></span> <span class='ocrx_word' id='word_1_318' title='bbox 1588 3875 1626 3925; x_wconf 90' lang='lat' dir='ltr'><strong>ut</strong></span> 
     </span>
     <span class='ocr_line' id='line_1_35' title="bbox 336 3964 1626 4048; baseline -0.001 -19"><span class='ocrx_word' id='word_1_319' title='bbox 336 3970 381 4043; x_wconf 85' lang='lat' dir='ltr'><strong>ci,</strong></span> <span class='ocrx_word' id='word_1_320' title='bbox 411 3975 473 4029; x_wconf 93' lang='lat' dir='ltr'><strong>ant</strong></span> <span class='ocrx_word' id='word_1_321' title='bbox 502 3968 684 4048; x_wconf 90' lang='lat' dir='ltr'><strong>optantis,</strong></span> <span class='ocrx_word' id='word_1_322' title='bbox 716 3964 720 4044; x_wconf 86' lang='grc'><strong>1</strong></span> <span class='ocrx_word' id='word_1_323' title='bbox 745 3975 782 4027; x_wconf 93' lang='lat' dir='ltr'><strong>nt</strong></span> <span class='ocrx_word' id='word_1_324' title='bbox 808 3986 841 4035; x_wconf 89' lang='lat' dir='ltr'><strong>o;</strong></span> <span class='ocrx_word' id='word_1_325' title='bbox 871 3973 932 4026; x_wconf 91' lang='lat' dir='ltr'><strong>aut</strong></span> <span class='ocrx_word' id='word_1_326' title='bbox 954 3964 1132 4035; x_wconf 86' lang='lat' dir='ltr'><strong>dolentis,</strong></span> <span class='ocrx_word' id='word_1_327' title='bbox 1156 3974 1194 4026; x_wconf 94' lang='lat' dir='ltr'><strong>nt</strong></span> <span class='ocrx_word' id='word_1_328' title='bbox 1216 3984 1269 4025; x_wconf 89' lang='lat' dir='ltr'><strong>en:</strong></span> <span class='ocrx_word' id='word_1_329' title='bbox 1295 3986 1312 4025; x_wconf 93' lang='lat' dir='ltr'><strong>o</strong></span> <span class='ocrx_word' id='word_1_330' title='bbox 1334 3966 1441 4027; x_wconf 87' lang='lat' dir='ltr'><strong>multas</strong></span> <span class='ocrx_word' id='word_1_331' title='bbox 1464 3966 1626 4045; x_wconf 90' lang='lat' dir='ltr'><strong>particulas</strong></span> 
     </span>
    </p>
   </div>
   <div class='ocr_carea' id='block_1_5' title="bbox 333 4202 1626 4622">
    <p class='ocr_par' dir='ltr' id='par_1_5' title="bbox 333 4202 1626 4622">
     <span class='ocr_line' id='line_1_36' title="bbox 403 4202 1625 4261; baseline -0.002 -4"><span class='ocrx_word' id='word_1_332' title='bbox 403 4208 464 4261; x_wconf 78' lang='lat' dir='ltr'><strong>non.</strong></span> <span class='ocrx_word' id='word_1_333' title='bbox 484 4206 564 4257; x_wconf 75' lang='lat' dir='ltr'><strong>Bere.</strong></span> <span class='ocrx_word' id='word_1_334' title='bbox 584 4205 644 4254; x_wconf 87' lang='lat' dir='ltr'><strong>Xiil</strong></span> <span class='ocrx_word' id='word_1_335' title='bbox 662 4203 786 4256; x_wconf 86' lang='lat' dir='ltr'><strong>8—le</strong></span> <span class='ocrx_word' id='word_1_336' title='bbox 804 4206 829 4258; x_wconf 78' lang='lat'><strong>2.</strong></span> <span class='ocrx_word' id='word_1_337' title='bbox 918 4204 1079 4256; x_wconf 81' lang='lat' dir='ltr'><strong>2odeerrtum</strong></span> <span class='ocrx_word' id='word_1_338' title='bbox 1151 4202 1319 4253; x_wconf 73' lang='lat' dir='ltr'><strong>badcentnm</strong></span> <span class='ocrx_word' id='word_1_339' title='bbox 1391 4206 1625 4255; x_wconf 77' lang='lat' dir='ltr'><strong>hacntusoratins</strong></span> 
     </span>
     <span class='ocr_line' id='line_1_37' title="bbox 402 4272 1624 4343; baseline -0.002 -15"><span class='ocrx_word' id='word_1_340' title='bbox 402 4277 561 4343; x_wconf 79' lang='lat' dir='ltr'><strong>ilintegrnm</strong></span> <span class='ocrx_word' id='word_1_341' title='bbox 580 4276 676 4327; x_wconf 79' lang='lat' dir='ltr'><strong>nullom</strong></span> <span class='ocrx_word' id='word_1_342' title='bbox 691 4276 804 4340; x_wconf 82' lang='lat' dir='ltr'><strong>snseipto</strong></span> <span class='ocrx_word' id='word_1_343' title='bbox 821 4274 926 4339; x_wconf 72' lang='lat' dir='ltr'><strong>(icorr.</strong></span> <span class='ocrx_word' id='word_1_344' title='bbox 945 4276 980 4325; x_wconf 85' lang='lat' dir='ltr'><strong>al.</strong></span> <span class='ocrx_word' id='word_1_345' title='bbox 999 4290 1063 4324; x_wconf 79' lang='lat' dir='ltr'><strong>ama.</strong></span> <span class='ocrx_word' id='word_1_346' title='bbox 1084 4272 1178 4338; x_wconf 70' lang='lat' dir='ltr'><strong>cipio)</strong></span> <span class='ocrx_word' id='word_1_347' title='bbox 1200 4274 1323 4337; x_wconf 83' lang='lat' dir='ltr'><strong>sobenpio</strong></span> <span class='ocrx_word' id='word_1_348' title='bbox 1395 4274 1428 4324; x_wconf 89' lang='grc'><strong>10</strong></span> <span class='ocrx_word' id='word_1_349' title='bbox 1446 4274 1624 4341; x_wconf 81' lang='lat' dir='ltr'><strong>hortogrnham</strong></span> 
     </span>
     <span class='ocr_line' id='line_1_38' title="bbox 403 4341 1625 4413; baseline -0.002 -16"><span class='ocrx_word' id='word_1_350' title='bbox 403 4344 503 4413; x_wconf 78' lang='lat' dir='ltr'><strong>adiero]</strong></span> <span class='ocrx_word' id='word_1_351' title='bbox 523 4346 601 4397; x_wconf 86' lang='lat' dir='ltr'><strong>allero</strong></span> <span class='ocrx_word' id='word_1_352' title='bbox 680 4344 712 4396; x_wconf 75' lang='lat'><strong>13</strong></span> <span class='ocrx_word' id='word_1_353' title='bbox 730 4347 879 4396; x_wconf 82' lang='lat' dir='ltr'><strong>brevesom.</strong></span> <span class='ocrx_word' id='word_1_354' title='bbox 953 4346 985 4396; x_wconf 77' lang='lat'><strong>14</strong></span> <span class='ocrx_word' id='word_1_355' title='bbox 1006 4358 1103 4393; x_wconf 78' lang='lat' dir='ltr'><strong>eranam</strong></span> <span class='ocrx_word' id='word_1_356' title='bbox 1122 4349 1195 4393; x_wconf 83' lang='lat' dir='ltr'><strong>tenus</strong></span> <span class='ocrx_word' id='word_1_357' title='bbox 1281 4343 1313 4395; x_wconf 88' lang='grc'><strong>16</strong></span> <span class='ocrx_word' id='word_1_358' title='bbox 1332 4341 1402 4410; x_wconf 83' lang='lat' dir='ltr'><strong>inde]</strong></span> <span class='ocrx_word' id='word_1_359' title='bbox 1420 4345 1484 4395; x_wconf 80' lang='lat' dir='ltr'><strong>i.‹le</strong></span> <span class='ocrx_word' id='word_1_360' title='bbox 1501 4360 1569 4395; x_wconf 87' lang='lat' dir='ltr'><strong>corr.</strong></span> <span class='ocrx_word' id='word_1_361' title='bbox 1589 4349 1625 4395; x_wconf 87' lang='lat' dir='ltr'><strong>ni.</strong></span> 
     </span>
     <span class='ocr_line' id='line_1_39' title="bbox 333 4411 1626 4482; baseline -0.005 -13"><span class='ocrx_word' id='word_1_362' title='bbox 333 4436 397 4470; x_wconf 83' lang='lat' dir='ltr'><strong>mon.</strong></span> <span class='ocrx_word' id='word_1_363' title='bbox 414 4418 481 4467; x_wconf 89' lang='lat' dir='ltr'><strong>idem</strong></span> <span class='ocrx_word' id='word_1_364' title='bbox 538 4417 569 4467; x_wconf 85' lang='grc'><strong>17</strong></span> <span class='ocrx_word' id='word_1_365' title='bbox 583 4415 659 4465; x_wconf 80' lang='lat' dir='ltr'><strong>habet</strong></span> <span class='ocrx_word' id='word_1_366' title='bbox 676 4415 787 4466; x_wconf 78' lang='lat' dir='ltr'><strong>ablatino</strong></span> <span class='ocrx_word' id='word_1_367' title='bbox 804 4416 943 4482; x_wconf 84' lang='lat' dir='ltr'><strong>iungantur</strong></span> <span class='ocrx_word' id='word_1_368' title='bbox 995 4414 1027 4466; x_wconf 82' lang='lat' dir='ltr'><strong>ln</strong></span> <span class='ocrx_word' id='word_1_369' title='bbox 1046 4411 1114 4478; x_wconf 85' lang='lat' dir='ltr'><strong>illas]</strong></span> <span class='ocrx_word' id='word_1_370' title='bbox 1134 4414 1178 4463; x_wconf 83' lang='lat' dir='ltr'><strong>illa</strong></span> <span class='ocrx_word' id='word_1_371' title='bbox 1228 4415 1259 4465; x_wconf 82' lang='grc'><strong>21</strong></span> <span class='ocrx_word' id='word_1_372' title='bbox 1279 4422 1382 4479; x_wconf 86' lang='lat' dir='ltr'><strong>propter</strong></span> <span class='ocrx_word' id='word_1_373' title='bbox 1399 4416 1460 4464; x_wconf 85' lang='lat' dir='ltr'><strong>sede</strong></span> <span class='ocrx_word' id='word_1_374' title='bbox 1512 4416 1626 4482; x_wconf 79' lang='lat' dir='ltr'><strong>23aput</strong></span> 
     </span>
     <span class='ocr_line' id='line_1_40' title="bbox 384 4484 1625 4553; baseline -0.002 -16"><span class='ocrx_word' id='word_1_375' title='bbox 384 4490 418 4537; x_wconf 76' lang='lat' dir='ltr'><strong>‘ii</strong></span> <span class='ocrx_word' id='word_1_376' title='bbox 431 4488 586 4553; x_wconf 83' lang='lat' dir='ltr'><strong>praepositio</strong></span> <span class='ocrx_word' id='word_1_377' title='bbox 602 4487 652 4535; x_wconf 88' lang='lat' dir='ltr'><strong>nisi</strong></span> <span class='ocrx_word' id='word_1_378' title='bbox 706 4486 739 4535; x_wconf 78' lang='lat' dir='ltr'><strong>tn</strong></span> <span class='ocrx_word' id='word_1_379' title='bbox 757 4495 944 4537; x_wconf 87' lang='lat' dir='ltr'><strong>cruramtenns</strong></span> <span class='ocrx_word' id='word_1_380' title='bbox 997 4485 1062 4549; x_wconf 86' lang='lat' dir='ltr'><strong>pnde</strong></span> <span class='ocrx_word' id='word_1_381' title='bbox 1080 4494 1155 4535; x_wconf 80' lang='lat' dir='ltr'><strong>tenne</strong></span> <span class='ocrx_word' id='word_1_382' title='bbox 1173 4492 1230 4533; x_wconf 88' lang='lat' dir='ltr'><strong>ante</strong></span> <span class='ocrx_word' id='word_1_383' title='bbox 1248 4486 1315 4549; x_wconf 89' lang='lat' dir='ltr'><strong>pube</strong></span> <span class='ocrx_word' id='word_1_384' title='bbox 1367 4484 1400 4535; x_wconf 80' lang='lat'><strong>32</strong></span> <span class='ocrx_word' id='word_1_385' title='bbox 1420 4486 1625 4550; x_wconf 83' lang='lat' dir='ltr'><strong>expraemendos</strong></span> 
     </span>
     <span class='ocr_line' id='line_1_41' title="bbox 383 4552 1382 4622; baseline -0.006 -13"><span class='ocrx_word' id='word_1_386' title='bbox 383 4558 417 4610; x_wconf 81' lang='grc'><strong>33</strong></span> <span class='ocrx_word' id='word_1_387' title='bbox 434 4567 477 4608; x_wconf 85' lang='lat' dir='ltr'><strong>mn</strong></span> <span class='ocrx_word' id='word_1_388' title='bbox 492 4557 604 4622; x_wconf 87' lang='lat' dir='ltr'><strong>optantis</strong></span> <span class='ocrx_word' id='word_1_389' title='bbox 622 4564 651 4605; x_wconf 93' lang='lat' dir='ltr'><strong>ut</strong></span> <span class='ocrx_word' id='word_1_390' title='bbox 668 4570 682 4605; x_wconf 95' lang='lat' dir='ltr'><strong>o</strong></span> <span class='ocrx_word' id='word_1_391' title='bbox 700 4567 743 4606; x_wconf 86' lang='lat' dir='ltr'><strong>ant</strong></span> <span class='ocrx_word' id='word_1_392' title='bbox 762 4557 869 4606; x_wconf 80' lang='lat' dir='ltr'><strong>dolentis</strong></span> <span class='ocrx_word' id='word_1_393' title='bbox 888 4564 915 4605; x_wconf 89' lang='lat' dir='ltr'><strong>nt</strong></span> <span class='ocrx_word' id='word_1_394' title='bbox 934 4570 964 4603; x_wconf 82' lang='lat' dir='ltr'><strong>en</strong></span> <span class='ocrx_word' id='word_1_395' title='bbox 983 4564 1025 4603; x_wconf 82' lang='lat' dir='ltr'><strong>aut</strong></span> <span class='ocrx_word' id='word_1_396' title='bbox 1042 4555 1154 4620; x_wconf 84' lang='lat' dir='ltr'><strong>optantis</strong></span> <span class='ocrx_word' id='word_1_397' title='bbox 1176 4562 1203 4603; x_wconf 90' lang='lat' dir='ltr'><strong>nt</strong></span> <span class='ocrx_word' id='word_1_398' title='bbox 1219 4569 1248 4605; x_wconf 94' lang='lat' dir='ltr'><strong>o.</strong></span> <span class='ocrx_word' id='word_1_399' title='bbox 1267 4552 1382 4603; x_wconf 83' lang='lat' dir='ltr'><strong>Omultas</strong></span> 
     </span>
    </p>
   </div>
   <div class='ocr_carea' id='block_1_6' title="bbox 276 4776 1624 4917">
    <p class='ocr_par' dir='ltr' id='par_1_6' title="bbox 276 4776 1624 4917">
     <span class='ocr_line' id='line_1_42' title="bbox 403 4776 1570 4846; baseline -0.005 -15"><span class='ocrx_word' id='word_1_400' title='bbox 403 4782 419 4831; x_wconf 82' lang='lat' dir='ltr'><strong>b</strong></span> <span class='ocrx_word' id='word_1_401' title='bbox 437 4776 563 4846; x_wconf 72' lang='lat' dir='ltr'><strong>licentius]</strong></span> <span class='ocrx_word' id='word_1_402' title='bbox 583 4782 655 4844; x_wconf 79' lang='lat' dir='ltr'><strong>epist.</strong></span> <span class='ocrx_word' id='word_1_403' title='bbox 675 4778 742 4842; x_wconf 82' lang='grc'><strong>118,</strong></span> <span class='ocrx_word' id='word_1_404' title='bbox 761 4777 795 4830; x_wconf 80' lang='grc'><strong>79</strong></span> <span class='ocrx_word' id='word_1_405' title='bbox 812 4780 933 4841; x_wconf 85' lang='lat' dir='ltr'><strong>deceptus</strong></span> <span class='ocrx_word' id='word_1_406' title='bbox 947 4778 1033 4827; x_wconf 89' lang='lat' dir='ltr'><strong>omitte</strong></span> <span class='ocrx_word' id='word_1_407' title='bbox 1051 4778 1129 4826; x_wconf 83' lang='lat' dir='ltr'><strong>tueri:</strong></span> <span class='ocrx_word' id='word_1_408' title='bbox 1146 4778 1181 4839; x_wconf 83' lang='lat' dir='ltr'><strong>es.</strong></span> <span class='ocrx_word' id='word_1_409' title='bbox 1200 4778 1308 4839; x_wconf 82' lang='lat' dir='ltr'><strong>Pompei.</strong></span> <span class='ocrx_word' id='word_1_410' title='bbox 1323 4792 1351 4839; x_wconf 80' lang='lat' dir='ltr'><strong>n.</strong></span> <span class='ocrx_word' id='word_1_411' title='bbox 1370 4776 1421 4827; x_wconf 83' lang='lat'><strong>410</strong></span> <span class='ocrx_word' id='word_1_412' title='bbox 1433 4776 1473 4829; x_wconf 78' lang='lat' dir='ltr'><strong>ecl.</strong></span> <span class='ocrx_word' id='word_1_413' title='bbox 1496 4777 1570 4828; x_wconf 63' lang='lat' dir='ltr'><strong>laad.</strong></span> 
     </span>
     <span class='ocr_line' id='line_1_43' title="bbox 276 4843 1624 4917; baseline -0.001 -18"><span class='ocrx_word' id='word_1_414' title='bbox 276 4899 279 4904; x_wconf 23' lang='lat'><strong>⁴</strong></span> <span class='ocrx_word' id='word_1_415' title='bbox 335 4846 496 4915; x_wconf 69' lang='lat' dir='ltr'><strong>iacturum]</strong></span> <span class='ocrx_word' id='word_1_416' title='bbox 519 4852 699 4917; x_wconf 72' lang='lat' dir='ltr'><strong>Verppeorp.</strong></span> <span class='ocrx_word' id='word_1_417' title='bbox 719 4846 804 4899; x_wconf 78' lang='grc'><strong>11153</strong></span> <span class='ocrx_word' id='word_1_418' title='bbox 876 4846 909 4898; x_wconf 85' lang='lat' dir='ltr'><strong>ln</strong></span> <span class='ocrx_word' id='word_1_419' title='bbox 927 4843 1071 4913; x_wconf 83' lang='lat' dir='ltr'><strong>Sallustius]</strong></span> <span class='ocrx_word' id='word_1_420' title='bbox 1094 4847 1167 4899; x_wconf 83' lang='lat' dir='ltr'><strong>Catii.</strong></span> <span class='ocrx_word' id='word_1_421' title='bbox 1187 4847 1271 4909; x_wconf 77' lang='lat'><strong>36‚2</strong></span> <span class='ocrx_word' id='word_1_422' title='bbox 1326 4845 1356 4895; x_wconf 82' lang='grc'><strong>17</strong></span> <span class='ocrx_word' id='word_1_423' title='bbox 1376 4846 1451 4896; x_wconf 89' lang='lat' dir='ltr'><strong>habet</strong></span> <span class='ocrx_word' id='word_1_424' title='bbox 1469 4848 1490 4895; x_wconf 87' lang='lat' dir='ltr'><strong>si</strong></span> <span class='ocrx_word' id='word_1_425' title='bbox 1511 4847 1624 4897; x_wconf 85' lang='lat' dir='ltr'><strong>abiatiuo</strong></span> 
     </span>
    </p>
   </div>
   <div class='ocr_carea' id='block_1_7' title="bbox 335 4922 707 4988">
    <p class='ocr_par' dir='ltr' id='par_1_7' title="bbox 335 4922 707 4988">
     <span class='ocr_line' id='line_1_44' title="bbox 335 4922 707 4988; baseline -0.003 -17"><span class='ocrx_word' id='word_1_426' title='bbox 335 4923 454 4988; x_wconf 77' lang='lat' dir='ltr'><strong>iungatur</strong></span> <span class='ocrx_word' id='word_1_427' title='bbox 469 4922 601 4970; x_wconf 68' lang='lat' dir='ltr'><strong>macnus</strong></span> <span class='ocrx_word' id='word_1_428' title='bbox 703 4946 707 4952; x_wconf 93' lang='lat'><strong>·</strong></span> 
     </span>
    </p>
   </div>
   <div class='ocr_carea' id='block_1_8' title="bbox 0 0 1768 5600">
    <p class='ocr_par' dir='ltr' id='par_1_8' title="bbox 0 0 1768 5600">
     <span class='ocr_line' id='line_1_45' title="bbox 0 0 1768 5600; baseline 0 1"><span class='ocrx_word' id='word_1_429' title='bbox 0 0 1768 5600; x_wconf 95' lang='lat' dir='ltr'><strong> </strong></span> 
     </span>
    </p>
   </div>
  </div>
 </body>
</html>
