3525 5600
321 343 385 410 232
891 340 1045 404 ΡΟΜΡΕΙΙ

258 477 265 489 -
348 465 370 508 p.
384 453 472 496 too-oa
485 453 507 494 1.

323 535 387 596 iniit
413 535 533 614 inquam
562 551 673 614 quaeso
700 533 760 603 aio,
790 531 889 592 omnia
915 531 969 590 ista
997 528 1086 590 verba
1114 547 1176 589 non
1203 527 1314 590 habeut
1341 538 1453 590 rectum
1476 528 1600 592 ordinem

324 637 537 698 declinationis.
583 635 653 712 quid
677 651 747 712 crgo
770 633 931 694 iaciemus?
954 633 1091 711 quoniam
1115 650 1170 692 nos
1192 651 1241 693 ars
1263 631 1375 702 deficit,
1399 630 1538 692 debemus
1558 651 1598 692 re·

324 758 445 800 currere
477 738 513 800 ad
541 739 756 798 auctoritatem.
801 737 938 795 novimus
971 736 1049 795 cuiun
1086 752 1256 796 sermonem
1288 733 1413 796 latinum
1445 733 1492 793 bis
1522 733 1601 795 rebus

324 841 485 910 contineri,
509 858 564 900 usu
586 847 649 900 arte
672 839 856 899 auctoritate.
902 843 958 897 usu
981 856 1041 898 non
1062 836 1245 906 invenimus,
1274 839 1415 917 quoniam
1437 835 1601 898 defectivum

324 943 447 1004 verbum
471 949 529 1010 est,
560 950 589 1002 ει
616 939 694 1020 quod
723 939 821 1000 deficit
842 957 930 1000 usum
951 957 1012 1000 non
1033 938 1137 1000 habet:
1160 958 1215 1020 per
1235 957 1323 1000 usum
1345 941 1425 1000 euim
1449 937 1556 1007 delicit,
1581 941 1624 998 siv

281 1095 283 1100 .
325 1053 371 1108 cst
391 1044 578 1106 defectivum.
623 1042 669 1102 vel
698 1042 734 1103 ad
763 1049 857 1102 artem
886 1041 1028 1112 debemus
1055 1042 1231 1103 recurreret
1265 1045 1298 1103 in
1318 1043 1383 1122 ipsa
1405 1051 1469 1102 arte
1492 1039 1603 1118 legimus

324 1148 402 1208 ‘non
424 1155 494 1208 sunt
514 1143 665 1226 perlectae
689 1143 921 1205 declinationis’.
966 1162 1038 1222 ergo
1066 1145 1091 1204 si
1119 1151 1149 1204 ct
1177 1162 1247 1205 usus
1268 1163 1328 1206 nou
1351 1151 1410 1214 cst,
1435 1152 1465 1203 et
1485 1160 1533 1204 ars
1553 1161 1603 1202 uon

325 1251 486 1319 invenitur,
516 1247 552 1309 ad
582 1266 616 1308 ea
639 1265 693 1308 nos
714 1245 895 1315 referamne,
924 1253 956 1306 ut
978 1264 1013 1305 ea
1035 1253 1150 1307 tantum
1172 1247 1318 1316 dicamus,
1341 1263 1417 1324 quae
1438 1244 1514 1306 lecta
1535 1253 1603 1305 suut

325 1361 396 1432 puta
417 1353 494 1412 iniit:
524 1349 621 1428 legisti
649 1349 686 1409 de
716 1347 773 1409 boc
801 1346 892 1410 verbo
921 1355 981 1408 tres
1008 1346 1054 1408 vel
1083 1356 1220 1426 quattuor
1242 1367 1400 1429 personas,
1428 1348 1503 1410 baec
1524 1345 1603 1427 solal

324 1454 477 1522 invenisti,
502 1450 548 1512 bis
571 1450 640 1512 solis
662 1432 760 1520 uterc;
785 1468 845 1510 non
867 1449 961 1512 debes
982 1451 1019 1512 ad
1043 1450 1269 1513 similitudinem
1292 1450 1451 1512 declinare.
1483 1450 1635 1514 nedicasn
1701 1466 1703 1551 y

326 1555 399 1618 mibi
421 1555 490 1616 intio
513 1555 580 1616 iubs
603 1551 741 1615 intiebam
763 1553 913 1622 iaderam,
944 1554 1091 1632 quemad
1114 1553 1235 1615 modum
1256 1561 1329 1633 puta
1350 1553 1437 1615 audio
1461 1551 1543 1613 audis
1562 1572 1606 1613 an·

326 1657 443 1720 dicbam
467 1657 628 1718 audieram.
673 1657 790 1717 inistis
813 1655 966 1716 defectivis
989 1655 1085 1717 verbis
1107 1674 1168 1716 non
1195 1675 1354 1737 possumus
1374 1673 1429 1735 per
1451 1653 1607 1715 similitudi-

327 1779 396 1821 nem
421 1777 526 1820 novam
551 1753 723 1838 'conponere
753 1757 995 1828 declinationem,
1025 1756 1077 1819 sed
1100 1760 1210 1820 utimur
1231 1765 1345 1820 tautum
1368 1757 1458 1819 modo
1481 1758 1608 1836 personis

326 1862 469 1942 repertis,
504 1879 575 1940 quas
603 1861 768 1921 invenimus
794 1862 825 1920 in
859 1862 1043 1921 auctoritate.
1088 1879 1160 1939 ergo
1187 1862 1252 1922 iniit
1278 1863 1399 1938 inquam
1422 1877 1533 1940 quaeso
1559 1862 1607 1928 aio,

329 1964 428 2026 omnia
450 1965 505 2024 ista
528 1962 671 2023 defectiva
696 1969 764 2022 sunt
786 1972 816 2022 ει
839 1981 899 2023 non
921 1969 1046 2042 possunt
1067 1965 1125 2024 rite
1147 1961 1300 2024 declinari.
1620 1983 1639 2025 u

210 2087 270 2146 43⁶1,
284 2087 316 2136 23
414 2066 517 2127 Omnis
544 2065 639 2146 prima
667 2083 794 2144 persona
817 2067 848 2126 in
871 2065 961 2126 verbo
985 2066 1158 2144 corripitur:
1182 2065 1264 2144 lego,
1286 2084 1325 2143 go
1348 2065 1447 2126 brevis
1470 2073 1523 2125 cst.
1564 2083 1610 2124 ue·

328 2186 411 2228 cesso
444 2167 548 2229 babuit
582 2167 712 2227 Donatus
744 2166 815 2228 dare
848 2169 934 2228 istam
970 2167 1104 2245 regulam
1129 2176 1260 2248 propter
1287 2185 1425 2246 graecam
1464 2169 1611 2228 rationem.

327 2288 433 2349 graeca
462 2271 541 2330 euim
568 2267 658 2330 verba
686 2271 785 2330 onmia
812 2271 842 2331 in
878 2271 974 2349 prima
1006 2289 1135 2349 persona
1167 2269 1387 2350 producuntur,
1420 2270 1519 2330 motui.
1563 2269 1611 2328 boc

329 2391 400 2449 ergo
423 2373 539 2442 scitote,
569 2372 708 2451 quoniam
732 2372 826 2432 omnis
849 2373 945 2450 prima
972 2391 1100 2450 persona
1122 2371 1297 2451 productam
1321 2391 1339 2432 o
1361 2371 1452 2432 babet
1473 2388 1609 2448 graecam.

328 2474 425 2534 Latini
446 2481 546 2534 tamen
573 2491 696 2536 necesso
724 2473 895 2534 babuerunt
921 2473 1036 2534 abbae
1063 2473 1166 2552 regula
1194 2472 1363 2543 discedere,
1388 2483 1424 2534 et·
1440 2491 1529 2534 nemo
1549 2472 1641 2533 dicito

328 2577 418 2637 latine
440 2575 521 2654 lego,
545 2573 597 2636 sed
620 2575 700 2654 logei,
724 2593 812 2635 nemo
835 2574 907 2636 dicit
927 2576 1007 2645 dico,
1032 2575 1083 2635 sed
1106 2576 1186 2647 died,
1209 2575 1345 2637 similiter
1367 2575 1481 2662 scrib63
1504 2583 1611 2637 natura·

328 2678 397 2739 liter
419 2677 517 2738 brevis
540 2685 594 2739 est.
627 2695 698 2756 crgo
721 2679 817 2738 omnis
840 2679 934 2757 prima
956 2696 1083 2758 persona
1106 2678 1282 2739 naturaliter
1304 2678 1404 2739 brevis
1426 2687 1473 2739 est
1495 2679 1613 2757 excepta

329 2779 549 2862 monosyllabis.
587 2775 594 2858 Ι
636 2777 855 2863 monosyllabae
885 2780 963 2846 euim
991 2786 1092 2860 partes
1125 2781 1267 2841 orationis
1300 2779 1520 2860 producuntur.
1561 2800 1612 2841 nou

330 2902 486 2965 possumus
513 2882 613 2943 dicere
641 2882 678 2943 dci
706 2882 750 2943 std
778 2886 816 2943 nd
846 2881 941 2963 [unde
969 2888 1074 2943 ‘nare
1101 2901 1165 2962 per
1193 2889 1373 2943 aestatem
1395 2879 1612 2962 liquidam'];

332 2989 427 3047 omnis
449 2988 505 3047 ista
528 2986 624 3064 prima
646 3003 770 3063 persona
792 2987 824 3045 in
851 2982 1063 3063 monosyllabis
1090 2983 1274 3064 producitur.
1319 2986 1363 3045 vis
1385 2988 1463 3046 scire
1486 2985 1643 3065 quoniamae

331 3090 406 3149 ratio
429 3085 699 3167 monosyllabarum
721 3086 916 3165 producitur?
940 3087 1014 3147 lacio
1036 3093 1070 3146 ut
1092 3105 1151 3147 non
1173 3089 1233 3147 sint
1247 3086 1469 3168 monosyllabae
1485 3107 1538 3168 per
1552 3104 1614 3147 con-

332 3190 525 3269 positionem,
555 3199 584 3249 et
610 3187 737 3249 redeunt
764 3188 800 3249 ad
828 3188 909 3249 illam
938 3196 1081 3251 naturam.
1128 3188 1165 3249 do
1192 3188 1337 3270 producta
1360 3198 1417 3264 est,
1442 3190 1536 3251 reddd
1556 3208 1615 3249 cor-

332 3300 414 3371 repta
437 3298 491 3351 est.
522 3295 566 3351 sto
589 3289 732 3369 producta
755 3300 812 3359 est,
836 3291 919 3351 adstd
942 3292 1061 3361 constd,
1084 3293 1142 3351 iam
1164 3290 1232 3351 illae
1254 3294 1472 3371 corripiuntur,
1497 3302 1531 3353 ut
1550 3293 1617 3353 scias

333 3394 470 3475 quoniam
494 3402 564 3453 tunc
582 3401 652 3452 sunt
673 3392 849 3471 productae,
874 3392 992 3473 quando
1007 3403 1076 3455 sunt
1089 3391 1325 3471 monosyllabae3
1349 3412 1416 3453 cum
1432 3403 1532 3457 autem
1555 3412 1615 3455 eoe-
1701 3401 1702 3494 y

262 3516 269 3534 ε
332 3496 431 3575 perint
459 3513 522 3555 esse
551 3492 763 3575 polysyllabae,
799 3496 873 3557 fiunt
901 3494 1015 3556 breves.
1061 3496 1118 3555 boc
1144 3501 1176 3555 tu
1204 3496 1282 3555 scire
1310 3495 1430 3574 quidem
1459 3495 1564 3565 debes,
1590 3502 1647 3555 utn
1701 3501 1702 3558 l

333 3596 458 3659 naturali
486 3598 601 3658 ratione
628 3594 726 3657 brevis
753 3599 791 3657 sit
818 3599 914 3676 prima
942 3614 1078 3676 persona.
1123 3603 1223 3657 tamen
1250 3605 1386 3658 auctores
1408 3600 1616 3678 produxerunt.
1701 3587 1702 3666 l

335 3710 364 3761 et
389 3718 484 3779 paene
507 3696 653 3775 Vergilius
680 3698 757 3759 banc
785 3701 929 3759 rationem
957 3706 1076 3759 secutus
1104 3708 1151 3760 est
1171 3717 1324 3778 graecam,
1354 3708 1386 3760 ut
1408 3699 1515 3777 longas
1536 3708 1618 3780 ponat

334 3802 521 3883 frequenter,
547 3805 671 3859 ‘cauto
695 3818 784 3881 quac
807 3801 947 3861 solitus
970 3803 1001 3863 si
1022 3801 1202 3881 quando’:
1225 3808 1330 3871 canto,
1353 3811 1384 3863 to
1406 3801 1496 3880 longa
1519 3810 1562 3862 est
1583 3798 1619 3881 [et

333 3906 363 3966 iu
386 3900 464 3985 aliis]
489 3904 593 3983 positu.
622 3908 722 3963 tamen
744 3904 935 3965 inveniuntur
959 3903 1046 3964 verba
1068 3902 1148 3983 apud
1169 3906 1266 3983 ipsum
1281 3903 1458 3982 Vergilium,
1483 3904 1537 3965 ubi
1557 3904 1617 3964 brc-

334 4008 376 4067 vis
399 4008 491 4075 sito,
522 4000 526 4088 1
558 4008 669 4065 ‘nunc
698 4006 777 4066 scio
805 4005 892 4083 quid
921 4008 971 4065 sit
996 4010 1125 4067 auror'.
1169 4024 1239 4066 ecce
1261 4004 1359 4065 brevis
1382 4012 1436 4066 est.
1483 4006 1649 4068 neotericis

334 4115 431 4169 autem
454 4124 571 4173 omncs.
595 4106 705 4166 Statius
734 4117 763 4168 ει
790 4110 854 4179 alii,
884 4111 1011 4169 maiores
1032 4114 1100 4166 sunt
1122 4109 1153 4167 iu
1174 4107 1225 4168 illa
1246 4116 1331 4187 parte
1352 4127 1429 4188 quae
1452 4108 1550 4170 brevis
1570 4115 1618 4176 est,

335 4228 423 4289 quam
446 4210 477 4269 in
504 4207 552 4269 illa
580 4226 655 4289 quae
682 4206 770 4286 longa
794 4217 851 4279 est,
880 4218 985 4271 contra
1007 4206 1179 4287 Vergilium.
1224 4212 1321 4272 omnis
1343 4229 1415 4289 ergo
1437 4230 1456 4270 o
1478 4213 1511 4273 iu
1531 4212 1618 4291 prima

334 4330 464 4391 persona
486 4329 604 4390 semper
627 4312 786 4390 corripitur
808 4314 938 4391 exceptis
960 4309 1179 4392 monosyllabis.

337 4448 506 4455 .------—--.-..⁴
561 4450 562 4453 .
604 4448 638 4453 ...-

409 4500 421 4549 l
440 4500 481 4548 uio
501 4497 540 4548 Ch
559 4498 622 4548 odeo
638 4498 693 4549 ΑΒ
754 4499 845 4559 2quid
863 4516 924 4565 ergo
940 4500 1062 4549 sociemus
1080 4501 1105 4549 A
1122 4500 1182 4563 quid
1198 4517 1260 4567 ergo
1279 4500 1403 4551 iaciemus
1421 4501 1482 4564 quid
1503 4501 1618 4550 iaciemus

337 4568 412 4619 cua
498 4570 674 4631 'lergnetsi
694 4569 798 4618 ususA
885 4571 916 4620 ll
936 4568 1196 4636 insimulando
1263 4569 1348 4637 audis]
1368 4571 1458 4621 audies
1478 4567 1580 4621 ABc'

338 4640 371 4690 14
391 4640 416 4687 in
440 4648 542 4689 auctore
560 4636 642 4687 ΑΒΘ
730 4655 824 4701 quneso
849 4640 889 4690 aio
912 4641 1096 4691 Lbedeanannus
1120 4653 1215 4704 querco
1239 4656 1304 4703 queo
1325 4642 1350 4689 Β
1368 4656 1463 4705 quaeso
1484 4655 1564 4705 quaeo
1582 4640 1620 4688 Ge

337 4724 431 4773 quaeso
446 4708 546 4773 quneA
604 4707 635 4757 18
652 4710 905 4761 noranorwAB
957 4707 1618 4777 22breuisestergnABbreuessuutergoccb
1701 4763 1702 4766 Ἴ

244 4816 265 4859 3
384 4775 817 4843 tonare]Verp.9eor9,11115ti
868 4796 914 4846 per
931 4780 1179 4843 aestatemA(?)Gb
1198 4791 1349 4846 potetatem
1364 4782 1391 4830 B
1408 4792 1575 4847 praestantem
1587 4778 1619 4826 a*
1701 4819 1702 4822 ,

391 4847 424 4898 33
443 4846 525 4913 cauto]
555 4850 633 4914 Verp.
654 4848 735 4903 bucol.
755 4851 779 4911 2,
796 4850 828 4900 23
900 4850 933 4902 35
952 4864 1018 4898 nunc
1035 4848 1100 4914 scio]
1125 4851 1205 4915 Verp.
1222 4850 1302 4904 bucol.
1323 4852 1348 4917 8,
1368 4851 1401 4902 43
1464 4848 1618 4903 neutericiA
1701 4875 1702 4878 =
