3525 5600
674 271 911 384 tuntutttttvnt
1048 347 1055 372 ι
1376 323 1436 388 103

1264 445 1285 486 p.
1300 437 1374 474 ιιι-18
1389 433 1410 472 L.

159 537 202 580 raa
221 533 303 596 apuam
331 533 352 574 ιι
379 512 511 583 litterae,
538 512 569 572 id
592 519 637 572 est
659 517 692 572 ut
713 511 752 571 sit
771 492 894 580 vocalis,
925 518 957 572 ut
979 511 1016 570 sit
1038 510 1237 582 semivocalis,
1262 521 1293 572 ut
1315 515 1353 573 sit
1374 532 1435 574 me-

158 621 210 680 dia:
231 619 301 678 istae
323 633 498 676 communes
519 621 589 674 sunt
609 615 772 690 utriusque.
817 611 892 672 aliae
916 622 975 674 tvos
998 631 1057 674 nou
1079 620 1148 674 sunt
1170 632 1358 684 communes,
1382 615 1435 676 sed

158 723 272 782 diversas
298 717 410 780 babent
436 711 613 800 potestaltes.
659 733 727 775 nam
750 721 784 776 ut
806 713 878 774 nibil
901 715 954 782 sit,
982 721 1015 774 ut
1037 716 1076 775 sit
1099 716 1282 794 digammon,
1311 717 1368 778 hcc
1392 725 1436 778 est

158 823 314 890 ulitterae;
344 827 378 881 ut
404 821 441 880 sit
467 821 577 879 iterum
600 816 723 898 duplex,
753 815 811 876 boc
832 825 945 877 tantum
968 818 979 876 i
1000 815 1098 878 babet.
1146 827 1175 878 ot
1199 818 1262 880 vide
1286 837 1374 897 quem
1398 820 1433 880 ad

135 924 262 986 ιιιιοιιιιιιι
290 930 405 984 tractat.
449 928 555 983 tractat
581 921 679 1000 primo
706 918 743 980 de
770 918 829 980 illis
857 919 1080 991 communibus,
1110 927 1140 981 et
1167 927 1268 1000 postca
1298 921 1376 982 redit
1398 923 1432 983 ad

155 1030 216 1088 istos
236 1025 378 1105 speciales
400 1043 497 1086 casus.

226 1129 260 1188 vt
285 1129 345 1188 sint
372 1125 489 1187 vocales
516 1142 604 1202 quem
632 1123 668 1184 ad
698 1124 819 1184 modum
845 1122 1046 1202 intellegimus
1076 1123 1119 1185 vel
1142 1125 1220 1185 ivel
1245 1145 1261 1186 u
1285 1125 1543 1186 titteramttz‘nat

155 1240 213 1291 tunc
232 1237 298 1290 sunt
318 1229 452 1297 vocales,
475 1226 595 1308 quando
617 1225 698 1286 solae
720 1227 834 1306 positae
848 1224 989 1306 syllabam
1007 1228 1127 1295 iaciunt,
1151 1227 1194 1286 vel
1219 1227 1335 1306 quando
1358 1247 1428 1288 con·
1442 1205 1500 1322 g}
1513 1205 1546 1322 ἐξ

153 1335 255 1392 iunctae
281 1342 350 1392 sunt
377 1330 443 1392 aliis
471 1328 711 1390 consonantibus.
754 1330 779 1387 si
807 1327 888 1390 dicas
915 1347 1004 1398 unus,
1036 1327 1136 1389 usola
1167 1337 1212 1390 est
1240 1338 1269 1390 et
1291 1330 1431 1410 syllabam
1493 1309 1500 1336 ’

123 1427 227 1502 ιοιιοιις
253 1435 277 1493 si
299 1433 381 1494 dicas
402 1434 476 1502 itur,
506 1434 515 1492 i
537 1431 598 1492 sola
622 1440 666 1491 cst
689 1437 717 1490 et
740 1429 881 1509 syllabam
905 1429 982 1491 lacit.
1028 1447 1099 1508 ergo
1122 1441 1192 1492 tunc
1215 1433 1331 1493 vocales
1353 1447 1429 1505 siunt,

155 1534 259 1613 quando
280 1535 360 1596 solae
383 1536 498 1614 positae
520 1533 662 1614 syllabam
684 1534 806 1594 iaciunt.
829 1533 901 1592 item
925 1533 949 1592 si
972 1533 1089 1593 iunctae
1111 1534 1223 1596 luerint
1245 1541 1429 1608 consonanti,

155 1637 222 1697 unda
237 1636 334 1698 ludus.
359 1636 474 1718 [iuncta
497 1645 542 1696 est
562 1635 737 1696 consonanti
753 1642 782 1694 et
803 1632 891 1712 longa
907 1643 951 1694 est
967 1637 1097 1714 exceptis
1119 1655 1135 1696 a
1160 1644 1189 1697 et
1211 1657 1227 1698 e
1250 1648 1279 1699 et
1301 1659 1328 1700 o.
1362 1641 1429 1702 illac

152 1756 213 1798 vero
232 1741 290 1798 sive
313 1739 394 1800 solae
417 1740 530 1818 positae
552 1738 678 1807 luerint,
702 1735 828 1817 syllabas
850 1737 977 1806 iaciunt,
1001 1739 1061 1798 sive
1084 1739 1242 1816 iungantur·
1265 1759 1429 1803 consonan-

152 1841 232 1909 tibus,
253 1839 379 1919 syllabas
406 1838 509 1918 longas
537 1838 674 1920 iaciunt}
719 1856 789 1900 ecce
811 1837 917 1908 babes,
942 1839 1060 1915 quando
1082 1839 1198 1902 vocales
1220 1849 1297 1903 sunt.
1342 1837 1429 1905 modo

121 1942 294 2011 assideamus,
318 1942 438 2022 quando
460 1949 530 2002 sunt
551 1948 755 2003 consonantes.
786 1949 985 2002 consonantes
1007 1950 1077 2002 tuuc
1100 1951 1182 2012 sunt,
1207 1945 1325 2023 (putando
1347 1949 1429 2026 ipsae

151 2046 320 2124 praepositae
349 2052 473 2106 suntet
497 2044 608 2105 babent
630 2054 696 2123 post
717 2061 749 2102 se
777 2042 848 2103 alias
870 2042 985 2104 vocales
1008 2045 1037 2104 in
1061 2045 1154 2106 isdem
1177 2045 1296 2126 syllabis
1319 2053 1427 2111 cousti-

151 2155 225 2207 tutas.
259 2149 300 2207 sic
321 2147 475 2208 delinitum
499 2155 557 2206 est:
580 2145 676 2226 siquid
699 2145 736 2206 de
758 2145 805 2204 his
824 2143 915 2205 rebus
938 2147 1035 2206 minus
1058 2146 1183 2216 dixeris,
1207 2149 1265 2209 iam
1290 2169 1349 2212 uon
1372 2161 1428 2213 stat

150 2250 228 2322 ratio,
255 2249 371 2328 quaudo
397 2252 482 2328 ipsae
509 2249 695 2328 praepositae
723 2255 793 2309 sunt
820 2254 850 2306 et
877 2245 989 2307 habent
1016 2257 1082 2326 post
1110 2269 1143 2308 se
1165 2247 1236 2310 alias
1260 2251 1374 2314 vocales
1396 2257 1426 2314 iu

148 2350 230 2410 isdem
256 2349 375 2430 syllabis
401 2353 585 2412 constitutas.
629 2357 663 2410 ut
688 2351 713 2409 si
741 2349 822 2408 dicas
852 2367 957 2418 vanus,
987 2349 1075 2410 modo
1104 2347 1109 2430 Ι
1138 2369 1304 2414 consonans
1334 2364 1379 2415 est
1408 2377 1425 2418 ιι

119 2450 242 2512 alittera.
283 2453 372 2514 babet
402 2454 480 2513 enim
509 2449 581 2512 illud
611 2459 705 2512 totum
734 2451 813 2530 quod
842 2450 913 2510 dixi.
958 2469 1024 2511 uam
1053 2457 1082 2511 ει
1104 2455 1166 2532 ipsa
1189 2458 1358 2532 praeposita
1383 2467 1427 2519 est

148 2561 173 2612 et
197 2552 279 2614 babet
304 2561 371 2634 post
398 2573 431 2613 se
459 2555 588 2614 vocalem
611 2555 641 2614 in
665 2552 767 2614 eadem
795 2551 905 2633 syllaba
934 2545 1132 2614 constitutam.
1170 2573 1237 2615 nam
1262 2575 1367 2628 vanus,
1391 2579 1424 2620 va

147 2673 197 2715 una
222 2654 327 2734 syllaba
362 2666 415 2716 est.
461 2656 547 2716 tanus
576 2665 605 2716 et
631 2658 642 2715 i
670 2655 760 2716 babet
787 2663 855 2734 post
882 2675 914 2714 se
937 2673 967 2723 a,
998 2663 1028 2714 οι
1049 2673 1106 2716 una
1129 2656 1238 2736 syllaba
1263 2667 1316 2719 est.
1355 2663 1423 2740 quid

147 2775 212 2837 opus
232 2767 273 2819 est
294 2767 327 2821 ut
348 2757 405 2819 boc
428 2757 556 2829 diceret,
579 2766 612 2819 ιιι
632 2760 714 2838 ipsae
737 2756 916 2837 praecedant
939 2769 968 2818 et
990 2755 1119 2819 habeant
1140 2765 1205 2838 post
1228 2779 1259 2822 se
1282 2760 1352 2824 alias
1376 2784 1424 2825 vn-

148 2859 214 2920 cales
237 2862 267 2921 in
293 2860 389 2923 isdem
417 2861 537 2941 syllabis
567 2862 760 2922 constitutas?
799 2861 866 2939 quia
895 2860 919 2919 si
948 2877 1007 2920 uon
1035 2862 1116 2939 ipsae
1143 2866 1360 2942 praecesserint
1396 2876 1424 2927 et

119 2960 262 3024 stratoni
282 2971 350 3043 post
370 2982 403 3023 se
424 2961 542 3023 vocales
563 2964 593 3023 in
615 2963 709 3023 isdem
731 2961 852 3041 syllabis
874 2964 1061 3033 constitutas,
1086 2982 1146 3024 uon
1168 2974 1236 3025 sunt
1257 2986 1422 3029 consonan-

148 3068 193 3123 tes.
232 3072 300 3143 puta
331 3066 356 3125 si
385 3066 467 3125 dicas
494 3065 648 3144 quoniam:
677 3082 747 3124 accc
774 3072 841 3144 post
863 3083 882 3143 q
905 3066 1019 3125 invenis
1041 3084 1073 3135 ιι,
1100 3066 1151 3127 sed
1174 3076 1273 3129 tamen
1296 3089 1356 3130 non
1379 3080 1424 3132 est

148 3182 296 3227 consonans
323 3186 357 3237 u,
386 3168 527 3247 quoniam
556 3186 615 3227 non
642 3168 705 3245 ipsa
734 3168 904 3245 praecessit.
949 3168 1018 3228 item
1048 3186 1139 3245 quaro
1162 3168 1289 3231 diximus
1312 3174 1355 3232 ‘si
1376 3192 1422 3233 se·

147 3276 258 3344 quantur
278 3269 394 3330 vocales
421 3270 452 3329 in
480 3268 576 3330 isdem
598 3266 718 3347 syllabis
740 3269 952 3328 constitutae'?
980 3278 1049 3348 puta
1073 3272 1098 3331 si
1120 3270 1201 3331 dieas
1224 3271 1315 3343 lutus,
1339 3277 1349 3334 i
1372 3294 1422 3335 vo·

147 3367 206 3429 calis
225 3378 318 3432 estet
343 3390 363 3431 u
385 3370 492 3433 vocalis
515 3377 569 3431 ests
611 3368 715 3431 debuit
737 3388 809 3447 evgo
832 3390 897 3431 esse
920 3390 1100 3441 consonans,
1124 3380 1154 3432 et
1175 3392 1340 3437 consonans
1362 3397 1420 3439 uon

118 3478 189 3530 tuest.
221 3474 327 3552 quare?
355 3474 424 3550 quia
445 3474 456 3532 i
479 3481 508 3532 et
529 3491 548 3533 u
571 3490 631 3531 non
661 3479 732 3532 sunt
758 3473 847 3533 uarius
875 3470 1017 3551 syllabae,
1048 3472 1099 3533 sed
1129 3475 1202 3535 duae
1225 3486 1302 3539 sunt.
1349 3500 1420 3561 ergo

146 3574 190 3632 nisi
214 3576 265 3635 ista
293 3577 480 3635 consentiant
507 3575 619 3644 omnia,
655 3593 714 3635 non
749 3584 818 3636 sunt
845 3582 1055 3644 consonantes,
1088 3576 1117 3637 id
1147 3586 1190 3638 est
1217 3582 1273 3641 uisi
1302 3590 1330 3641 et
1357 3586 1418 3662 ipsa

146 3674 287 3750 praecedat
309 3684 339 3735 et
361 3674 469 3737 babeat
491 3685 556 3756 post
578 3696 610 3737 se
632 3675 763 3737 vocalem
791 3680 822 3737 in
845 3677 947 3738 eadem
971 3677 1081 3758 syllaba
1106 3682 1303 3742 constitutam.
1349 3704 1419 3745 ecce

145 3775 246 3853 quando
271 3786 342 3837 sunt
369 3786 575 3839 consonantes,
620 3780 736 3840 mediae
763 3780 903 3840 dicuntur
930 3778 1010 3849 ideo,
1041 3782 1107 3859 quia
1138 3780 1312 3861 aliquotiens
1339 3786 1418 3846 solae

145 3876 220 3937 alium
246 3898 351 3939 sonum
380 3879 507 3950 babent,
538 3880 716 3961 aliquotiens
739 3882 848 3941 mixtae
871 3880 960 3943 alium
983 3900 1088 3943 sonum
1112 3882 1231 3945 tabent.
1276 3905 1344 3948 ecco
1368 3888 1416 3947 ad·

119 3989 220 4050 dvorte,
241 4000 298 4061 quo
320 3982 409 4042 modo
432 3991 518 4044 sonat
538 4002 568 4043 ιι.
601 4002 686 4054 unus,
711 4003 780 4044 ecce
803 4002 822 4043 u
845 3983 928 4073 vides
950 4002 1037 4064 quam
1058 3987 1186 4046 tenuiter
1208 3995 1303 4047 sonat.
1326 3991 1417 4069 iunge

197 4200 214 4251 a
232 4218 247 4251 u
264 4204 318 4253 sota
334 4215 374 4253 est
392 4213 417 4251 et
434 4205 460 4253 in
478 4204 569 4268 syllam
589 4202 649 4254 lecit
664 4219 726 4269 ergo
745 4205 848 4255 uocales
867 4214 927 4256 tuuc
944 4217 1002 4255 suat
1018 4206 1119 4269 quaudo
1138 4208 1207 4257 sotae
1226 4210 1323 4275 positae
1338 4210 1416 4274 sylla·

145 4268 189 4317 bam
205 4270 297 4322 iaciunt
316 4275 337 4323 si
354 4274 426 4323 dicas
443 4276 493 4323 itur
511 4276 519 4323 i
535 4275 590 4324 sola
606 4316 634 4328 ..
654 4284 679 4323 et
695 4275 818 4339 syllabam
834 4274 896 4325 lacit
915 4277 974 4326 itcm
998 4277 1019 4326 si
1044 4278 1143 4325 insuetae
1166 4276 1258 4327 luerint
1277 4280 1309 4329 ad
1324 4295 1415 4333 conso-

145 4342 199 4390 nanti
215 4343 239 4390 A
257 4360 273 4391 ιι
291 4345 345 4393 sola
363 4352 403 4392 est
421 4354 446 4393 ει
463 4344 587 4408 syllabam
606 4343 664 4394 lecit
683 4361 744 4411 ergo
763 4346 866 4395 uocales
885 4356 944 4395 tuuc
958 4355 1017 4397 sunt
1035 4347 1136 4411 quando
1155 4348 1225 4397 solae
1245 4351 1341 4413 positae
1363 4352 1415 4415 syl-

145 4408 210 4458 labam
228 4411 321 4462 taciunt
345 4414 366 4461 si
387 4412 457 4463 dicas
479 4416 530 4465 itur
549 4416 557 4463 i
573 4416 626 4465 sota
647 4424 684 4465 est
701 4427 725 4464 et
739 4417 862 4480 syllabam
882 4415 942 4465 tacit
962 4432 1024 4483 ergo
1044 4427 1101 4467 ιιιιιε
1119 4418 1219 4467 uocales
1238 4428 1296 4467 sum
1314 4422 1414 4481 quaudo

145 4479 198 4528 solae
213 4484 310 4547 positae
328 4483 451 4544 syllabam
471 4484 568 4534 iaciunt
587 4486 647 4535 item
664 4488 686 4535 si
705 4487 805 4535 iunctae
824 4486 918 4535 luerint
934 4489 1084 4537 consonanti
1103 4486 1176 4539 BCa
1265 4488 1295 4540 11
1313 4490 1371 4537 item
1392 4493 1414 4539 si

146 4547 213 4598 iuncta
231 4551 304 4602 ιἰιειίι
324 4552 357 4602 ad
379 4562 498 4604 sonantes
511 4556 579 4604 unda
597 4556 672 4604 indus
692 4558 792 4606 iunctae
811 4567 868 4605 sunt
887 4558 1052 4608 oonrsouautia
1070 4566 1094 4605 et
1114 4558 1190 4623 longa
1209 4566 1247 4607 est
1267 4562 1413 4626 exeeptisa

145 4632 181 4667 eo
200 4622 239 4671 itte
261 4638 321 4671 uero
345 4624 368 4671 si
392 4625 461 4673 solae
479 4627 594 4690 possitae
617 4625 710 4676 tuerint
733 4626 843 4691 syllabas
868 4626 963 4677 iaciunt
983 4628 1037 4675 siue
1062 4629 1198 4692 intingentur
1217 4630 1413 4681 consonantibus

145 4687 238 4749 syllabas
255 4693 345 4757 longas
365 4692 460 4743 laciuut
479 4694 502 4743 L
552 4697 584 4747 14
602 4695 693 4761 langas
712 4696 825 4760 syllabas
844 4696 880 4755 (et
898 4697 989 4746 breues
1007 4696 1068 4749 add,
1086 4696 1112 4761 ο)
1132 4696 1224 4748 lanciunt
1238 4698 1290 4750 BG
1340 4700 1373 4751 23
1387 4710 1414 4749 ut

145 4754 181 4805 hoc
197 4760 280 4810 diciret
291 4763 317 4811 A
333 4772 361 4812 ut
379 4762 426 4813 boo
438 4764 524 4813 dicent
537 4766 563 4815 B
631 4768 666 4816 24
681 4768 740 4829 quia
753 4796 784 4803 —
797 4768 947 4818 constitutas
965 4782 1010 4815 our.
1026 4766 1060 4828 A,
1079 4767 1139 4819 aad.
1153 4783 1171 4816 a
1240 4766 1272 4820 31
1288 4770 1336 4819 iata
1354 4785 1412 4821 cou-

145 4829 304 4881 contonat
323 4834 358 4881 ita
375 4836 549 4884 consentiant¹
565 4834 587 4884 C
