3525 5600
280 317 284 326 '
321 329 362 394 96
893 335 1046 398 rourun

370 453 392 495 p.
405 441 456 481 1-5
469 440 521 481 1,.“”

320 521 413 582 iactae
446 529 529 591 sunt,
561 540 616 602 per
648 541 721 602 quas
754 530 888 602 currunt.
934 542 982 584 ars
1015 541 1086 600 ergo
1119 522 1213 590 dicta,
1240 521 1317 602 quod
1347 523 1419 583 artis
1447 525 1606 602 praeceptis

320 623 410 684 muita
433 631 539 685 teneat,
585 621 668 684 muiti
690 641 761 704 ergo
784 626 887 686 dicunt
909 623 945 684 ab
969 631 1032 684 arte
1055 621 1255 684 inchoandum
1278 643 1352 685 esse.
1392 631 1422 684 et
1442 644 1533 705 quare
1554 626 1608 685 hoc

320 721 448 806 diieunt‘?
477 728 544 806 qnia
570 725 607 786 ab
634 728 698 806 ipsa
727 735 790 788 arte
818 734 975 788 tractatum
1004 734 1062 796 est,
1093 735 1122 785 et
1150 727 1287 804 quoniam
1319 725 1462 794 debemus
1483 728 1606 807 primum

321 829 397 888 scire
420 827 475 888 hoc
497 828 593 906 ipsum
615 828 693 907 quod
723 829 861 900 dicimus,
892 836 921 889 et
948 834 1051 907 postea
1074 845 1148 908 quae
1171 829 1209 887 sit
1229 830 1294 907 ipsa
1318 847 1366 889 res
1388 829 1514 890 discere.
1559 828 1607 889 sed

319 930 376 989 hoc
399 947 433 988 ex
456 930 614 1008 superfluo.
660 949 709 991 ars
732 933 809 993 enim
832 938 930 1011 potest
952 930 1009 990 dici
1032 937 1062 990 et
1083 917 1210 990 tonsoris
1234 938 1263 989 et
1283 929 1432 1011 plumarii.
1468 930 1552 991 inuiti
1574 929 1634 988 ato

318 1033 389 1110 ipsis
416 1031 522 1091 litteris
549 1027 705 1101 inchoant:
734 1052 789 1094 nec
811 1033 867 1092 hoo
891 1050 992 1092 verum
1017 1040 1069 1092 est.
1103 1029 1189 1092 multi
1217 1039 1247 1092 ct
1275 1051 1291 1093 a
1319 1051 1389 1094 voce
1412 1032 1554 1094 inchoant
1575 1051 1607 1092 ea

319 1135 447 1202 ratione,
463 1135 601 1212 quoniam
623 1133 749 1203 litterae,
774 1134 810 1195 de
834 1152 904 1195 voce
926 1143 995 1194 sunt
1017 1140 1113 1202 natae,
1139 1141 1168 1194 et
1190 1151 1249 1194 non
1272 1153 1432 1214 possumus
1453 1135 1609 1215 pervenire

250 1277 253 1282 -
318 1225 355 1296 ad
381 1235 556 1301 secundam,
583 1237 640 1295 nisi
668 1236 831 1297 dixerimus
856 1237 984 1316 primam
1011 1243 1137 1314 partem.
1183 1255 1238 1296 nec
1267 1235 1325 1296 hoc
1347 1255 1450 1298 verum
1473 1245 1532 1306 est,
1558 1235 1607 1296 sed

318 1339 368 1417 qui
389 1337 509 1398 inchoat
530 1343 638 1407 artem,
662 1337 751 1399 debet
771 1337 914 1399 inchoare
936 1336 973 1398 ab
996 1345 1063 1398 octo
1078 1336 1214 1418 partibus
1229 1339 1378 1399 orationis.
1404 1356 1461 1416 qna
1476 1339 1609 1399 rationei

318 1441 386 1518 quia
408 1442 458 1520 qui
480 1448 574 1500 artem
596 1442 682 1501 istam
703 1440 820 1511 scribit,
843 1441 1052 1520 grammaticus
1075 1440 1192 1501 dicitur.
1223 1440 1260 1500 de
1275 1447 1340 1501 arte
1362 1449 1461 1502 autem
1483 1447 1609 1501 tractare
1622 1450 1647 1488 1⁰

318 1541 389 1622 quid
417 1549 476 1612 est,
508 1543 564 1602 nisi
591 1549 719 1604 tractare
741 1543 778 1604 de
800 1552 868 1604 octo
890 1542 1025 1623 partibus
1047 1543 1206 1604 orationis?
1236 1543 1273 1603 de
1291 1561 1364 1604 voce
1386 1550 1516 1604 tractare
1541 1542 1610 1622 quid

319 1653 365 1704 est
388 1641 491 1725 [vox]i
513 1643 570 1705 hoc
592 1644 838 1726 philosophorum
861 1654 917 1705 est.
955 1644 991 1705 de
1013 1643 1120 1705 litteris
1142 1651 1271 1706 tractare
1294 1646 1427 1705 omnium
1448 1653 1504 1706 est.
1543 1662 1609 1705 nam

319 1753 349 1805 et
370 1752 471 1806 orator
492 1748 609 1825 quaerit
629 1746 742 1808 litteras
765 1747 879 1807 discere
903 1754 933 1807 et
946 1749 1157 1824 grammaticus
1178 1745 1313 1808 similiter
1336 1756 1365 1808 et
1387 1748 1528 1825 magister
1551 1745 1611 1806 ludi

317 1847 407 1908 idem.
451 1865 519 1908 nam
542 1847 579 1908 de
600 1849 732 1928 partibus
754 1857 898 1920 tractare,
923 1849 979 1909 hoc
1000 1850 1184 1926 grammatici
1207 1855 1260 1910 est.
1305 1848 1418 1910 idcirco
1441 1849 1530 1910 etiam
1554 1848 1610 1909 Do·

318 1959 404 2010 natus
425 1949 495 2027 inde
523 1948 684 2021 inchoarit,
714 1949 751 2011 ab
777 1953 849 2031 ipsis
877 1950 1020 2031 partibus
1064 1953 1163 2032 perite
1186 1958 1216 2011 et
1236 1949 1342 2011 caiiide
1365 1949 1489 2012 exclusit
1513 1951 1609 2010 omnia
1623 1959 1647 1998 ¹⁵
1719 1983 1720 2002 t

317 2051 366 2112 iiia
390 2052 426 2112 de
449 2071 534 2121 voce,
563 2053 600 2112 de
628 2051 741 2123 littera,
771 2071 846 2132 quae
874 2061 926 2114 aut
952 2055 1071 2134 proprie
1096 2060 1196 2114 essent
1222 2051 1347 2115 aliorum
1369 2061 1421 2114 aut
1442 2054 1610 2114 communia

316 2153 492 2222 multorum,
517 2172 577 2215 non
601 2162 698 2215 tamen
721 2162 823 2215 essent
844 2156 937 2234 ipsius
959 2158 1089 2237 propria.
1133 2153 1255 2216 inchoat
1276 2156 1368 2234 igitur
1390 2154 1427 2215 ab
1450 2161 1518 2215 octo
1541 2172 1608 2234 par·

315 2256 394 2318 tibus
416 2258 568 2318 orationis.
1025 2339 1026 2344 η

197 2366 256 2426 405,
271 2367 302 2415 12
400 2360 501 2421 Oratio
529 2359 638 2419 dicitur
666 2357 809 2429 elocutio,
839 2367 868 2420 et
899 2359 977 2422 dicia
1006 2363 1099 2422 oratio
1128 2361 1211 2442 quasi
1239 2361 1298 2420 oris
1320 2361 1405 2421 ratio.
1450 2359 1526 2420 hacc
1546 2361 1611 2440 ipsa

197 2435 257 2497 487,
270 2437 302 2484 23
314 2464 409 2541 prima
430 2481 501 2542 pars
524 2469 590 2523 ecto
612 2479 661 2523 res
682 2469 797 2524 tantum
824 2465 983 2542 significat,
1011 2462 1014 2546 Ι
1038 2481 1148 2524 nomen
1171 2481 1336 2542 pronomen
1358 2461 1483 2523 verbum
1506 2461 1609 2522 adver·
1623 2471 1648 2510 2⁰

314 2564 396 2626 bium
418 2566 604 2645 participium
627 2567 868 2626 coniunctionem
890 2566 1141 2645 praepositionem
1163 2565 1410 2626 interiectionem.
1441 2564 1507 2624 ride
1530 2582 1611 2625 nunc

314 2666 496 2745 singularum
528 2669 735 2748 proprietates.
780 2687 872 2748 quare
905 2667 1015 2728 dictum
1049 2674 1094 2726 est
1124 2667 1251 2728 nomeni
1285 2669 1422 2747 quoniam
1450 2685 1506 2748 per
1534 2667 1612 2727 hanc
1719 2695 1720 2698 ¹

314 2775 436 2849 partem
445 2788 495 2831 res
510 2777 595 2830 notas
609 2771 786 2832 invenimus.
816 2769 896 2831 unde
912 2770 1069 2841 sciremus
1093 2788 1152 2849 quo
1168 2768 1256 2831 modo
1277 2770 1426 2831 diceretur
1448 2767 1608 2831 columna?

315 2890 385 2933 ecce
407 2872 480 2933 dicis
503 2871 575 2932 mihi
598 2871 752 2933 ‘columna
776 2872 914 2943 dicitur',
938 2891 1008 2934 ecce
1031 2873 1135 2933 didici:
1159 2879 1263 2953 postea
1286 2874 1421 2933 etiamsi
1443 2871 1525 2933 iilam
1548 2890 1611 2932 non

314 2973 430 3053 videam
456 2982 485 3035 et
512 2976 647 3036 nomines
674 2975 747 3035 mihi
775 2974 962 3045 columnam,
985 2973 1034 3034 iiia
1057 2975 1160 3035 notitia
1184 2977 1263 3036 venit
1284 2974 1321 3036 ad
1344 2976 1474 3035 animum
1497 2993 1609 3035 meum.
1623 2992 1647 3033 ss

313 3076 382 3137 ideo
404 3076 514 3137 dictum
537 3086 583 3138 est
604 3096 722 3147 nomen,
747 3077 825 3154 quod
848 3083 934 3137 notas
957 3095 1059 3138 rerum
1082 3078 1190 3139 nostris
1212 3078 1318 3137 animis
1340 3078 1487 3156 suggerit,
1510 3076 1541 3137 id
1565 3084 1612 3137 est

315 3178 393 3259 quod
423 3179 513 3260 efficit
540 3179 626 3240 nohis
653 3198 702 3241 res
725 3186 820 3241 notas.
864 3186 895 3241 et
916 3179 992 3241 bene
1015 3182 1144 3258 primum
1166 3181 1292 3259 positum
1317 3188 1362 3240 est
1382 3197 1501 3241 nomen.
1547 3196 1611 3239 non

315 3282 395 3341 enim
423 3288 510 3361 potes
541 3290 669 3342 tractare
697 3282 734 3342 de
762 3280 875 3352 littera,
905 3280 942 3343 de
969 3301 1055 3353 voce,
1087 3283 1144 3343 nisi
1170 3284 1366 3363 prinsecus,
1389 3280 1462 3361 quid
1485 3278 1611 3341 esthon

312 3385 419 3461 ipsum.
463 3383 576 3444 idcirco
599 3385 738 3461 quoniam
761 3386 879 3445 nomina
903 3385 1080 3464 primigenia
1102 3395 1171 3445 sunt
1193 3386 1223 3443 in
1245 3381 1335 3444 rebus
1357 3381 1510 3452 omnibus,
1534 3382 1611 3442 haec

313 3488 410 3565 prima
438 3484 548 3547 debent
575 3488 655 3565 poni.
700 3505 789 3547 nemo
817 3487 897 3547 enim
924 3494 1022 3566 potest
1048 3494 1176 3549 tractare
1198 3488 1294 3566 primo
1317 3485 1353 3546 de
1375 3484 1440 3546 aliis
1460 3484 1609 3565 partibus.
1623 3506 1646 3547 se

313 3587 426 3647 idcirco
448 3587 545 3689 p12ima
567 3606 635 3667 pars
657 3597 703 3650 est
724 3608 840 3650 nomen.
879 3607 1047 3669 pronomen
1070 3588 1180 3649 dictum
1205 3596 1262 3657 est,
1292 3587 1371 3669 quod
1394 3588 1478 3667 quasi
1500 3586 1608 3664 iunga-

314 3698 361 3751 tur
384 3690 480 3751 oiiicio
503 3691 641 3751 nominis.
686 3691 764 3771 siqui
791 3690 869 3752 dicat
892 3690 1056 3769 ‘Vergilius
1078 3692 1197 3771 scripsit
1218 3688 1377 3761 bucolioa'‚
1407 3689 1527 3750 nomine
1550 3690 1609 3749 uti·

313 3846 520 3853 ---.—--.---
538 3846 614 3851 .--

383 3948 396 3997 1
415 3964 461 4015 per
479 3964 543 4013 quas
563 3954 667 3997 enrrnnt
686 3948 771 3997 omnin
792 3950 897 3999 coniecit
915 3949 1101 3999 Lindemauuue
1153 3946 1168 3997 3
1187 3947 1218 3996 ab
1238 3948 1296 4012 ipsa
1315 3956 1386 4013 parte
1404 3945 1533 3997 ABGL:
1550 3946 1610 4007 snr-

314 4026 383 4069 tasse
399 4020 430 4067 ab
450 4019 508 4083 ipsa
526 4026 580 4067 arte
599 4026 719 4067 tractatos
739 4026 786 4066 est·
805 4034 862 4067 nam
880 4019 925 4071 icoc
943 4020 1050 4069 votuisse
1066 4019 1165 4070 videtur
1180 4019 1373 4082 prensantem,
1394 4024 1543 4074 tractatum,
1561 4017 1609 4065 uec

314 4097 352 4138 est
368 4090 562 4153 explicationem
581 4089 645 4137 artis
659 4090 846 4152 grmmuaticae,
864 4088 897 4137 od
915 4092 971 4151 ipsa
989 4096 1048 4139 arte
1062 4090 1190 4154 proficisci
1249 4088 1265 4137 4
1283 4087 1351 4152 quod
1369 4087 1478 4136 dicimos
1498 4086 1522 4134 t
1539 4086 1608 4149 quod

338 4166 364 4197 ι’
1545 4176 1547 4179 “
1640 4183 1649 4203 x

314 4210 422 4259 dicimus
440 4211 461 4260 G
477 4217 503 4258 et
515 4212 655 4272 expunctis,
675 4217 702 4259 ut
717 4210 824 4273 uidetur,
843 4208 869 4258 di
886 4212 978 4261 litteris
996 4210 1021 4258 A
1038 4210 1106 4273 quod
1119 4210 1241 4260 discimus
1259 4209 1284 4258 B
1370 4208 1386 4259 5
1402 4206 1474 4257 inuiti
1491 4207 1523 4256 ab
1543 4206 1609 4271 ipsis

313 4281 402 4331 titteris
429 4278 549 4328 inchoent
569 4294 616 4328 nee
640 4278 689 4328 hoc
712 4295 800 4329 verum
823 4288 860 4327 est
877 4279 924 4329 doc
945 4285 998 4331 ioco
1016 4296 1063 4332 orn.
1085 4280 1210 4340 ABCL‚
1232 4287 1289 4345 post
1316 4278 1333 4327 8
1359 4293 1445 4327 verum
1474 4286 1513 4326 eet
1542 4278 1607 4326 odd.

313 4349 387 4400 BCa
442 4350 474 4400 10
492 4350 565 4399 istem
578 4349 627 4399 Bu
641 4356 667 4399 et
683 4352 709 4398 iu
726 4352 803 4400 litura
820 4366 837 4399 a
855 4349 940 4414 ipsum
955 4352 988 4412 L,
1008 4352 1074 4400 unde
1088 4352 1170 4415 ipsam
1188 4351 1297 4399 editores
1313 4348 1518 4399 Vindodenences
1536 4348 1607 4397 nunt.

311 4435 391 4484 gram
410 4436 437 4484 p.
451 4420 500 4470 511
575 4419 604 4469 ll
625 4421 687 4483 quid
708 4429 747 4469 est
766 4434 818 4470 nox
836 4418 885 4468 hec
899 4420 953 4471 Ae
970 4420 1029 4481 qnid
1049 4429 1088 4469 est
1106 4421 1155 4469 nisi
1171 4434 1222 4470 uox
1241 4419 1290 4471 hoe
1308 4419 1333 4468 B
1351 4418 1468 4481 quidest
1487 4417 1537 4465 nisi
1556 4430 1610 4467 uox

313 4491 350 4538 L:
370 4506 419 4539 vox
437 4490 569 4540 delendum
585 4505 641 4540 esse
657 4490 720 4540 uidit
737 4491 925 4540 Lindumnnm
995 4491 1028 4540 14
1046 4486 1124 4555 idem]
1146 4490 1204 4539 item
1224 4488 1279 4538 BL
1350 4490 1381 4539 17
1400 4488 1519 4554 igiturL
1544 4500 1608 4553 erge

314 4561 402 4622 C,om.
422 4561 478 4609 AB
548 4560 581 4611 21
601 4561 660 4609 uide
676 4575 743 4610 nune
762 4556 958 4627 singulorumL
977 4560 1035 4609 uide
1054 4556 1213 4625 singulorum
1228 4558 1312 4609 ABG
1370 4558 1404 4608 23
1421 4558 1549 4607 diceretur
1563 4572 1609 4605 eo·

315 4630 402 4679 lumna
419 4631 483 4681 dicis
500 4629 563 4679 mihi
579 4630 699 4680 columna
716 4631 808 4680 dicitur
825 4646 883 4679 ecce
902 4629 987 4679 dedici
1004 4637 1094 4695 postea
1110 4631 1186 4679 etiem
1205 4630 1227 4679 si
1244 4630 1267 4678 L
1285 4629 1410 4678 diceretur
1427 4626 1546 4677 columne
1564 4627 1609 4675 uei

314 4708 402 4765 posteo
420 4699 515 4765 (postis
532 4700 570 4764 B)
589 4716 646 4751 ecee
662 4700 727 4751 dicis
744 4701 806 4751 mihi
822 4701 941 4749 columne
953 4698 1046 4748 dicitur
1058 4715 1116 4749 ecce
1129 4700 1220 4749 dicitur
1238 4707 1327 4765 postea
1347 4698 1421 4748 etiam
1440 4695 1513 4761 (post
1529 4698 1607 4746 etiam

314 4770 340 4819 B
357 4778 446 4835 postea
461 4779 485 4818 et
502 4780 546 4821 ortt
565 4771 597 4834 0)
615 4771 638 4822 si
657 4772 680 4819 Α
689 4772 730 4820 Bi
819 4772 854 4820 211
872 4776 946 4819 nutes
965 4783 1048 4819 rerum
1067 4769 1138 4819 BCu
1156 4778 1229 4819 notas
1248 4784 1288 4817 res
1305 4767 1362 4817 AL
1439 4766 1563 4833 28potes
1582 4766 1607 4816 h

314 4848 397 4907 potest
417 4840 439 4886 Α
448 4840 498 4889 BC
