3525 5600
648 359 884 425 COMMENTVM
1387 355 1428 422 99

1268 481 1289 523 p.
1303 471 1366 510 u-tt
1381 468 1402 508 L.

151 553 307 615 dividuntur
329 551 535 632 prideipaliter
557 555 587 612 in
610 551 683 612 duas
704 558 819 631 partes,
842 553 872 612 in
888 549 1004 612 vocales
1018 551 1091 610 etin
1107 557 1312 610 consonantes
1346 552 1429 628 ipsae

153 660 217 716 itetu
242 662 436 715 consonantes
462 654 633 714 dividuntur
660 656 691 713 in
720 652 794 714 duas
815 661 928 733 partes,
953 653 983 714 in
1006 652 1196 714 semivocales
1220 659 1249 712 et
1271 653 1300 711 in
1322 660 1428 712 mutas.

152 776 217 836 ergo
236 757 308 816 duae
329 767 398 818 suut
419 759 534 836 primae
554 765 669 834 partes,
692 755 808 816 vocales
831 763 860 814 et
881 765 1086 816 consonantes.
1124 755 1148 814 si
1172 773 1231 814 non
1253 761 1323 813 sunt
1343 771 1429 814 voca·

152 862 202 926 les,
229 867 421 919 consonantes
442 867 524 927 suut;
553 861 578 918 si
600 876 660 918 non
682 864 752 918 sunt
772 864 983 926 consonantes,
1013 854 1127 916 vocales
1149 863 1226 916 sunt.
1271 858 1341 916 item
1366 857 1429 915 lieri

133 968 337 1021 aconsonautes
359 959 469 1040 duplici
483 960 573 1022 modo
594 961 712 1020 scimus.
744 966 795 1020 aut
816 960 897 1019 euim
920 955 923 1037 Ι
947 957 1138 1018 semivocales
1159 964 1227 1018 sunt
1250 965 1299 1018 aut
1322 964 1427 1017 mutae.

151 1066 204 1122 site
224 1064 299 1122 enim
322 1062 513 1122 semivocales
535 1065 595 1123 sint
614 1063 675 1122 site
697 1069 810 1129 mutae,
833 1080 894 1121 uno
917 1062 1038 1122 nomine
1061 1067 1255 1120 consonantes
1278 1057 1428 1138 appellan-

153 1177 204 1226 tur.
246 1163 397 1244 videamus
421 1182 493 1242 ergo
522 1183 597 1244 quae
626 1172 694 1225 sunt
720 1162 850 1234 vocales,
874 1181 950 1242 quae
973 1171 1183 1231 consonantes,
1207 1179 1281 1242 quae
1304 1163 1429 1221 semito-

152 1266 234 1334 cales,
256 1285 331 1345 quae
353 1269 466 1327 mutae.
507 1267 559 1326 sed
581 1268 664 1345 prius
686 1265 851 1326 delinienda
875 1273 920 1324 est
940 1265 1002 1342 ipsa
1025 1264 1132 1325 littera.

225 1369 284 1428 Vox
311 1367 419 1429 dieitur
447 1368 587 1448 quicquid
615 1369 762 1436 sonuerit,
792 1368 853 1426 sive
880 1367 1023 1446 strepitus
1050 1369 1089 1426 sit
1115 1369 1231 1436 ruinae,
1265 1367 1325 1426 site
1348 1365 1546 1435 ssutii519,1·2

122 1473 301 1539 recurrentis,
329 1471 391 1530 site
412 1489 468 1530 vox
490 1479 605 1539 nostra,
634 1472 695 1530 site
717 1471 846 1547 mugitus
868 1467 973 1530 boum:
1002 1471 1098 1528 omnis
1121 1488 1210 1529 sonus
1234 1486 1287 1529 vox
1310 1467 1427 1528 dicitur.

151 1589 242 1634 terum
268 1572 325 1632 bae
354 1571 430 1632 duae
457 1581 528 1634 sunt
556 1579 669 1652 partes,
698 1571 852 1632 articulata
881 1579 911 1630 et
938 1571 1068 1633 confusa.
1113 1569 1266 1631 articulata
1298 1577 1343 1628 est
1375 1587 1430 1628 vox

153 1693 220 1752 quae
240 1683 338 1753 potest
359 1674 465 1742 soribi;
489 1684 522 1734 ut
544 1693 613 1734 ecce
635 1673 692 1734 hoc
713 1676 811 1752 ipsum
833 1673 912 1752 quod
935 1673 994 1732 diri
1017 1681 1116 1752 potest
1137 1671 1237 1732 scribi.
1269 1670 1337 1730 ideo
1359 1673 1428 1730 arti-

153 1775 235 1837 culata
257 1777 334 1835 dicta
358 1784 416 1845 est,
440 1775 517 1854 quod
541 1786 640 1856 potest
661 1775 786 1837 articulo
809 1775 909 1836 scribi.
948 1781 1028 1834 artus
1050 1775 1129 1834 enim
1152 1774 1276 1834 dicimus
1297 1771 1429 1832 membra

152 1881 265 1948 maiora,
287 1877 430 1939 articulos
451 1880 566 1938 minora
588 1877 722 1939 membra
744 1880 775 1937 in
798 1879 879 1938 omni
902 1895 1038 1956 corpore.
1082 1876 1155 1937 nilril
1179 1875 1297 1936 brevius
1319 1874 1428 1950 digitis.

123 1980 251 2040 uidcirco
272 1978 424 2041 articulata
449 1998 504 2040 vox
526 1980 603 2041 dicta
626 1989 686 2050 est,
710 1979 789 2060 quod
811 1988 909 2058 potest
931 1978 1061 2039 articulis
1083 1977 1297 2057 conprehendi.
1332 1975 1430 2053 digitis

153 2091 238 2142 auum
264 2091 400 2142 tenemus
426 2081 585 2164 calamos..
610 2083 677 2143 ideo
706 2099 777 2159 ergo
805 2082 913 2141 dicitur
942 2099 997 2141 vox
1026 2079 1191 2150 articulata,
1227 2078 1305 2159 equod
1332 2085 1431 2156 potest

153 2182 268 2243 articulis
293 2182 396 2243 scribi.
440 2184 562 2244 coulusa
589 2183 638 2244 illa
666 2183 772 2244 dicitur
800 2201 871 2250 vox,
901 2201 976 2261 quae
1005 2201 1064 2242 non
1092 2189 1190 2261 potest
1212 2179 1335 2244 articulo
1359 2198 1429 2239 con·

153 2285 297 2362 prehendi,
325 2290 360 2344 ut
388 2292 458 2364 puta
485 2288 613 2363 mugitus
640 2284 744 2355 boum,
779 2285 939 2362 dIgitorum
972 2286 1095 2344 sonitus
1142 2301 1213 2362 ergo
1247 2282 1364 2342 litterae
1393 2281 1429 2341 ad

153 2404 228 2464 quam
253 2403 356 2446 rocem
384 2389 554 2466 pertinenti
581 2388 617 2450 ad
646 2388 785 2448 omnem?
812 2405 881 2447 non.
919 2385 954 2447 ad
983 2385 1135 2447 confusam
1163 2385 1331 2465 pertinenti
1360 2402 1428 2452 non,

124 2489 199 2548 asad
217 2488 251 2548 ad
273 2486 459 2549 articulatam
482 2491 643 2567 pertinent.
673 2490 736 2567 ipsa
759 2488 855 2550 littera
871 2506 948 2568 quae
970 2507 1039 2567 pars
1062 2490 1140 2548 vocis
1162 2485 1350 2548 articulatae?
1372 2489 1430 2546 ima

154 2597 178 2649 et
196 2590 357 2650 notissima.
403 2608 471 2650 uam
498 2609 554 2650 vox
582 2598 626 2652 est
653 2590 791 2670 quicquid
819 2589 982 2670 loquimur,
1012 2597 1044 2650 ut
1070 2597 1140 2668 puta
1163 2591 1187 2650 si
1210 2589 1290 2650 dicas
1313 2593 1430 2649 ‘orator

155 2693 223 2750 teuit
247 2700 275 2751 et
303 2691 433 2752 docuit'.
478 2699 576 2771 potest
603 2701 703 2753 tamen
730 2699 760 2752 et
782 2692 868 2760 solvi,
898 2698 1012 2761 orator,
1036 2693 1130 2760 venit,
1155 2700 1197 2760 et,
1222 2691 1335 2751 docuit:
1360 2709 1430 2750 ecce

156 2791 252 2853 solvisti
272 2794 437 2854 orationem
458 2796 489 2855 in
512 2793 611 2855 rerba.
649 2804 734 2875 potes
754 2794 818 2874 ipsa
841 2793 930 2855 rerba
953 2792 1067 2855 solvere
1089 2796 1119 2853 in
1142 2793 1268 2873 syllabas
1290 2814 1307 2853 o
1330 2801 1360 2853 et
1381 2811 1428 2861 ra;

155 2902 227 2972 potes
251 2897 342 2974 ipsam
371 2895 514 2974 syllabam
541 2895 656 2957 soltere
685 2899 715 2957 ln
743 2896 865 2957 litteras.
912 2896 1053 2975 numquid
1081 2903 1165 2975 potes
1186 2897 1279 2975 ipsam
1301 2896 1430 2957 litteram

128 2994 254 3057 ssoltere
283 2996 287 3077 i
316 2995 460 3058 ulterius?
493 3015 680 3077 nequaquam
712 3006 806 3078 potes.
852 3016 924 3076 ergo
958 3005 1081 3077 propter
1114 2997 1167 3058 bas
1194 3018 1243 3058 res
1270 3015 1342 3077 quas
1371 2998 1430 3058 disi

157 3116 245 3158 omues
264 3098 329 3159 ride
357 3109 388 3159 et
415 3098 617 3161 definitionem
640 3100 762 3169 Donati,
792 3100 907 3161 ‘littera
929 3101 1001 3181 quid
1025 3102 1086 3160 esti
1116 3120 1186 3179 pars
1209 3102 1328 3161 minima
1351 3101 1431 3159 vocis

158 3198 339 3260 articulatae'.
384 3200 457 3261 dicit
486 3201 601 3263 ‘littera
629 3209 674 3261 est
699 3220 769 3281 pars
797 3203 919 3263 minima
949 3204 1054 3261 vocis’.
1100 3204 1208 3279 quare?
1245 3200 1325 3281 quod
1354 3200 1431 3262 ultra

156 3302 236 3379 ipsam
256 3320 418 3381 numquam
440 3301 572 3365 solvitur.
617 3304 674 3364 boc
697 3311 796 3365 autem
819 3302 945 3363 dicendo
968 3305 1067 3363 ‘vocis
1090 3304 1278 3365 articulatae'
1302 3302 1431 3364 ostendit

158 3420 211 3462 esse
224 3413 252 3463 et
270 3402 393 3465 alteram
416 3382 570 3467 confusam
594 3413 623 3466 et
644 3424 704 3467 uon
726 3424 814 3485 posse
836 3404 960 3466 articulo
983 3405 1196 3484 conprehendi.
1228 3413 1257 3465 et
1279 3405 1350 3465 dicit.
1371 3404 1429 3465 iarn
1442 3416 1530 3479 tant

132 3506 265 3581 oprimam
297 3506 485 3575 divisionem,
519 3504 705 3568 ‘litterarum
737 3508 814 3568 aliae
841 3516 910 3567 suut
939 3507 1067 3577 vocales,
1101 3508 1175 3568 aliae
1204 3511 1428 3569 consonantes'.

159 3605 302 3668 litterarum
324 3610 421 3687 prima
443 3607 547 3668 divisio
569 3610 624 3669 ista
648 3615 706 3678 est,
730 3609 845 3669 vocales
865 3608 1005 3671 dicuntur
1028 3618 1057 3673 et
1078 3618 1283 3671 consonantes.
1314 3608 1430 3671 vocales

214 3878 303 3945 {tergo
322 3880 388 3929 ditae
410 3890 469 3930 sunt
486 3881 585 3946 primae
600 3891 685 3947 partes
702 3882 777 3933 BOa
791 3898 853 3947 ergo
872 3885 970 3947 primae
986 3892 1043 3933 suut
1059 3882 1124 3932 duae
1141 3884 1265 3949 partesA
1285 3898 1345 3946 ergo
1364 3884 1429 3933 duae

159 3948 240 4010 primae
254 3960 339 4014 partes
355 3961 415 3999 suut
435 3953 458 3999 L
512 3954 533 3999 si
553 3966 601 4001 non
621 3964 679 4001 sunt
697 3952 800 4001 uocales
814 3962 983 4002 consonantes
1002 3962 1060 4001 suut
1077 3954 1099 4002 sl
1117 3970 1165 4002 non
1182 3964 1241 4002 sunt
1259 3963 1428 4003 consonantes

158 4020 244 4069 uocales
260 4030 318 4068 suut
334 4022 358 4071 L
380 4022 401 4069 si
422 4035 472 4069 nou
494 4031 553 4070 suut
571 4033 739 4071 consonantes
757 4023 860 4071 uocales
878 4032 938 4073 sunt
958 4024 980 4071 si
997 4036 1046 4071 nou
1066 4034 1124 4071 sunt
1142 4024 1244 4073 uocales
1263 4037 1429 4072 consonantes

158 4099 204 4135 sunt
220 4089 243 4136 A
260 4089 282 4137 si
300 4104 349 4139 uon
369 4100 429 4139 sunt
446 4102 615 4142 consonantes
635 4093 736 4141 trocalrs
753 4103 812 4140 sunt
831 4092 885 4142 Bc
953 4093 967 4140 7
986 4093 1119 4141 uideamus
1138 4108 1199 4159 ergo
1221 4109 1286 4156 quae
1306 4104 1365 4142 sunt
1383 4107 1429 4141 uo-

158 4158 213 4205 cales
233 4174 297 4221 quae
315 4170 484 4210 consonantes
509 4176 574 4222 quae
594 4161 760 4211 semiuocales
779 4176 844 4225 quae
864 4172 949 4211 mutae
965 4161 969 4221 Ι
990 4162 1026 4211 De
1044 4178 1106 4213 uoce
1125 4173 1149 4211 et
1168 4165 1250 4211 littera
1266 4178 1269 4221 t
1286 4162 1337 4213 Sed
1356 4164 1428 4225 prius

158 4227 283 4277 delinienda
300 4238 338 4281 est
358 4232 416 4295 ipsa
433 4246 484 4279 uox
497 4232 558 4292 quiri
576 4242 614 4280 est
628 4231 676 4281 hcc
695 4246 746 4281 uox
763 4232 857 4281 dieitur
872 4234 909 4281 L:
928 4234 1059 4282 videamus
1076 4260 1102 4269 -
1117 4244 1287 4283 consonantes
1302 4248 1346 4284 om,
1360 4230 1431 4281 ABG

214 4298 244 4348 la
260 4308 286 4347 ut
302 4315 362 4349 ecce
381 4299 429 4349 boc
447 4302 530 4366 ipsum
545 4301 613 4365 quod
632 4303 686 4351 dixi
708 4311 790 4367 potest
807 4303 884 4350 scribi
897 4310 958 4365 post
975 4303 1080 4351 articulo
1100 4303 1176 4351 scribi
1192 4302 1284 4353 habeut
1304 4302 1359 4351 AL

160 4364 259 4417 lienus
281 4370 349 4419 enim
368 4370 477 4418 dicimus
500 4372 614 4419 membru
637 4373 733 4420 maiora
755 4372 875 4421 articulos
898 4374 994 4421 minora
1018 4374 1129 4422 membra
1148 4374 1173 4420 in
1193 4374 1260 4421 omui
1281 4386 1386 4439 corpore
1405 4370 1429 4418 L

159 4444 214 4484 artus
236 4440 342 4488 dicimus
363 4441 462 4489 minora
487 4441 596 4502 (maiora
611 4440 647 4502 B)
665 4441 779 4490 membra
801 4441 826 4488 itt
854 4442 922 4490 omni
945 4457 1050 4507 corpore
1074 4442 1157 4492 ABG
1226 4443 1258 4493 18
1276 4436 1425 4507 digitorum]

160 4519 274 4556 uentorum
294 4510 328 4558 L:
347 4510 462 4571 sortasse
480 4513 591 4577 crepitus
609 4512 762 4577 digitorum,
781 4512 880 4561 sonitus
894 4520 1026 4561 uentorum
1096 4512 1131 4561 20
1150 4509 1307 4578 articulatae]
1329 4511 1428 4560 articuli

160 4576 203 4625 AG
248 4580 281 4628 '24
297 4589 371 4645 potes
387 4582 481 4645 (potest
493 4580 532 4643 B)
551 4583 632 4646 ipsam
652 4582 752 4632 soluere
768 4581 793 4629 in
808 4581 905 4630 litteras
915 4580 965 4631 BC
981 4590 1074 4646 potes.
1090 4617 1096 4629 .
1110 4584 1183 4646 ipsa.
1199 4583 1295 4648 (potest
1314 4584 1369 4646 ipsa
1382 4580 1429 4643 a*)

160 4644 243 4696 mittere
260 4649 283 4697 in
303 4651 401 4699 litteras
418 4650 443 4698 A
459 4660 594 4715 potuerunt
611 4652 683 4715 ipsae
699 4651 765 4701 solui
780 4651 806 4698 in
824 4652 923 4699 litteras
941 4652 966 4700 L
1037 4652 1160 4715 numquid
1178 4663 1252 4715 potes
1268 4652 1292 4699 B
1307 4652 1429 4713 numquid

160 4724 228 4777 potest
245 4718 325 4768 Act.
395 4720 429 4769 28
448 4720 497 4769 boc
515 4732 599 4769 atatem
620 4722 729 4771 diceudo
749 4720 817 4768 uocis
840 4721 988 4769 articulatae
1007 4721 1031 4769 L
1051 4721 1099 4770 buc
1116 4722 1224 4771 diceudo
1244 4736 1296 4770 uox
1314 4732 1352 4770 est
1369 4722 1430 4769 arti-

161 4786 226 4834 culata
241 4788 322 4837 ABG
390 4790 423 4839 29
440 4798 465 4839 et
486 4790 548 4839 dicit
566 4791 616 4839 iam
635 4791 823 4841 Lindemanntte
841 4801 866 4839 et
883 4790 975 4839 diuidit
993 4790 1043 4839 iam
1062 4790 1147 4840 Aac
1163 4800 1187 4839 et
1205 4791 1298 4841 diuidit
1317 4791 1386 4840 illam
1405 4790 1429 4839 L

214 4856 245 4906 dl
263 4859 398 4908 litterarum
416 4860 518 4910 uocales
535 4860 654 4910 dicuntur
672 4870 696 4911 et
710 4870 880 4911 consonantes
897 4861 978 4925 prima
996 4860 1088 4913 diuisio
1107 4862 1154 4911 ista
1173 4869 1211 4911 est
1227 4860 1321 4918 ABG.
1340 4876 1387 4911 otu.
1406 4862 1430 4911 L

1185 4946 1227 5011 7*
