3525 5600
687 326 924 392 cormeurvu
1381 281 1453 392 'an

1269 433 1430 487 pisi-0³1.-

172 518 344 598 praepositio
365 525 418 590 est,
443 517 509 596 quia
532 533 583 576 vos
604 531 673 594 pars
696 522 739 574 est
762 513 903 575 orationis
918 531 994 592 quae
1008 531 1111 574 casum
1125 510 1230 574 babet:
1253 515 1339 574 ‘ante
1353 531 1454 574 aman-

174 633 225 680 tem
246 623 331 690 stat’,
355 623 501 679 amantem
524 633 593 696 pars
615 623 661 676 est
682 614 732 676 iiia
755 616 898 677 orationis
919 633 995 696 quae
1023 633 1122 676 casum
1143 614 1242 676 babet
1287 633 1359 694 ergo
1380 634 1455 696 quo·

170 724 368 800 tienseumquc
389 719 584 799 praeponitur
606 720 634 778 ei
655 720 733 800 parti
755 720 896 780 orationis
918 736 994 797 quae
1015 735 1115 779 cauam
1130 716 1229 788 babet,
1251 725 1324 779 tunc
1339 717 1455 781 videtur

171 823 354 904 praepositio.
399 822 442 882 vis
464 821 563 882 iacere
585 817 665 881 iliam
690 819 879 882 adverbium?
915 838 1040 882 necesse
1060 817 1153 880 babet
1172 820 1230 880 ista
1252 838 1322 898 pars
1343 821 1453 882 oratio·

148 927 224 994 vnis,
251 942 320 986 cunr
348 923 381 984 flt
401 921 591 992 adverbium,
620 920 658 982 ab
680 923 760 982 omni
789 939 858 983 casu
886 921 1040 984 recedere.
1084 927 1155 1000 puta
1183 929 1252 982 ante
1274 923 1358 993 iecit,
1386 928 1455 982 ante

168 1026 247 1096 dixit,
278 1032 347 1086 ante
369 1025 503 1106 scripsit:
536 1025 587 1104 qui
615 1022 687 1084 dicit
716 1027 802 1086 ‘ante
823 1024 927 1094 iecit',
955 1029 1043 1086 ‘ante
1064 1022 1173 1092 dixit’,
1200 1021 1286 1084 ‘ante
1307 1025 1452 1104 scripsit’,

169 1147 221 1190 non
242 1125 274 1188 id
298 1127 358 1204 egit
378 1133 411 1186 ut
431 1133 561 1186 mutaret
582 1143 683 1188 rasum
704 1127 948 1207 praepositionis,
976 1124 1029 1188 sed
1057 1134 1090 1185 ut
1111 1125 1229 1205 penitus
1251 1143 1316 1186 eam
1336 1123 1454 1188 casibus

167 1237 337 1292 removeret.
371 1223 533 1290 etidcirco
557 1236 626 1289 tuuc
650 1235 695 1289 est
717 1227 900 1291 adverbium.
933 1226 1013 1288 aiiud
1034 1234 1081 1288 est
1102 1229 1180 1290 enim
1203 1235 1318 1289 mutare
1340 1210 1452 1296 casum,

166 1330 243 1394 aliud.
263 1341 309 1392 est
331 1329 447 1392 casibus
469 1348 582 1392 carere.
627 1329 746 1412 quando
776 1330 893 1392 casibus
913 1331 1035 1410 penitus
1056 1337 1153 1400 caret,
1182 1337 1254 1391 tunc
1280 1329 1453 1392 adverbium

137 1440 209 1492 nest
228 1451 262 1492 re
285 1451 370 1501 vera;
393 1431 510 1514 quando
533 1439 631 1494 autem
654 1441 748 1495 mutat
769 1451 880 1503 casum,
904 1451 964 1494 non
979 1438 1025 1492 est
1038 1431 1221 1503 adverbium,
1245 1430 1298 1493 sed
1314 1431 1451 1494 elocutio.
1512 1473 1517 1483 ·

167 1552 232 1612 ergo
253 1534 372 1614 quando
395 1534 461 1596 dico
483 1537 636 1614 ‘tempore
658 1539 751 1616 post’,
775 1553 836 1596 non
858 1534 954 1596 audeo
976 1534 1076 1596 dicere
1097 1541 1167 1614 post
1188 1533 1359 1596 adverbium
1376 1551 1451 1596 esse.

167 1637 269 1716 quarei
300 1655 369 1697 nam
392 1637 446 1697 etsi
468 1638 592 1698 mutavit
613 1655 723 1706 casum,
746 1645 846 1700 tamen
869 1637 965 1700 adbuc
986 1635 1111 1699 aiterum
1134 1634 1226 1696 babet
1246 1653 1362 1706 casvrm;
1391 1654 1451 1699 uon

165 1735 274 1822 suomi
301 1737 422 1817 quidem
444 1737 549 1809 habet,
578 1739 704 1802 aiterum
733 1749 841 1801 tamen.
887 1739 1005 1820 quando
1035 1745 1133 1800 autem
1156 1737 1224 1798 dico
1246 1743 1331 1819 ‘post
1354 1738 1452 1808 iecit’,

165 1839 198 1900 da
218 1859 318 1902 casum
341 1841 388 1902 vei
409 1860 515 1913 unum,
546 1840 592 1902 vei
619 1859 706 1904 suum
729 1840 775 1903 vel
796 1841 940 1904 aiienum:
973 1840 1059 1922 ‘post
1085 1839 1176 1902 dixit’
1197 1858 1258 1902 non
1280 1839 1371 1908 babet
1397 1859 1454 1904 nee

134 1956 246 2004 usuum
267 1961 325 2004 nec
348 1941 488 2006 alienum.
534 1963 607 2024 ergo
629 1945 707 2026 siqui
729 1943 808 2006 dicat
829 1943 915 2023 ‘post
935 1944 1041 2013 iecit’,
1068 1947 1152 2024 ‘post
1173 1942 1277 2012 dixit’,
1307 1950 1379 2004 tuuc
1401 1940 1452 2003 ad·

164 2044 259 2106 aerbia
281 2045 394 2108 iaciunt
415 2046 489 2108 istae
510 2043 684 2127 particulae,
708 2054 795 2116 tunc,
825 2044 944 2124 quando
970 2047 1090 2126 penitus
1117 2063 1220 2107 casum
1247 2063 1307 2106 non
1329 2043 1450 2106 babent.

164 2146 274 2228 wado
297 2155 397 2210 autem
419 2151 459 2210 ita
482 2156 614 2210 mutatur
634 2148 683 2210 bic
705 2154 804 2218 casus,
829 2155 862 2208 ut
883 2147 1013 2209 alienum
1035 2145 1158 2217 babeat,
1187 2164 1248 2208 non
1276 2153 1321 2208 est
1348 2146 1451 2208 adver·

162 2246 247 2320 bium,
272 2249 327 2311 sed
348 2253 530 2332 praepositio
552 2258 599 2314 cst
620 2269 687 2312 curn
709 2269 779 2312 casu
801 2257 924 2312 mutato.
967 2257 1013 2311 est
1034 2251 1113 2311 enim
1134 2247 1252 2310 iicentia
1278 2249 1352 2310 baec
1373 2248 1450 2320 daia,

163 2351 192 2410 ui
210 2353 374 2433 postposita
395 2339 575 2434 praepositio
597 2352 703 2434 perdat
723 2371 825 2414 casum
848 2361 879 2414 et
899 2359 1001 2414 mutet

131 2469 153 2508 tv
246 2452 351 2516 Omnis
371 2455 551 2536 praepositio
577 2455 655 2517 hanc
681 2454 772 2516 habet
799 2461 950 2524 naturam,
984 2460 1019 2515 nt
1044 2461 1094 2514 aut
1120 2460 1227 2532 augeat
1247 2451 1372 2534 aliquid,
1401 2460 1552 2532 autmari

161 2555 270 2616 minuat
292 2555 418 2635 aliquid,
446 2558 549 2618 autin
573 2559 756 2620 scunarium
778 2564 885 2627 vertat,
914 2563 966 2617 aut
990 2555 1066 2618 nihii
1093 2557 1247 2634 significet
1293 2563 1395 2634 auget,
1424 2558 1450 2617 si

162 2657 238 2718 dieas
260 2656 372 2720 clarus:
396 2675 471 2738 auge
486 2655 568 2729 iilud,
592 2658 777 2740 praeclarus
800 2658 868 2740 plus
883 2659 1029 2738 significat
1042 2656 1229 2738 praeclarum
1252 2675 1322 2719 ecce
1342 2657 1451 2720 adiecit
1531 2677 1539 2686 ·

159 2758 266 2841 aliquid
289 2761 523 2839 significationis.
567 2763 688 2835 minuit,
723 2763 748 2825 si
770 2761 851 2825 dicas
872 2760 958 2823 doius
979 2758 1136 2823 subdotus:
1178 2778 1248 2823 nam
1268 2762 1300 2822 in
1322 2759 1450 2823 subdolo

161 2862 253 2923 miuus
276 2872 331 2933 est,
354 2882 442 2944 quam
466 2870 512 2925 est
532 2866 563 2925 in
586 2863 670 2933 doio;
695 2846 765 2925 ecce
780 2866 895 2925 minuit
926 2871 976 2925 aut
996 2866 1028 2925 in
1050 2865 1233 2927 mnirarium
1249 2862 1331 2926 ducit
1345 2862 1449 2945 [msam

128 2980 149 3021 ss
162 2962 225 3044 est],
251 2964 358 3027 doctus
379 2965 524 3037 indoctus,
547 2965 617 3027 ieiir
639 2966 750 3037 iniciis,
774 2986 864 3029 sanus
886 2968 1022 3037 insanum
1044 2968 1100 3027 ista
1122 2968 1154 3027 in
1176 2968 1362 3029 contrarium
1383 2985 1449 3027 ver·

160 3074 231 3128 tunt
284 3075 336 3130 aut
363 3076 443 3129 certe
470 3066 544 3129 nihii
573 3070 732 3149 significat,
766 3070 797 3131 id
823 3078 870 3131 est
902 3068 1023 3131 additur
1049 3088 1085 3130 ex
1112 3068 1276 3149 superfluo,
1308 3070 1447 3134 conderi:

160 3168 340 3233 ‘eoniieri
361 3171 513 3251 possit',
536 3189 592 3251 pro
615 3190 651 3233 eo
674 3172 752 3253 quod
776 3180 822 3233 est
841 3173 922 3241 tieri;
946 3172 1039 3233 ‘iata
1061 3170 1320 3242 renarrabat',
1343 3190 1449 3233 renar-

160 3270 242 3333 rabat
262 3290 320 3352 pro
344 3290 380 3333 eo
401 3272 481 3354 quod
505 3284 550 3333 est
571 3273 725 3335 narrabat:
748 3274 805 3337 hoc
826 3284 871 3337 est
891 3272 965 3335 nihii
987 3274 1139 3352 significat.
1177 3291 1250 3351 erpo
1270 3272 1448 3355 pierumque

158 3376 392 3455 praepositiones
414 3383 532 3455 augent,
555 3383 587 3436 ui
608 3375 797 3456 praeclarum
820 3378 966 3445 minuunt,
988 3383 1022 3435 ut
1041 3374 1198 3445 subdolum
1220 3377 1252 3437 iu
1266 3377 1448 3439 contrarium

127 3482 284 3547 avertunt,
307 3483 341 3538 ut
361 3478 491 3539 insanus.
535 3476 608 3539 nihii
630 3480 804 3556 significant,
827 3486 861 3539 ut
882 3478 1014 3539 confieri.
1391 3482 1416 3558 J

239 3578 345 3639 Omnis
365 3586 523 3659 praeterea
544 3581 726 3661 praepositio
740 3580 818 3641 hanc
832 3579 923 3642 babet
940 3581 1009 3649 vim,
1029 3586 1063 3641 ut
1078 3586 1128 3641 aut
1142 3578 1262 3643 casibus
1274 3581 1384 3642 serviat
1397 3586 1448 3640 aut
1458 3595 1548 3659 ttae

157 3678 301 3757 ioqueilis.
325 3679 443 3743 casibus
457 3683 592 3743 serviunt
602 3684 838 3763 praepositiones
852 3701 929 3763 quae
942 3684 1027 3761 iungi
1043 3690 1167 3763 possunt
1181 3690 1212 3744 et
1221 3684 1388 3763 segregem
1403 3680 1446 3744 io·

155 3782 263 3859 quciiis
286 3784 422 3845 serviunt
437 3802 513 3866 quae
527 3801 588 3847 non
603 3792 726 3865 possunt
740 3787 902 3864 segregari.
931 3782 1051 3847 casibus
1066 3786 1200 3846 serviunt
1213 3785 1447 3866 praepositiones

155 3902 230 3963 quae
254 3892 284 3945 ct
305 3884 468 3947 cohaerere
489 3895 613 3967 possunt
628 3886 663 3948 ad
686 3906 775 3951 unam
795 3895 913 3966 partem
933 3886 1076 3948 orationis
1091 3896 1120 3949 et
1134 3904 1195 3949 non
1217 3886 1392 3957 cohaerere,
1414 3895 1448 3947 nt

124 3996 225 4064 sputa
240 3988 327 4067 ‘prae
344 3984 446 4049 dolore
462 3987 541 4050 ieci’.
572 3990 628 4051 ista
644 3989 770 4051 casualis
786 3996 839 4060 est,
855 3991 934 4070 quia,
949 3988 1066 4059 sivoio,
1082 3989 1160 4049 iacio
1180 3986 1259 4051 iiiam
1273 4007 1362 4073 unam
1376 4006 1445 4070 par-

154 4096 223 4158 tem,
247 4087 405 4169 praetuiit;
429 4108 498 4151 ecce
521 4090 610 4152 modo
633 4091 708 4153 duae
729 4099 799 4154 sunt
819 4098 929 4173 partes,
951 4090 1004 4157 sed
1024 4093 1099 4153 istae
1120 4090 1196 4153 duae
1209 4093 1241 4151 in
1255 4110 1344 4153 unam
1367 4093 1446 4153 coie-

156 4198 231 4252 runt.
280 4208 352 4271 ergo
373 4210 445 4271 prae
467 4190 517 4253 iiia
538 4194 733 4274 praepositio,
766 4212 840 4275 quae
869 4200 899 4255 et
923 4194 1007 4272 iungi
1034 4199 1133 4270 potest
1159 4202 1189 4254 et
1215 4194 1367 4273 segregari
1392 4212 1446 4275 po·

156 4298 224 4363 test,
258 4291 387 4381 casualis
416 4302 469 4357 est
515 4297 660 4357 siautem
681 4297 765 4375 iungi
793 4304 907 4359 tantum
934 4297 1040 4375 possit,
1074 4314 1131 4357 nec
1161 4299 1255 4377 possit
1282 4298 1445 4375 segregari,

222 4534 299 4585 duis
317 4532 385 4583 iscio
399 4534 482 4585 ABG
533 4533 605 4599 oqui
622 4532 694 4601 dicit]
713 4536 775 4600 quid
789 4543 872 4585 autern
892 4534 927 4585 C:
943 4536 986 4599 qui
1004 4534 1111 4585 dicit-
1123 4535 1226 4601 scripsit
1242 4550 1287 4587 ora.
1300 4533 1335 4595 A,
1352 4534 1414 4585 cdd.
1428 4553 1446 4586 a

221 4602 254 4655 13
274 4603 378 4669 quidem
396 4602 472 4654 habet
491 4602 557 4655 Bac
574 4604 677 4668 quidem
695 4605 790 4655 babent
802 4606 855 4657 Ao
924 4604 958 4655 18
975 4602 1082 4670 mutato]
1100 4612 1196 4655 mutata
1212 4604 1266 4656 BG
1281 4614 1362 4657 mutat
1374 4620 1444 4656 corr.

156 4682 248 4725 mutata
265 4672 291 4723 A
361 4674 653 4737 aequamentum
720 4676 754 4727 ⁶27
772 4675 876 4727 coniinri
895 4672 987 4742 possit]
1013 4676 1092 4740 Verp.
1111 4675 1178 4728 Aea.
1199 4675 1311 4728 iiii-lid
1380 4674 1443 4740 iatal

160 4745 235 4861 Vprp,
254 4744 324 4795 Aen.
342 4744 376 4795 iil
395 4744 445 4795 711
512 4744 553 4795 ’28
569 4746 618 4797 iroe
637 4746 701 4799 niirii
719 4746 848 4813 signifieat
865 4746 949 4795 ABG
1000 4744 1036 4795 att
1053 4746 1168 4797 coierunt
1184 4744 1229 4799 A?
1245 4746 1397 4800 eoheaeraut
1410 4746 1443 4796 a*

157 4815 287 4865 coriernnt
303 4814 355 4866 BC
