3525 5600
327 377 387 444 188
893 379 1045 442 POMPEll

350 503 372 543 11.
386 492 475 530 tot-10
488 488 510 530 L.
612 520 617 536 ,

325 570 479 630 ‘inimicus
508 569 579 629 mibi
607 573 677 630 est'.
722 567 776 630 alia
799 570 996 630 accusativum
1023 575 1178 637 secuntur,
1209 587 1316 630 exosus
1343 567 1435 639 bella,
1466 571 1610 648 praescius

324 673 433 733 lutura.
479 671 552 732 baec
583 689 693 749 genera
725 671 887 750 figurarum
923 680 1000 734 sunt.
1044 690 1111 732 nam
1141 668 1274 750 [quando
1301 671 1367 732 dico
1395 690 1501 732 exosus
1527 671 1609 743 bella,

323 775 476 855 praescius
499 771 611 852 lutura]
635 775 803 852 genetivum
827 773 1000 836 naturaliter
1021 781 1132 843 tenent,
1158 776 1329 853 ‘praescius
1352 781 1398 834 est
1419 775 1609 836 futurorum’.

324 877 379 938 alia
404 883 472 938 suut
499 894 573 956 quae
595 884 737 938 secuntur
759 877 934 946 ablativum,
958 875 1108 936 secundus
1130 876 1298 938 aliomulo.
1329 875 1420 937 multa
1448 876 1516 935 vitia
1541 875 1611 936 liunt

324 977 488 1061 [secundus
503 995 518 1037 a
534 973 692 1060 Romulol:
716 978 804 1039 bodie
826 979 864 1038 ita
888 978 1003 1048 dicunt,
1027 977 1094 1039 ‘ille
1115 980 1230 1057 primus
1252 978 1349 1045 sedet,
1372 976 1422 1038 ille
1445 976 1487 1037 illi
1509 995 1632 1038 secun-s

324 1080 379 1142 dus
400 1084 470 1148 est’,
499 1087 570 1160 puta
599 1079 666 1140 ‘ille
693 1082 807 1160 primus
836 1080 951 1141 doctior
973 1087 1032 1150 θεῖ,
1055 1078 1105 1140 ille
1127 1079 1170 1139 illi
1192 1081 1341 1142 secundus
1365 1077 1511 1161 [doctior]
1537 1083 1611 1148 cst’;

324 1181 516 1244 soloecismus
546 1188 598 1243 est.
643 1181 786 1244 debemus
814 1184 891 1244 enirn
920 1182 1021 1242 dicere
1042 1201 1103 1242 non
1126 1181 1188 1241 ‘itti
1210 1182 1359 1243 secundus
1381 1185 1454 1254 cst’,
1477 1180 1530 1242 sed
1552 1183 1612 1242 ‘se-

324 1286 436 1347 cundus
458 1284 495 1345 ab
518 1285 582 1364 ipso
606 1287 677 1346 est'.
713 1284 787 1346 alter
810 1285 961 1345 similiter:
983 1289 1045 1345 'non
1067 1301 1225 1364 possumus
1247 1284 1347 1345 dicere
1370 1283 1462 1344 ‘alter
1484 1294 1529 1345 est
1551 1283 1612 1354 illi',

323 1387 375 1449 sed
404 1387 496 1448 ‘alter
525 1393 571 1446 est
598 1386 635 1447 ab
658 1386 759 1448 illo’.·
775 1386 835 1454 ¹alia
859 1389 1016 1468 septimum
1039 1405 1140 1448 casum
1163 1394 1279 1457 teuent,
1302 1395 1336 1446 ut
1357 1393 1402 1447 cst
1424 1386 1531 1465 dignus
1552 1406 1613 1448 rnu-

323 1509 412 1561 uere,
435 1497 547 1550 mactus
570 1490 695 1576 virltute.
740 1489 813 1550 baec
836 1489 1011 1551 naturaliter
1033 1491 1191 1569 septimum
1211 1507 1312 1550 casum
1336 1495 1446 1550 tenent.
1483 1497 1643 1550 ceterumu
1709 1520 1710 1567 3

324 1599 353 1652 ct
375 1591 481 1672 dignus
503 1591 582 1652 illam
611 1610 675 1652 rem
703 1591 829 1670 legimus
856 1593 887 1652 in
910 1591 1069 1661 Terentio,
1102 1591 1253 1669 ‘diguus
1276 1610 1314 1652 es
1336 1609 1415 1651 curn
1439 1598 1502 1652 tua
1525 1591 1613 1652 reli·
1709 1600 1710 1671 i

322 1696 432 1773 gione
454 1693 605 1754 odium'.
632 1701 660 1754 et
682 1700 777 1754 macte
799 1695 907 1755 virtute
930 1694 1057 1756 dicimus
1079 1691 1261 1762 naturaliter,
1285 1694 1314 1754 id
1338 1700 1383 1754 θεῖ
1405 1694 1498 1771 magis
1520 1701 1611 1762 aucte,

324 1801 459 1858 ‘inacte
492 1814 582 1856 nova
621 1799 759 1858 virtute
797 1799 923 1876 puer’;
962 1803 1061 1856 umen
1095 1795 1219 1875 legimus
1252 1803 1283 1856 ct
1314 1802 1410 1857 macte
1439 1796 1554 1856 virtutis
1584 1797 1613 1854 iu
1709 1812 1711 1867 t

323 1899 430 1969 Statio,

476 2007 591 2061 macte
615 2003 741 2070 animi,
766 2000 899 2078 dignus
920 2002 1039 2061 tantis
1061 2002 1123 2080 qui
1146 2001 1317 2061 crederis
1340 2001 1463 2063 armis.
1625 2017 1644 2056 u

322 2104 440 2181 interim
464 2102 605 2164 naturalis
621 2121 681 2164 ,vox
706 2110 751 2163 θεῖ
772 2101 895 2180 ‘dignus
917 2106 1060 2164 muncrc’
1083 2109 1113 2162 et
1135 2104 1268 2163 ‘mactus
1290 2104 1423 2164 virtutc’.

204 2217 263 2278 408,
277 2218 310 2268 28
407 2205 512 2266 Omnia
535 2207 654 2268 nomina
678 2204 805 2266 ablativo
827 2205 970 2284 singulari
998 2205 1128 2285 quinque
1150 2204 1256 2266 litteris
1279 2205 1432 2266 vocalibus
1448 2197 1612 2265 terminan-
1709 2192 1710 2253 }

204 2287 263 2348 495,
277 2287 309 2366 ²3.
322 2291 379 2369 tur.
399 2359 405 2370 .
425 2307 577 2385 genetivus
598 2307 720 2388 pluralis
744 2314 773 2367 et
795 2306 909 2368 dativus
932 2316 961 2368 et
981 2306 1126 2368 ablativus
1149 2308 1179 2367 in
1208 2306 1421 2369 dubitationem
1444 2309 1565 2368 veniunt
1585 2317 1612 2367 ct

322 2411 401 2470 varie
424 2409 619 2472 declinantur.
665 2409 782 2490 quando
806 2417 905 2471 autem
929 2409 974 2469 vel
1000 2411 1040 2471 ita
1063 2409 1108 2470 rel
1130 2411 1170 2469 ita
1192 2408 1389 2480 declinemus,
1418 2408 1614 2486 intellegimus
1709 2418 1710 2465 i

322 2530 359 2572 ex
380 2506 506 2574 ablativo
534 2512 684 2590 singulari.
732 2519 760 2572 et
782 2512 859 2574 bene
887 2513 1023 2574 iecerunt
1045 2511 1171 2572 Romani
1192 2508 1229 2572 ab
1252 2510 1379 2572 ablativo
1401 2510 1544 2589 singulari
1565 2529 1645 2574 suso

321 2631 404 2675 mere
426 2613 553 2692 regulas.
586 2633 640 2694 qua
664 2615 796 2675 ratione?
819 2615 957 2695 quoniam
980 2615 1034 2675 istc
1056 2615 1196 2693 proprius
1218 2615 1352 2692 ipsorum
1375 2620 1432 2673 est:
1455 2611 1612 2675 ablativum
1709 2654 1710 2657 =

322 2717 401 2777 enim
424 2717 529 2777 Graeci
552 2733 612 2775 nou
635 2714 758 2787 habent,
782 2717 834 2778 sod
856 2717 990 2778 Romani.
1030 2714 1174 2776 debuerat
1196 2732 1268 2794 ergo
1293 2719 1298 2791 Ι
1324 2715 1421 2776 latinis
1444 2716 1613 2778 nominibus
1709 2726 1710 2787 j

322 2818 429 2881 latinus
457 2836 541 2879 casus
574 2819 692 2897 regulas
725 2819 805 2880 darc.
850 2819 963 2880 idcirco
991 2817 1028 2880 ab
1057 2820 1122 2899 ipso
1148 2816 1266 2897 regulas
1294 2817 1466 2889 sumebant,
1496 2838 1556 2880 non
1577 2819 1612 2881 ab
1709 2803 1710 2850 ³

321 2920 396 2982 aliis.
426 2920 570 2981 ablativus
592 2932 689 2983 autem
712 2921 869 3001 singularis
891 2923 1022 3002 quinque
1050 2920 1156 2981 litteris
1177 2922 1372 2991 terminatur,
1395 2940 1411 2981 a
1434 2939 1450 2981 θ
1470 2922 1481 2981 1
1502 2942 1520 2983 o
1540 2942 1571 2983 u:
1587 2942 1611 2991 a,
1709 2979 1710 2982 ,

323 3030 355 3084 ut
381 3024 477 3091 Musae
506 3042 523 3083 e
551 3032 689 3103 correpto
717 3024 888 3105 aliquando,
918 3023 1077 3104 aliquando
1109 3022 1270 3102 producto,
1306 3032 1461 3104 correpto,
1493 3024 1531 3085 ab
1558 3022 1645 3086 noes

321 3127 447 3205 pariete,
472 3124 631 3206 producto,
656 3125 693 3185 ab
715 3126 771 3185 bac
794 3125 854 3194 die;
877 3128 902 3195 i,
926 3128 1032 3206 puppi,
1058 3145 1091 3195 o,
1114 3126 1217 3194 docto,
1242 3144 1277 3195 u,
1301 3124 1339 3185 ab
1362 3126 1418 3186 boc
1440 3144 1538 3187 versu.
1709 3103 1710 3120 ¹

222 3240 310 3301 434,8
407 3232 429 3289 ,t
452 3229 628 3288 terminatus
650 3226 794 3288 ablativus
816 3230 984 3307 genetivum
999 3231 1030 3289 in
1045 3246 1113 3288 rum
1129 3230 1231 3297 mittit,
1255 3228 1383 3288 dativum
1405 3236 1435 3289 et
1456 3228 1612 3289 ablativum

320 3331 349 3389 in
373 3331 411 3399 is,
441 3328 478 3389 ab
505 3329 561 3389 bac
583 3330 663 3390 Musa
691 3330 841 3391 llusarum
868 3329 915 3390 lris
944 3337 975 3391 θῖ
1000 3329 1106 3390 abbis
1128 3329 1228 3391 Musis.
1271 3332 1423 3409 qvvaeritur
1445 3351 1505 3411 quo
1528 3332 1612 3392 modo

321 3430 452 3492 dicamus
475 3431 528 3491 dea
553 3430 691 3501 dearum,
721 3439 821 3493 utrum
849 3433 913 3493 dcis
941 3451 977 3494 an
999 3432 1129 3493 deabus?
1157 3432 1197 3491 ait
1218 3432 1261 3491 sic
1283 3432 1428 3501 Donatus,
1453 3432 1612 3494 ‘debemus

246 3576 247 3581 κ
321 3533 439 3613 quidem
461 3533 578 3611 regulas
600 3535 697 3613 sequi,
721 3534 782 3606 sed,
807 3553 844 3595 nc
866 3533 1083 3595 confundamus
1105 3552 1208 3595 sexum
1231 3541 1261 3593 et
1283 3535 1398 3618 nescias
1418 3542 1519 3596 utrum
1543 3534 1645 3596 denseo

321 3636 454 3697 dicamus
476 3653 514 3696 an
537 3634 621 3705 deas,
645 3638 689 3697 sic
711 3636 866 3698 admittere
889 3645 922 3697 ut
943 3636 1075 3697 dicamus
1098 3634 1218 3703 deabus,
1243 3654 1303 3697 non
1325 3644 1404 3707 arte,
1427 3638 1478 3698 sed
1502 3636 1612 3698 discer-

321 3739 411 3801 nendi
434 3754 522 3799 sexus
544 3739 660 3799 causa’.
690 3738 747 3800 boc
769 3738 842 3799 dixit
864 3747 894 3800 et
915 3738 1055 3799 abstinuit
1076 3755 1109 3798 εθ
1131 3757 1148 3798 a
1170 3756 1212 3808 re,
1236 3756 1325 3817 quam
1347 3738 1491 3800 debuerat
1506 3740 1611 3800 dicere.

321 3842 390 3921 quid
409 3842 499 3918 crgol
522 3840 632 3920 ubique
648 3839 862 3901 observandum
887 3840 949 3901 esti
972 3842 997 3901 si
1020 3840 1076 3901 boc
1098 3849 1157 3910 est,
1180 3842 1206 3901 si
1228 3842 1367 3920 quoniam
1391 3844 1548 3902 contusum
1570 3849 1611 3901 est

320 3951 350 4004 et
372 3942 556 4003 discretionis
584 3960 673 4002 sexus
700 3961 786 4003 causa
816 3950 964 4003 mutamus
990 3944 1060 4011 ista,
1090 3960 1150 4003 uon
1172 3952 1202 4003 ῖθ
1224 3945 1364 4022 permitto
1387 3943 1487 4003 dicere
1509 3942 1548 4003 ab
1570 3943 1611 4003 bis

320 4046 475 4115 ltouvanis,
500 4042 551 4103 sed
567 4042 769 4115 llomauabus,
793 4046 875 4124 quia,
900 4045 924 4104 si
940 4044 1050 4105 dixeris
1070 4043 1108 4105 ab
1128 4044 1176 4105 his
1190 4044 1346 4115 Romanis,
1369 4047 1471 4106 nescio
1490 4042 1497 4127 Ι
1515 4055 1610 4106 utrum
1622 4063 1645 4101 :a

236 4227 238 4233 Ι
320 4145 499 4209 masculinus
522 4164 611 4205 sexus
638 4147 676 4205 sit
704 4165 739 4207 an
770 4148 943 4215 femininum
973 4165 1032 4207 non
1055 4155 1084 4208 ῖθ
1106 4150 1246 4227 permitto
1268 4147 1368 4207 dicere
1391 4147 1428 4207 ab
1450 4149 1539 4227 ipsis,
1562 4147 1610 4207 sed

320 4247 356 4309 ab
379 4246 512 4327 incubus,
537 4266 596 4309 non
620 4246 657 4308 ab
678 4250 757 4319 istis,
782 4249 833 4309 sed
857 4248 895 4310 ab
916 4248 1037 4310 istabus
1070 4250 1212 4310 contusus
1234 4256 1278 4309 est
1301 4268 1389 4310 sexus
1411 4257 1471 4311 tam
1493 4251 1523 4309 in
1545 4268 1610 4329 pro·

320 4349 487 4411 nominibus
516 4368 603 4431 quam
630 4351 661 4410 in
691 4350 868 4413 nominibus.
915 4354 955 4412 ait
977 4353 1020 4412 sie
1043 4350 1172 4421 Probus,
1197 4351 1276 4431 quod
1298 4371 1401 4412 verum
1424 4348 1482 4420 est,
1506 4351 1610 4412 ‘debc-

389 4589 405 4639 5
429 4590 525 4653 primus
545 4630 571 4642 ..
592 4589 637 4639 sed
652 4597 676 4641 et
695 4591 737 4641 ille
754 4590 780 4640 A
799 4593 897 4656 primus
916 4590 961 4639 sod
980 4588 1023 4639 ille
1040 4592 1066 4641 B
1137 4590 1167 4639 ll
1194 4590 1220 4638 iu
1239 4586 1369 4654 Terentio]
1390 4590 1474 4643 Andr.
1495 4592 1517 4640 V
1536 4589 1610 4652 v,⁴3r

392 4658 652 4713 l2odiumom..40
703 4659 735 4712 13
750 4660 917 4711 mecteBGa
933 4660 1062 4710 mactari:
1082 4660 1161 4724 Verg.
1177 4659 1323 4713 Aemilii!
1338 4660 1387 4711 641
1440 4660 1609 4710 ivrsteeioA:

324 4726 398 4777 rtet.
420 4729 508 4779 11495
579 4730 611 4781 ’21
631 4732 733 4797 proprie
752 4732 837 4781 ABG
906 4729 940 4780 23
959 4730 1092 4779 idcircoA
1112 4730 1245 4779 etidcirco
1264 4728 1336 4779 BCa
1407 4728 1441 4780 29
1460 4738 1543 4779 utrum
1563 4730 1610 4779 diis

321 4797 377 4847 ΑΒ
446 4798 479 4847 32
499 4800 882 4864 abstcuuitseorogulaBG
951 4799 984 4850 3³3
1003 4802 1027 4849 ε’
1049 4801 1185 4863 quoniam,
1204 4800 1228 4847 lv.
1248 4816 1270 4849 e.
1290 4800 1335 4849 sed
1357 4802 1476 4863 quoniam
1494 4799 1546 4850 Bc

322 4868 356 4917 34
374 4870 492 4933 permitto
512 4868 583 4921 nce
598 4868 720 4937 permittit
738 4872 762 4924 A
833 4870 866 4923 38
886 4867 993 4939 Probus]
1012 4872 1089 4923 irretit.
1110 4879 1162 4925 art.
1181 4884 1208 4933 g.
1223 4870 1266 4935 82,
1284 4869 1316 4921 lo
1560 4881 1565 4891 '
