3525 5600
335 301 399 366 512
882 295 1082 358 AVGVSTINl

265 423 270 432 ¹
364 411 524 466 prusti-2001
539 409 561 449 P.

337 492 422 553 deleo
444 489 540 559 deles,
564 496 664 565 tergeo
687 494 800 564 terges,
825 502 913 546 arceo
927 503 1027 553 arces,
1050 501 1122 563 egeo
1144 503 1230 562 eges,
1253 493 1353 546 terreo
1378 493 1483 554 terres,
1503 486 1595 550 mulceo

1694 396 1695 443 l

1694 446 1696 503 l

1694 506 1695 545 ι

337 575 463 646 mulces,
488 572 597 654 impleo
619 570 740 652 imples,
764 569 898 650 compleo
920 567 1065 649 comples,
1088 569 1190 649 repleo
1212 571 1326 650 reples,
1348 567 1471 650 suppleo
1489 571 1595 652 suppleo,
1694 564 1695 613 ἶ

337 663 458 725 mordeo
486 658 618 726 mordes,
647 657 778 738 spondeo
806 655 935 736 spondes
962 663 992 715 et
1020 653 1086 715 alia.
1131 657 1235 718 ethis
1264 655 1393 716 adicitur
1421 653 1594 726 rlittera,et
1694 696 1695 709 2

337 750 411 809 sumt
433 748 564 826 passiva,
589 751 693 804 teneor
715 743 841 810 teneris,
865 740 1002 802 mordeor
1024 741 1186 810 morderis,
1213 759 1317 802 arceor
1340 743 1468 810 arceris,
1488 741 1596 804 mulmor

339 831 491 901 mulceriS,
521 827 648 908 impleor
675 825 820 907 impleris
865 824 1030 886 declinabis
1056 826 1130 886 baec
1152 829 1269 906 passiva
1296 845 1351 907 per
1374 825 1474 886 modos
1493 835 1518 886 et
1537 837 1614 890 tem-s
1694 906 1695 913 ἵ

338 935 409 998 pora
431 923 461 976 ει
483 931 639 995 personas:
666 931 719 993 per
740 911 857 981 modoS,
881 920 914 972 ut
936 910 1012 980 dixi,
1035 911 1228 972 indicativum
1251 915 1459 991 imperativum
1480 908 1595 991 [promis-

338 999 447 1080 sivum]
477 1001 639 1080 optativum
661 999 882 1059 coniunctivum
904 996 1068 1066 inlinitum,
1097 997 1153 1057 troc
1175 997 1320 1078 estquod
1343 998 1405 1058 dixi
1428 1014 1482 1076 per
1500 998 1595 1080 modos
1694 1032 1695 1035 κ

338 1105 393 1168 per
415 1093 549 1165 tempora
578 1089 692 1153 autem,
721 1081 752 1142 id
774 1087 820 1141 ost
841 1099 895 1161 per
917 1098 1059 1161 praesens
1086 1085 1247 1161 praeterita
1268 1082 1314 1142 vel
1342 1083 1453 1142 lutura.
1479 1101 1595 1160 personas
1694 1120 1695 1139 ι

337 1178 435 1233 autem
458 1171 520 1230 dixi
542 1171 669 1248 primam
692 1166 851 1228 secundam
874 1175 903 1227 et
924 1168 1057 1236 tertiam,
1087 1176 1119 1228 ut
1141 1175 1245 1228 teneor
1267 1170 1381 1228 teneris
1401 1174 1526 1236 tenetur,
1544 1168 1595 1248 plu·
1694 1214 1695 1225 ,

339 1256 443 1317 naliter
469 1263 607 1315 tenemur
633 1253 778 1313 tenemini
804 1259 953 1312 tenentur.
990 1251 1064 1313 baec
1086 1254 1164 1314 sicut
1185 1253 1247 1313 dixi
1269 1251 1455 1313 observabis.
1488 1254 1533 1312 sed
1550 1270 1623 1333 quotu
1694 1268 1695 1277 ¹

340 1341 440 1410 modo,
465 1347 496 1400 ιιι
511 1339 649 1419 superius
664 1338 741 1406 dixi,
766 1339 859 1415 prima
875 1339 1062 1415 coniugatio,
1085 1355 1160 1417 quae
1182 1341 1244 1399 exit
1266 1341 1297 1400 in
1319 1358 1366 1409 as,
1390 1345 1425 1398 nt
1446 1355 1595 1406 amoenas,
1694 1334 1695 1395 l

339 1429 418 1507 capit
440 1433 469 1498 et
491 1423 581 1484 verba
604 1420 764 1492 neutralia,
788 1431 820 1482 ut
842 1430 926 1483 certo
947 1429 1060 1493 certas,
1089 1431 1157 1483 nato
1179 1431 1277 1494 natas,
1301 1425 1332 1484 in
1354 1422 1465 1503 quibus
1484 1441 1498 1482 r
1516 1422 1596 1484 littera
1694 1418 1695 1457 ³

340 1531 397 1572 non
421 1509 587 1570 admittitur
611 1505 677 1585 (nec
698 1508 778 1568 enim
800 1507 928 1568 dicimus
949 1503 1058 1588 cerltor
1085 1507 1196 1588 nator),
1220 1509 1264 1569 sic
1286 1511 1317 1569 in
1339 1509 1396 1569 bae
1417 1510 1596 1585 coniugatione

340 1597 483 1665 secunda,
506 1613 580 1674 quae
603 1595 717 1653 exitio
740 1611 776 1652 εο
799 1611 845 1662 es,
868 1600 902 1653 ut
923 1611 1028 1652 moneo
1050 1611 1168 1663 mones,
1197 1594 1289 1654 doceo
1311 1594 1416 1662 doces,
1444 1601 1509 1652 sunt
1526 1592 1597 1653 mnlta

339 1699 414 1761 quae
437 1698 496 1741 uon
525 1679 684 1740 admittunt
705 1697 720 1737 r
743 1675 872 1738 litteram
900 1679 931 1737 in
958 1679 1055 1758 prima
1082 1697 1223 1758 persona,
1246 1687 1279 1739 ut
1300 1678 1385 1756 algeo
1408 1677 1499 1756 alges,
1518 1687 1597 1738 scateo
1607 1690 1625 1726 12»

340 1773 450 1827 scates:
479 1763 578 1841 algeor
606 1765 685 1824 enim
712 1781 771 1822 non
799 1770 844 1822 est
872 1759 1012 1822 latinum:
1046 1764 1090 1822 sic
1117 1764 1218 1825 lerveo
1245 1765 1358 1834 torves,
1386 1770 1488 1843 torpeo
1508 1771 1597 1842 torpes,

339 1851 455 1931 pendeo
477 1848 603 1929 pendes,
627 1847 745 1908 invideo
766 1848 897 1916 invides,
920 1864 1097 1928 quamquam
1113 1848 1253 1910 Horatius
1274 1857 1359 1928 poeta
1383 1849 1513 1908 invideor
1531 1849 1597 1916 dixit,

340 1936 391 1997 sed
414 1936 470 1995 hoc
491 1953 565 1995 nova
588 1934 795 2011 usurpatione:
819 1933 862 1993 sic
877 1935 994 1993 amineo
1009 1936 1137 2005 emines;
1161 1953 1216 1994 nec
1230 1938 1309 1996 enim
1331 1933 1457 1994 dicimus
1479 1935 1597 1993 emineor.
1694 2000 1696 2015 y

340 2022 395 2082 bae
418 2021 493 2081 duae
520 2020 757 2096 coniugatioues,
785 2019 882 2097 prima
911 2025 941 2078 ct
961 2018 1105 2088 secunda,
1134 2038 1207 2099 quas
1229 2020 1359 2080 diximus
1380 2021 1464 2078 exire
1484 2020 1513 2078 in
1531 2039 1560 2079 as
1576 2029 1599 2078 et

341 2109 371 2168 in
395 2124 441 2175 es,
464 2112 497 2165 ut
519 2123 584 2164 amo
607 2122 700 2173 amas,
724 2121 830 2163 moneo
852 2121 963 2172 mones,
987 2104 1121 2165 loturum
1143 2123 1262 2185 sempor
1283 2111 1403 2184 tempus
1424 2106 1455 2163 in
1476 2103 1511 2172 bo
1529 2102 1626 2182 sylla-v

342 2191 409 2250 bam
432 2191 566 2258 mittunt,
590 2197 622 2248 ut
645 2187 748 2250 amabo
771 2186 907 2248 monebo.
950 2190 995 2248 sic
1017 2188 1164 2260 servabis,
1192 2189 1373 2268 ubicumque
1395 2189 1521 2250 tutorum
1540 2196 1599 2248 tem·

340 2293 396 2356 pus
419 2277 449 2334 in
474 2274 511 2335 bo
534 2273 677 2354 syllabam
699 2275 813 2342 mittas,
837 2275 907 2352 quia
928 2281 998 2333 sunt
1019 2272 1094 2335 aliae
1117 2275 1193 2335 dnae
1215 2276 1456 2352 coniugationes,
1478 2292 1546 2352 quae
1564 2275 1599 2332 lu·

339 2367 583 2439 turum,tempus
611 2361 641 2418 in
671 2377 718 2418 am
745 2356 886 2438 syllabam
915 2360 1051 2429 mittunt,
1085 2379 1143 2420 non
1170 2362 1201 2420 in
1230 2358 1282 2429 bo,
1311 2366 1342 2420 et
1368 2366 1507 2418 vocantur
1534 2361 1600 2437 ipsae
1694 2407 1696 2415 ,

341 2446 563 2523 coniugationes
586 2445 674 2504 tertia
697 2450 834 2523 correpta
857 2449 887 2502 et
907 2445 997 2504 tertia
1020 2445 1173 2523 producta.
1211 2447 1300 2505 tertia
1323 2453 1460 2522 correpta
1481 2451 1522 2504 cst
1540 2462 1600 2522 qnae
1694 2485 1696 2499 ι

341 2531 548 2610 imperativum
571 2529 689 2589 modum
717 2530 749 2588 in
778 2548 793 2587 c
823 2536 990 2607 correptam
1013 2531 1118 2599 mittit,
1144 2539 1175 2590 ut
1197 2529 1295 2591 scribe
1319 2527 1389 2588 tolle
1412 2547 1498 2608 carpe
1517 2529 1627 2588 ositos
1694 2566 1696 2585 ι

341 2633 408 2677 sere
431 2613 506 2693 lege.
552 2631 623 2691 ergo
645 2613 746 2674 vidisti
769 2615 977 2692 imperativum
998 2617 1043 2674 sic
1065 2616 1162 2684 exire,
1192 2616 1279 2676 tertia
1302 2615 1471 2691 coniugatio
1490 2621 1531 2674 est
1549 2632 1600 2672 cor·
1694 2625 1696 2663 ῑ

342 2708 441 2780 repta,
470 2717 546 2779 quae
574 2716 693 2778 semper
720 2699 852 2759 loturum
880 2706 997 2779 tempus
1023 2701 1054 2759 in
1082 2719 1129 2761 am
1151 2701 1257 2770 mittit,
1281 2718 1442 2778 numquam
1463 2701 1492 2758 in
1513 2698 1558 2766 bo,
1577 2707 1601 2757 ut

342 2784 470 2847 scribam
493 2782 588 2862 legam
611 2781 709 2845 tollam
732 2802 864 2864 carpam,
888 2790 959 2865 quia
980 2781 1104 2847 latinum
1127 2804 1185 2847 non
1209 2793 1268 2855 est,
1292 2787 1317 2846 si
1346 2784 1460 2845 dixeris
1486 2782 1602 2845 seribebo
1694 2839 1696 2858 ἶ

341 2870 447 2948 legebo
474 2868 585 2930 tollebo
612 2868 751 2949 carpebo.
797 2872 883 2930 tertia
914 2873 1083 2949 coniugatio
1112 2871 1253 2951 producta
1281 2868 1421 2931 similiter
1453 2889 1487 2929 ex
1516 2869 1602 2928 εειειιι

342 2958 519 3035 imperativo
546 2953 633 3015 modo
661 2948 820 3032 colligitur.
865 2973 932 3015 cum
960 2958 1040 3016 enim
1068 2957 1260 3036 imperativus
1282 2956 1386 3016 modus
1408 2956 1469 3015 exit
1489 2956 1518 3013 in
1537 2956 1546 3013 i
1565 2951 1628 3013 lit-³l
1694 2995 1696 3012 ι

342 3048 452 3109 teram,
476 3040 564 3100 tertia
585 3041 753 3117 coniugatio
769 3038 912 3119 producta
927 3047 986 3110 cst,
1010 3049 1043 3102 nt
1065 3040 1133 3101 audi
1156 3044 1237 3103 nutri
1260 3043 1443 3105 sentimum
1465 3041 1536 3099 sarri
1554 3037 1602 3097 leni
1694 3057 1696 3112 ι

343 3134 372 3186 ει
394 3122 461 3185 alia.
498 3122 636 3185 similiter
659 3125 748 3185 otiam
770 3124 843 3185 haec
865 3126 998 3185 futurum
1020 3133 1138 3205 tempus
1160 3129 1190 3187 in
1214 3145 1260 3186 am
1283 3128 1418 3196 mittunt,
1442 3132 1474 3185 ut
1494 3125 1602 3183 muniam

341 3210 450 3271 leniam
479 3211 609 3270 nutriam
636 3209 763 3270 audiam.
808 3209 859 3269 sed
887 3213 977 3272 tertia
1004 3218 1140 3290 correpta
1168 3212 1284 3271 inlinito
1312 3210 1399 3271 niodo
1421 3230 1437 3271 c
1459 3217 1602 3287 correptam
1694 3217 1696 3228 '

342 3294 431 3356 habet
453 3300 521 3355 anto
544 3296 732 3355 novissimam
756 3290 913 3374 syllabam,
944 3302 976 3356 ut
996 3294 1097 3373 legere
1119 3294 1224 3357 tollere
1246 3314 1369 3376 carpere
1392 3294 1536 3364 scribere;
1555 3301 1601 3351 ter·

343 3382 384 3442 tia
408 3397 478 3439 vero
499 3378 642 3458 producta
665 3380 780 3440 inlinito
802 3378 889 3439 modo
916 3383 926 3442 i
949 3380 1039 3441 babet
1060 3389 1128 3441 ante
1151 3382 1340 3441 novissimam
1362 3378 1517 3460 syllabam,
1542 3382 1629 3457 ειιιιῦ
1694 3397 1696 3428 ι

344 3467 353 3523 1
382 3464 571 3543 producitur,
601 3472 633 3524 ut
660 3466 775 3525 munire
804 3462 899 3525 lenire
928 3467 1033 3526 andire
1061 3468 1173 3527 sarcire
1200 3468 1313 3527 sentire
1335 3468 1449 3525 venire.
1491 3463 1560 3524 unde
1578 3464 1602 3521 io
1694 3469 1695 3546 ᾗ

343 3547 481 3609 omnibus
511 3547 610 3608 verbis
638 3548 692 3608 bae
721 3550 944 3627 coniugationes
971 3549 1176 3612 observantur.
1206 3569 1282 3631 quae
1304 3558 1414 3611 exeunt
1436 3553 1466 3610 in
1487 3568 1517 3609 as
1536 3550 1602 3607 etin

343 3652 389 3704 cs,
419 3634 551 3694 laturum
577 3641 695 3712 tompus
723 3635 753 3694 in
781 3632 819 3693 bo
848 3636 984 3704 mittunt,
1013 3643 1045 3696 ut
1072 3637 1191 3716 saepius
1212 3635 1284 3696 dixi.
1328 3655 1403 3715 quae
1426 3644 1520 3696 autem
1538 3634 1564 3693 in
1582 3632 1602 3689 is

344 3726 461 3788 exeunt,
485 3719 618 3779 luturum
641 3725 757 3797 tempus
780 3721 810 3779 in
834 3738 880 3779 am
903 3722 1033 3790 mittunt,
1057 3740 1216 3801 numquam
1238 3723 1269 3781 in
1293 3720 1346 3790 bo,
1370 3722 1430 3781 nisi
1451 3720 1601 3781 auctoritate
1694 3727 1695 3762 1

342 3810 547 3884 praesumpta:
577 3821 644 3863 nam
672 3822 720 3864 ars
747 3803 803 3863 boc
831 3804 979 3883 probibet.
1008 3802 1013 3886 1
1043 3807 1095 3867 sed
1124 3805 1222 3885 aliqua
1244 3805 1335 3866 verba
1358 3806 1495 3885 ponimus
1513 3802 1629 3864 tentare
1694 3831 1695 3884 3

343 3890 559 3967 coniugatiouis
581 3896 751 3968 correptae,
774 3908 809 3949 ex
832 3888 941 3969 quibus
963 3898 994 3951 et
1014 3890 1072 3953 alia
1094 3893 1295 3971 consequaris.
1333 3899 1402 3951 sunt
1423 3898 1517 3951 autem
1536 3887 1601 3948 baec

343 3974 409 4052 lego
436 3972 507 4035 tollo
535 3975 617 4051 erigo
645 3992 734 4053 carpo
762 3992 908 4053 cognosco
936 3977 1020 4055 capio
1054 3978 1136 4055 lugio
1164 3994 1266 4054 mergo
1289 3994 1357 4036 sero
1389 3992 1480 4053 arguo
1508 3972 1603 4049 accipio

343 4078 420 4139 pono
442 4077 525 4119 sumo
548 4058 674 4119 ascendo
697 4077 810 4139 expono
833 4061 955 4139 incipio.
1000 4061 1073 4122 lraec
1102 4062 1251 4141 accipiunt
1273 4080 1289 4122 r
1311 4058 1441 4121 litteram
1463 4067 1491 4119 et
1511 4057 1602 4117 iaciunt

343 4144 458 4224 passiva
480 4142 585 4225 rerba,
615 4141 697 4221 legor
725 4162 831 4228 carpor
858 4148 960 4224 capior
987 4153 1017 4205 ει
1039 4155 1148 4209 εειειε.
1192 4145 1248 4207 sub
1270 4146 1326 4207 hac
1347 4147 1442 4207 torma
1463 4150 1528 4205 suut
1545 4158 1602 4200 neu·

425 4364 640 4427 tipromissivum
657 4380 736 4422 oms·
819 4363 880 4415 atu
899 4374 938 4416 est
955 4380 1001 4430 per
1018 4366 1163 4431 praesentia
1185 4366 1225 4416 uel
1244 4364 1329 4416 lutum
1347 4364 1373 4413 F
1391 4364 1473 4415 idest
1489 4360 1604 4427 praeterita

343 4432 486 4499 praesentia
504 4432 673 4489 cellaturae
759 4431 876 4498 ltprima
892 4436 1129 4485 secundaettertia
1144 4436 1188 4492 Fe
1275 4436 1308 4486 10
1323 4434 1388 4485 baec
1403 4450 1448 4485 om
1467 4433 1492 4482 F
1564 4442 1603 4493 qut

343 4500 431 4567 modo]
451 4507 501 4567 qud
521 4504 566 4559 Fe
637 4503 833 4568 taquamquam
849 4505 945 4554 oratius
959 4512 1035 4571 poeta
1053 4504 1117 4555 licus
1135 4505 1200 4555 dixit
1216 4506 1262 4556 sed
1276 4504 1325 4556 boc
1341 4504 1502 4570 usurpatione
1517 4500 1553 4551 ide
1568 4500 1603 4548 de·
1694 4505 1695 4518 ³

344 4573 404 4622 lude
421 4575 519 4623 emineo
535 4573 560 4622 F
574 4574 690 4636 quamuis
708 4571 821 4624 lucretius
840 4586 914 4639 poeta
934 4574 1050 4625 inuideor
1068 4575 1160 4624 dixerit
1177 4576 1222 4625 sed
1242 4590 1307 4625 unua
1326 4576 1489 4642 usurpatione
1505 4572 1539 4621 sie
1553 4568 1603 4618 eroi-
1694 4591 1695 4596 =

344 4656 391 4691 neo
410 4657 442 4699 ς.·
460 4644 526 4696 Hor.
545 4658 571 4696 a.
588 4658 615 4705 p,
637 4644 670 4694 56
724 4644 756 4693 18
773 4645 839 4693 enim
859 4660 905 4697 orn.
925 4645 973 4701 rs
1041 4644 1075 4695 ⁸23
1092 4646 1190 4695 mittant
1207 4645 1253 4702 re
1322 4645 1357 4695 26
1375 4648 1448 4695 tertia
1465 4644 1603 4705 itaqueten-

343 4713 471 4777 iugatios
540 4712 574 4764 ⁴28
592 4714 614 4762 si
633 4713 724 4763 dixerit
741 4714 766 4763 F
781 4715 802 4765 si
819 4714 912 4764 dixerit
927 4717 984 4778 quis
1001 4713 1025 4762 F
1091 4715 1126 4765 29
1143 4714 1259 4767 similiter
1274 4711 1563 4782 postcontugauapoett
1578 4708 1602 4765 F,

342 4788 400 4844 poet
417 4782 520 4839 tertias·
589 4781 623 4834 36
637 4783 662 4831 iu
676 4798 722 4835 om.
736 4784 762 4833 F
828 4786 862 4835 tt
880 4784 926 4834 set
946 4784 992 4834 bae
1011 4782 1092 4836 iorme
1110 4794 1169 4836 sunt
1186 4785 1212 4834 F
