3525 5600
333 353 396 420 402
825 467 828 474 Ι
863 356 1068 422 consulturi

360 480 381 522 p.
398 467 473 508 81-θὸ
486 465 511 508 Β.
1532 467 1590 507 eli.
1713 506 1714 519 ,

334 567 470 629 seoque
498 548 658 610 libens':
696 568 762 611 nam
793 551 819 610 si
850 551 894 610 sie
916 549 1055 618 scandas,
1079 551 1174 629 accipi
1197 566 1273 627 agno
1294 548 1443 628 seoqueli,
1465 546 1612 628 synaliphe
1713 522 1714 589 f

334 659 392 722 est;
421 654 528 723 sisic,
559 654 654 732 accipi
681 669 758 732 ogne
786 653 932 732 soequeli,
961 652 1114 732 ecthlipsis
1136 660 1192 713 est.
1235 651 1293 712 tale
1317 658 1362 713 est
1384 649 1549 712 ‘femineae
1571 668 1612 714 ar·
1713 664 1714 669 ’

333 756 483 817 dentem’:
517 773 586 816 nam
613 762 697 835 potes
725 756 868 817 scandere
894 756 1006 818 lemine
1035 755 1127 818 arden
1154 763 1233 826 tem,
1260 763 1291 817 et
1319 761 1364 815 est
1390 753 1562 834 synaliphm
1588 760 1613 816 ct
1713 816 1714 819 ,

333 865 417 941 potes
438 859 510 920 item
533 858 676 920 scandere
699 858 809 920 lemine
837 859 947 920 aerden
969 866 1045 929 tem,
1076 866 1105 919 et
1128 861 1188 920 erit
1210 859 1376 940 ecthlipsis.
1419 858 1493 918 item
1515 856 1612 918 simili·
1713 908 1714 911 ,

333 970 379 1026 ter
401 963 564 1030 incertum,
587 963 627 1024 sit
648 960 805 1043 synaliphe
832 981 870 1022 arr
898 962 1053 1042 ecthlipsis
1075 960 1154 1022 ‘ruit
1175 961 1262 1024 llium
1285 969 1316 1025 et
1335 963 1481 1040 ingens':
1505 978 1570 1020 narn
1589 961 1633 1019 sis

332 1068 375 1126 sic
398 1063 537 1133 scandas,
567 1064 645 1134 ilict,
674 1064 827 1145 synaliphe
851 1072 910 1136 est;
939 1067 1049 1134 sisic,
1072 1064 1154 1135 iliut,
1178 1065 1334 1145 ecthlipsis
1355 1070 1412 1125 est.
1457 1061 1553 1124 simile
1574 1071 1613 1126 cst

333 1170 545 1248 ‘egregium
573 1169 760 1229 Antorem:
790 1189 858 1230 narn
886 1177 1012 1248 utroque
1040 1169 1128 1230 modo
1156 1167 1258 1228 scandi
1280 1173 1392 1247 potest,
1422 1167 1524 1243 egregi
1552 1174 1613 1225 anto

331 1279 361 1334 et
377 1274 490 1350 ,egregi
519 1278 600 1332 unte.
645 1271 719 1331 haee
747 1289 813 1332 cum
841 1274 882 1332 ita
910 1274 970 1332 sint
998 1279 1028 1332 ct
1055 1273 1212 1333 manifeste
1239 1277 1380 1351 appareat
1408 1287 1445 1328 ex
1467 1270 1612 1330 neminum
1713 1264 1714 1273 ’

331 1377 447 1437 ratione
477 1380 507 1434 et
535 1372 758 1436 delinitionibus
786 1377 860 1454 ipsis
888 1381 917 1436 et
945 1375 1091 1455 exemplis
1113 1376 1189 1444 suis,
1219 1392 1277 1454 quo
1298 1392 1314 1433 a
1338 1390 1370 1431 se
1393 1371 1424 1432 hi
1447 1371 1506 1431 duo
1527 1378 1611 1432 meta·
1713 1382 1714 1385 ’

330 1479 437 1559 plasmi
466 1477 576 1538 distare
604 1477 773 1545 videantur,
804 1483 904 1538 tamen
931 1480 992 1540 iarn
1019 1479 1169 1539 communi
1196 1479 1282 1556 quasi
1309 1493 1456 1536 consensu
1479 1476 1513 1534 in
1534 1487 1641 1534 seen-10

331 1581 509 1660 dendonon
531 1577 627 1642 selum
649 1587 750 1640 nestra
772 1585 883 1648 aetate,
908 1580 961 1640 sed
983 1583 1072 1641 etiam
1088 1580 1166 1659 apud
1187 1582 1350 1660 scriptores
1371 1576 1544 1658 synahphae
1565 1596 1612 1637 no·

332 1701 399 1746 men
422 1682 622 1767 praevaluisse
644 1681 738 1752 video,
763 1681 836 1742 adeo
858 1691 892 1743 ut
913 1685 998 1762 quasi
1021 1701 1081 1743 une
1103 1700 1250 1744 censensu
1271 1700 1366 1762 paene
1389 1699 1493 1742 omnes
1515 1679 1611 1740 ecthli·
1713 1664 1714 1667 ¹

331 1805 418 1867 pseos
453 1786 622 1865 exemplum
654 1803 713 1846 noa
748 1784 827 1845 aliud
855 1785 941 1854 dent,
971 1804 1059 1864 quam
1088 1784 1230 1846 ‘multum
1257 1784 1309 1845 ille
1336 1791 1367 1842 et
1394 1785 1514 1852 terris',
1541 1783 1612 1862 quod
1713 1798 1714 1867 j

333 1892 430 1969 ipsum
452 1895 550 1950 tamen
573 1888 679 1959 relert,
704 1905 762 1968 que
784 1887 871 1948 mode
896 1881 1089 1970 {scandatue
1133 1890 1249 1948 namsi
1272 1885 1370 1946 multil
1392 1886 1500 1954 lacieS,
1524 1888 1611 1964 episy-
1713 1870 1714 1875 ἵ

331 1991 453 2070 neliphe
477 1992 534 2050 erit
556 1990 719 2050 secundum
742 1989 896 2071 Asperum,
920 1992 971 2069 qui
994 1989 1068 2050 dicit
1090 1989 1126 2050 de
1149 1989 1264 2050 duabus
1286 1987 1410 2066 syllabis
1433 1988 1642 2056 ammireris
1713 2034 1714 2037 ,

331 2095 407 2154 sieut
430 2099 532 2154 tanton
554 2109 589 2152 ex
605 2099 741 2162 tantone;
764 2093 928 2154 secundum
950 2110 997 2152 me
1021 2098 1119 2154 autem
1142 2110 1289 2171 paragoge
1312 2098 1373 2160 est,
1395 2098 1428 2150 ut
1449 2092 1544 2167 magis
1565 2109 1612 2168 pro
1713 2170 1714 2179 ἵ

330 2213 425 2274 mage.
460 2196 566 2275 quodsi
588 2195 712 2256 scandas
734 2194 854 2264 multul,
879 2197 939 2255 erit
961 2194 1130 2274 ecthlipsis,
1153 2196 1225 2275 quia
1246 2194 1357 2254 vocalis
1379 2211 1447 2254 cum
1468 2211 1499 2252 m
1521 2193 1611 2252 exelu-
1713 2262 1714 2269 ἵ

331 2299 426 2368 ditur,
456 2300 541 2376 quasi
564 2299 742 2378 exprimitur
765 2298 801 2358 de
823 2297 923 2358 medie
945 2316 1065 2367 uocum,
1094 2315 1153 2358 non
1168 2298 1257 2358 uelut
1278 2296 1450 2357 transilitur
1472 2303 1612 2374 tamquam

330 2403 418 2464 unius
440 2402 520 2461 vocis
543 2412 688 2470 extrema,
712 2407 745 2460 ut
767 2399 830 2459 illic
853 2407 914 2469 est,
944 2403 1078 2461 ‘interea
1101 2400 1231 2460 medium
1254 2399 1398 2460 Aeneas’.
1443 2415 1516 2474 ergo
1544 2399 1611 2457 sicut

231 2523 248 2534 ·
330 2503 473 2572 diximus,
498 2521 557 2564 arno
578 2505 636 2564 iam
659 2521 752 2582 paene
776 2504 897 2562 nomine
921 2509 1078 2583 utrumque
1106 2510 1261 2572 censetur,
1285 2519 1382 2581 neque
1406 2500 1443 2561 ad
1464 2518 1531 2561 rem
1551 2517 1653 2578 per-sa

329 2607 415 2666 tinet.
460 2603 546 2666 nohis
569 2607 649 2666 enim
670 2606 782 2666 suflicit
804 2605 954 2666 discussas
975 2623 1012 2666 eu
1033 2605 1215 2667 lectionibus
1238 2612 1371 2665 veterum
1394 2602 1515 2664 dedisse
1537 2603 1611 2662 dille·

331 2709 458 2776 rentias,
488 2706 622 2788 nihilque
645 2709 785 2776 interest,
815 2725 864 2766 res
887 2725 1022 2786 quaeque
1044 2727 1103 2787 quo
1125 2711 1243 2770 nomine
1266 2713 1438 2774 censeatur,
1463 2705 1613 2766 dummodo

331 2812 373 2870 vis
407 2818 436 2870 et
470 2817 599 2889 potestas
632 2830 733 2871 earum
762 2810 843 2871 velut
872 2829 961 2871 mann
989 2812 1021 2871 in
1048 2814 1130 2871 omni
1155 2812 1211 2872 hac
1239 2810 1440 2889 disputatione
1472 2816 1612 2871 teneatur.

331 2930 415 3001 ergo,
446 2920 477 2972 ιιι
506 2930 539 2975 ea
568 2930 644 2991 quae
672 2919 787 2973 restant
815 2912 901 2991 plane
930 2920 1090 2993 aperteque
1115 2913 1261 2982 dicamus,
1285 2913 1364 2973 scire
1387 2911 1533 2973 debemus
1552 2920 1613 2973 ante

330 3016 426 3075 emnia
450 3017 481 3075 in
504 3014 558 3074 lrao
581 3032 696 3093 quoque
718 3014 824 3075 horum
847 3014 1107 3093 metaplasmorum
1131 3022 1291 3095 potestate,
1315 3017 1377 3074 sive
1395 3034 1448 3076 eos
1468 3018 1538 3096 quis
1558 3016 1645 3075 dis-e
1713 3077 1714 3082 γ

330 3123 447 3185 cernat,
476 3118 537 3177 sive
566 3136 625 3177 uno
653 3115 824 3197 synaliphae
857 3120 977 3178 nomine
1006 3117 1158 3187 censebit,
1187 3137 1252 3179 esse
1280 3118 1410 3197 aliquam
1443 3124 1613 3197 potestatem

329 3220 440 3298 poetis,
475 3225 508 3277 ut
540 3220 598 3297 ipsi
627 3218 777 3279 interdurn
805 3228 997 3297 corrumpant
1025 3220 1218 3299 metaplasmo
1249 3220 1423 3287 dictionem,
1459 3220 1546 3299 quale
1573 3227 1614 3279 est

331 3325 414 3381 ‘nec
446 3338 517 3381 nen
552 3338 679 3381 aurum
712 3322 930 3401 animusque
953 3322 1155 3383 liatinost’.
1200 3322 1279 3401 quod
1302 3340 1368 3383 cum
1391 3324 1505 3391 evenit,
1528 3331 1613 3381 meta·

330 3422 475 3502 plasmum
497 3423 530 3481 in
552 3419 682 3482 dictione
706 3425 888 3491 invenimus,
913 3442 972 3483 non
988 3426 1018 3485 in
1034 3424 1202 3484 scandendo
1216 3423 1393 3492 adferimus,
1416 3425 1497 3503 qued
1518 3426 1615 3502 utique

330 3526 510 3594 laceremus,
540 3525 565 3583 si
593 3523 764 3603 reliquisset
793 3520 799 3607 l
828 3525 933 3586 Latino
960 3533 1020 3595 est,
1049 3529 1127 3588 sieut
1155 3529 1331 3586 ‘excussa
1354 3533 1509 3605 pectore
1532 3525 1647 3586 Iunas

331 3629 415 3687 est'.
446 3624 498 3687 sed
521 3625 575 3685 hac
599 3634 742 3705 potestate
766 3630 797 3687 in
820 3629 1021 3706 metaplasmis
1038 3648 1095 3688 rron
1110 3647 1230 3708 semper
1251 3627 1334 3689 abuti
1357 3634 1480 3707 possunt
1504 3636 1613 3707 poetae,

331 3737 363 3789 ιιι
381 3729 559 3807 scripturam
576 3738 780 3809 corrumpant,
804 3730 866 3797 sed,
891 3748 958 3789 cum
981 3731 1100 3807 integre
1120 3732 1298 3809 scripturam
1323 3729 1511 3810 reliquerint,
1534 3729 1616 3789 nohis

330 3834 360 3891 in
393 3829 562 3891 scandendo
594 3838 725 3909 potestas
757 3840 892 3893 remanet
924 3852 983 3893 non
1017 3832 1192 3893 enuntiandi
1226 3851 1260 3893 ea
1288 3851 1364 3911 qnae
1393 3831 1488 3891 nihilo
1524 3834 1617 3891 minus

330 3935 494 4012 scripturae
519 3934 613 3992 series
636 3936 780 4003 continet,
805 3942 837 3993 ut
860 3941 905 3993 est
928 3933 1070 3994 ‘arrrrltum
1094 3935 1144 3995 ille
1168 3941 1197 3994 et
1220 3936 1311 3993 terris
1333 3936 1458 3995 iactatus
1480 3940 1513 3993 et
1534 3933 1617 3993 alto’.

330 4036 356 4093 si
384 4036 464 4094 enim
491 4033 633 4094 voluisset
661 4036 704 4095 sic
731 4036 917 4115 relinquere,
948 4035 1035 4105 mult,
1066 4039 1213 4097 incertum
1242 4036 1429 4115 reliquisset:
1463 4053 1650 4113 possumuss

330 4137 409 4195 enim
432 4136 568 4213 accipere
591 4136 665 4197 mult
687 4155 741 4217 pre
758 4136 865 4197 ‘multis
889 4159 908 4193 a
930 4156 1056 4216 qamrum
1075 4138 1147 4198 haec
1170 4146 1239 4198 sunt
1261 4138 1404 4217 exempla,
1428 4142 1461 4197 ut
1481 4136 1618 4197 ostende-

413 4307 429 4355 2
449 4305 580 4355 ieetlimsis
598 4312 636 4355 est
654 4308 712 4359 telis
731 4307 853 4356 femineae
872 4308 906 4356 M
955 4304 971 4355 3
989 4316 1062 4373 petes
1079 4307 1212 4357 ermerus
1227 4316 1309 4373 potest
1324 4306 1356 4355 M
1407 4311 1426 4359 4
1442 4308 1578 4358 ieetlinasis
1589 4306 1618 4355 ..u

398 4362 577 4425 aaniRtM
644 4378 779 4429 diai'etest
799 4377 830 4426 M
899 4374 1076 4443 legreglum]
1096 4380 1176 4443 Verg.
1196 4378 1262 4430 Aea.
1280 4376 1304 4425 X
1322 4376 1373 4427 778
1448 4376 1617 4427 emanatura

329 4454 470 4512 appareant
484 4447 517 4499 M
531 4445 666 4497 marrileste
685 4456 824 4511 appareant
837 4447 915 4497 edidit
930 4448 1097 4497 Buttmenmcs
1169 4449 1199 4497 ll
1218 4449 1294 4497 etiam
1313 4448 1516 4512 ascriptoribus
1534 4448 1565 4496 M

278 4562 281 4569 ,
332 4517 362 4565 12
379 4516 534 4567 ieetlimseoa
553 4516 584 4565 M
657 4517 688 4567 13
708 4518 851 4582 exemplum
871 4517 1004 4567 Cremerae
1019 4517 1144 4581 exemplis
1163 4517 1196 4566 M
1264 4517 1410 4566 illeeterrie
1430 4516 1463 4565 M
1534 4520 1618 4582 lisq-

330 4586 432 4651 naliphe
449 4588 495 4637 crit
508 4584 642 4639 Cremerae
699 4587 729 4637 lt
746 4588 929 4637 ettantcneM
947 4602 961 4635 e
979 4596 1081 4638 tantone
1093 4588 1227 4638 Cremerae
1280 4586 1456 4655 promagiM
1509 4588 1542 4636 17
1562 4590 1618 4637 iaet-

331 4656 411 4705 limsis
431 4656 464 4705 M
531 4658 564 4708 22
583 4654 709 4721 quaeque]
730 4672 829 4721 quoque
847 4656 876 4705 M
946 4655 1122 4725 28neonon]
1145 4656 1377 4722 Verg.Aea.Xll
1397 4656 1432 4707 23
1502 4657 1618 4707 aetea-

332 4726 410 4775 rimus
429 4724 461 4775 M
529 4726 648 4792 excussa]
675 4730 753 4791 Verp.
775 4728 839 4778 Aen.
860 4727 881 4773 V
899 4726 951 4776 679
1020 4728 1053 4777 32
1074 4730 1146 4778 nobis
1161 4726 1301 4776 scandendi
1316 4727 1347 4775 M
1417 4726 1451 4776 at
1469 4725 1514 4775 ille
1534 4728 1618 4777 eterris

332 4794 364 4841 M
447 4794 482 4845 36
503 4796 617 4857 sortasse
638 4812 682 4863 pro
701 4798 789 4849 multa,
813 4796 859 4846 eed
878 4796 968 4846 denec
987 4800 1041 4847 alta
1059 4801 1191 4861 exempto,
1212 4798 1300 4861 quous
1321 4797 1386 4847 idern
1402 4797 1536 4859 pietatm
1556 4805 1618 4858 erat,

327 4872 419 4929 poetae
435 4879 484 4914 noo
500 4880 599 4929 semper
614 4867 708 4918 babere
719 4874 867 4931 potestatem
884 4868 1081 4932 οοπιιιιφειιάαε
1094 4870 1246 4931 eeripmrae,
1266 4867 1394 4917 excidisse
1410 4867 1529 4917 videntur
