3525 5600
338 396 404 458 ult)
899 395 1078 457 llelllllill

365 519 379 558 p
404 506 492 546 153-55
507 503 532 546 V.

341 605 415 646 urus.
460 593 490 646 at
512 585 642 646 secunda
665 584 790 664 pluralis
812 584 849 644 de
871 584 1000 644 secunda
1024 585 1155 644 nascitur
1177 582 1318 660 singulari
1349 583 1461 643 aaliecta
1484 601 1498 641 s
1519 580 1622 644 littera,

340 697 373 748 at
395 689 529 748 amavisti
552 688 711 756 auravistis,
735 686 861 746 docuisti
877 687 1029 756 docuistis
1052 685 1191 747 audivisti
1206 686 1370 754 audivistis,
1393 686 1491 762 legisti
1506 683 1621 760 legistis.

340 793 430 852 tertia
452 808 522 850 vero
544 788 667 869 pluralis
689 789 822 849 eiusdem
845 791 988 866 temporis
1016 807 1134 868 sempor
1157 791 1187 848 in
1209 796 1278 849 runt
1307 787 1448 868 syllabam
1469 787 1580 848 desinit
1599 799 1623 848 rt

341 901 460 954 creatur
487 911 523 952 ex
551 893 647 971 prima
670 891 814 969 singulari
842 893 852 950 i
881 889 961 952 finali
989 893 1054 952 eius
1076 893 1107 952 in
1136 910 1153 951 e
1175 909 1316 951 conversa
1339 899 1369 951 et
1401 890 1498 951 addita
1521 890 1623 970 syllaba

341 1013 431 1074 supra
453 995 541 1062 dicta,
565 1001 597 1054 ιιι
619 995 702 1055 secui
723 1000 893 1061 secuerunt,
917 996 1016 1054 inanui
1033 1001 1221 1063 monuerunt,
1244 993 1342 1054 audivi
1364 993 1549 1061 audiverunt,
1573 993 1623 1070 legi
1636 1013 1645 1048 ι

343 1096 492 1175 legerunt;
522 1096 684 1175 cademque
712 1103 783 1156 runt
810 1095 922 1174 syllaba
956 1114 1014 1156 raon
1042 1113 1202 1175 numquam
1232 1098 1262 1155 in
1296 1114 1329 1155 re
1353 1102 1565 1164 commutatur,
1597 1103 1625 1155 at

342 1205 514 1259 amaverunt
535 1215 681 1266 amavere,
705 1197 872 1257 docuerunt
894 1198 1031 1267 docuere,
1056 1199 1232 1258 audiverunt
1253 1197 1402 1266 audivere,
1431 1195 1568 1274 legerunt
1588 1197 1623 1256 le·

342 1319 425 1376 gere,
467 1308 616 1360 memento
650 1319 666 1359 v
693 1317 811 1380 ayuoque
841 1299 901 1360 illis
929 1299 1057 1360 subduci
1085 1299 1199 1368 solere,
1234 1317 1300 1360 curn
1330 1301 1356 1360 vi
1394 1299 1507 1378 syllaba
1530 1302 1623 1359 termi-

343 1409 452 1463 nentur
474 1405 484 1462 i
509 1402 600 1462 vocali
623 1401 826 1471 antecedente,
850 1409 882 1462 at
904 1403 1015 1464 nutrivi
1039 1403 1130 1462 nutrii
1146 1404 1270 1462 nutrivit
1292 1404 1407 1470 nutriit,
1431 1401 1530 1462 audivi
1552 1401 1624 1461 audii

344 1505 457 1566 audivit
480 1503 717 1583 audiit,0:upivi
745 1505 826 1583 capii
849 1506 961 1584 cupivit
988 1506 1089 1583 cupiit.
1134 1521 1221 1564 omne
1244 1506 1439 1583 praeteritum
1462 1503 1624 1582 plusquam·
1639 1523 1656 1557 a

345 1610 510 1688 perlectum
543 1608 672 1666 activum
704 1605 784 1667 modi
818 1607 971 1666 irnlicativi
1004 1607 1035 1666 in
1065 1625 1127 1666 ram
1156 1606 1299 1684 syllabam
1331 1605 1452 1666 desinit„
1503 1608 1626 1666 nascitur

344 1719 443 1772 autem
470 1709 506 1768 de
535 1709 698 1786 praeterito
725 1709 858 1787 perlecto
886 1711 896 1768 i
925 1709 1005 1770 tinali
1040 1711 1105 1768 eius
1136 1727 1277 1768 corrversa
1300 1711 1329 1768 in
1352 1727 1369 1768 e
1392 1716 1421 1768 et
1455 1707 1553 1768 addita
1575 1707 1626 1785 syl·

345 1811 411 1873 laba
433 1828 523 1889 supra
545 1809 634 1878 dicta,
658 1817 690 1870 ut
713 1811 806 1870 amavi
829 1828 1004 1878 amaveram,
1028 1811 1115 1870 docui
1138 1809 1305 1879 clarueram
1329 1809 1426 1871 audivi
1454 1809 1626 1875 audiveram,

225 1931 326 1983 ains-‚¹
345 1909 404 1991 legi
425 1911 566 1990 legeram.
591 1911 595 1985 Ι
619 1932 638 1967 ιι
666 1931 685 1966 a
714 1932 734 1968 c
770 1915 843 1972 item
865 1913 917 1992 qui
940 1913 1012 1972 dicit
1033 1905 1052 1989 ἡ
1077 1908 1153 1991 δίκη
1175 1908 1359 1991 τεμνέσθω,
1378 1911 1462 1972 litem
1485 1911 1580 1971 adbuc
1601 1913 1627 1969 in

344 2015 482 2076 condicto
496 2033 562 2076 esse
578 2014 776 2085 demonstran
798 2017 849 2094 qui
865 2032 936 2073 vero
951 2015 1024 2074 cli'cit
1045 2005 1065 2092 ἡ
1081 2010 1158 2092 δίκη
1180 2007 1365 2092 τετμήσθω,
1387 2021 1469 2074 tauta
1493 2015 1520 2072 vi
1541 2011 1626 2078 iubet,
1640 2031 1654 2066 r

345 2127 377 2179 ut
399 2119 458 2178 iam
473 2117 544 2178 velit
558 2135 624 2177 esse
639 2117 791 2194 negotium
814 2117 1016 2176 terminatum.
1050 2115 1128 2195 quod
1144 2122 1174 2174 et
1196 2114 1334 2184 latinitas
1358 2117 1493 2194 quamvis
1508 2117 1628 2174 circum·

345 2219 506 2299 loquendo,
536 2236 595 2279 non
624 2227 723 2279 tamen
752 2221 880 2297 respuit,
910 2237 976 2278 curn
1010 2218 1088 2278 dicat
1117 2218 1241 2278 ‘ostium
1269 2217 1383 2278 clusum
1419 2219 1484 2286 sit',
1519 2217 1628 2294 ‘pugna

344 2323 502 2382 commissa
524 2321 591 2390 sit',
616 2320 670 2381 ‘lis
693 2321 849 2380 terminata
871 2321 938 2380 sit'.
967 2319 1074 2398 quibus
1097 2318 1236 2379 anrnibas
1251 2337 1338 2399 quam
1362 2319 1535 2380 conficiendi
1556 2317 1628 2376 cele·

347 2429 465 2484 ritatem
487 2425 634 2500 exigimus
656 2422 886 2482 demonstratur.

228 2545 328 2602 malt
429 2523 523 2585 Ouiae
550 2526 759 2604 imperativum
781 2525 910 2602 activum
933 2541 1074 2603 praesens
1101 2544 1154 2603 per
1185 2522 1316 2601 singulas
1337 2526 1560 2601 coniugationes
1580 2541 1657 2583 suaa·

345 2629 490 2705 cuiusque
504 2626 596 2688 vocali
612 2629 800 2694 terminatur,
824 2633 857 2685 ιιι
872 2645 936 2686 arna
959 2643 1046 2686 mone
1067 2626 1135 2688 audi
1159 2627 1235 2703 lege.
1264 2625 1362 2706 aliqua
1385 2627 1451 2686 eius
1474 2625 1551 2685 naudi
1572 2625 1626 2685 sola

347 2730 549 2809 reperiuntur,
573 2728 646 2788 cedo
667 2730 715 2788 ler
728 2746 761 2788 es
776 2727 834 2787 dic.
864 2727 917 2787 sed
933 2727 1006 2786 cedo
1028 2729 1058 2787 ia
1082 2728 1136 2789 bac
1160 2735 1273 2788 tantum
1296 2727 1384 2787 modo
1407 2745 1478 2787 voce
1500 2728 1624 2788 consistit

255 2874 259 2879 -
348 2850 403 2891 nec
424 2831 550 2891 ulterius
572 2832 723 2909 procedit,
753 2832 812 2891 nisi
833 2829 912 2910 qnod
942 2830 1055 2909 plurale
1078 2833 1142 2890 eiras
1164 2830 1283 2910 quidam
1305 2838 1384 2890 cette
1407 2830 1557 2898 dixerunt,
1581 2828 1626 2888 sed

347 2935 496 3011 originem
524 2931 633 3015 nullam
659 2934 779 3011 penitus
806 2930 918 2992 babere
947 2934 1144 3008 cognoscitur.
1189 2935 1218 2993 in
1248 2952 1263 2993 r
1291 2952 1361 2993 vera
1383 2934 1430 2993 ler
1453 2940 1483 2992 et
1504 2950 1575 3011 quae
1595 2950 1626 2990 ex

349 3053 384 3094 ea
417 3040 639 3113 conponuntur,
671 3043 702 3094 nt
723 3034 808 3094 deler
830 3033 914 3093 adlcv
936 3034 1039 3093 canter
1067 3036 1194 3113 praeter.
1240 3054 1392 3114 squoque
1416 3036 1499 3095 linita
1521 3042 1549 3093 et
1570 3036 1657 3112 ipsas»

348 3154 496 3216 yvocpauca
525 3143 608 3206 sunt,
638 3145 671 3197 ut
698 3155 730 3197 es
758 3146 789 3196 et
816 3154 891 3215 quae
920 3154 956 3195 cx
983 3154 1018 3195 eo
1041 3144 1263 3216 conponuntur,
1298 3137 1369 3197 ades
1390 3136 1500 3216 prodes
1522 3152 1624 3215 praees,

348 3256 483 3317 «praeque
511 3237 567 3297 alia
591 3256 626 3297 cx
649 3238 752 3297 codem
777 3237 867 3298 verbo
890 3238 1064 3315 figurantur,
1087 3244 1117 3298 et
1140 3257 1229 3299 unum
1252 3238 1298 3299 bis
1320 3238 1417 3299 simile
1440 3245 1532 3317 potes.
1558 3254 1625 3317 quae

348 3359 385 3400 es
412 3340 538 3401 infinitis
564 3341 628 3400 suis
657 3341 780 3401 formari
808 3340 940 3401 technici
967 3339 1068 3400 volunt
1095 3340 1206 3400 ultimis
1227 3340 1347 3420 syllabis
1370 3339 1490 3408 ablatis,
1518 3346 1624 3400 cantare

348 3449 450 3510 canta,
473 3460 595 3501 monere
617 3462 722 3512 arone,
745 3442 850 3503 audire
873 3442 959 3512 audi,
983 3441 1082 3519 legere
1105 3440 1185 3519 lego;
1214 3442 1344 3521 adeoque
1367 3442 1423 3501 boc
1445 3460 1510 3503 esse
1531 3444 1625 3501 certis·

349 3545 473 3611 simum,
502 3550 534 3601 ut
561 3547 650 3604 ctiam
679 3543 728 3604 illa
756 3544 812 3604 sub
839 3544 973 3605 eiusdem
1001 3543 1120 3621 regulae
1148 3562 1248 3604 norma
1278 3546 1337 3604 sint
1360 3546 1467 3622 posita.
1511 3562 1573 3603 nam
1593 3542 1624 3601 ab
1636 3558 1656 3589 :a

349 3664 385 3703 aa
407 3644 485 3723 qaaod
509 3653 639 3705 estesse
663 3645 759 3707 ablata
782 3646 887 3707 ultima
909 3648 941 3705 fit
956 3664 997 3715 ee,
1020 3646 1123 3707 adesse
1139 3647 1224 3715 ades,
1249 3645 1412 3725 itidemque
1439 3644 1476 3706 ab
1503 3643 1623 3723 eoquod

350 3754 396 3807 ast
416 3748 497 3807 lerra
519 3749 672 3827 praeferre
694 3749 741 3808 ler
763 3750 892 3827 praeter.
930 3755 1013 3827 putcs
1037 3756 1150 3808 tanturn
1172 3748 1290 3809 videtur
1313 3750 1437 3808 minime
1459 3748 1528 3807 buic
1548 3762 1623 3822 regu·

349 3849 395 3909 lae
417 3851 603 3918 consentium
627 3848 678 3909 scd
702 3848 706 3927 Ι
731 3850 883 3911 sciendam
900 3858 943 3910 est
965 3868 1044 3911 nunc
1067 3850 1184 3930 quidem
1208 3850 1356 3911 inlinitum
1380 3850 1445 3910 cius
1467 3849 1526 3908 dici
1541 3864 1623 3927 posse.

350 3952 403 4011 sed
425 3951 503 4031 apud
525 3953 664 4030 antiquos
685 3953 835 4028 integrum
857 3960 975 4030 potasse
991 3954 1134 4031 reperiri,
1158 3952 1237 4031 quod
1253 3952 1364 4030 posteri
1386 3968 1473 4029 posse
1495 3968 1547 4029 per
1566 3966 1623 4027 syu-

350 4070 444 4132 copeu
467 4052 617 4113 dixerant.
662 4053 710 4113 dic
742 4060 841 4113 autem
863 4053 909 4113 vel
938 4054 983 4113 lac
1017 4054 1073 4115 duc
1102 4053 1196 4113 rlcduc
1230 4072 1287 4133 per
1309 4071 1461 4133 apocopen
1484 4052 1653 4159 ιιιιιιιιιιιιιει·ν

456 4174 540 4180 -.-.-
555 4174 575 4179 ..
586 4174 653 4181 --.-.

417 4239 433 4287 8
445 4239 543 4302 syllaba
556 4250 565 4288 ι
578 4241 723 4288 terminum
736 4239 761 4287 B
820 4242 850 4287 ιι
863 4237 983 4305 legeram]
998 4240 1103 4289 ‘desinit
1120 4240 1160 4289 bic
1175 4240 1263 4303 solium
1274 4240 1329 4289 cod.
1341 4242 1381 4288 16.
1395 4241 1485 4288 deraret
1502 4240 1548 4288 duo
1556 4236 1618 4297 solio,

350 4306 438 4373 quibua
455 4306 648 4357 continebantur
665 4309 764 4371 reliqua
786 4309 818 4357 de
841 4316 953 4371 tempure
974 4308 1232 4373 plusquamperfecto,
1260 4308 1382 4370 formatio
1405 4307 1490 4369 futuri
1510 4306 1622 4353 indicativi

352 4376 434 4434 actiui,
454 4376 591 4425 declinatio
609 4376 739 4425 indicativi
758 4377 854 4438 paesici
870 4383 897 4424 et
913 4377 1008 4425 initium
1025 4383 1220 4439 praeceptorum
1238 4378 1269 4425 de
1287 4376 1358 4425 nodo
1376 4376 1536 4439 inoperatiao'
1551 4374 1621 4421 editur

354 4442 566 4493 l'indoboneasir.
597 4445 661 4493 idem
679 4450 799 4508 quatiatur
817 4460 904 4493 aeram
927 4460 961 4493 ea·
984 4444 1015 4491 iia
1030 4443 1179 4493 membranis
1196 4460 1260 4509 quae
1276 4447 1411 4507 perierunt
1429 4446 1454 4491 ιιι
1470 4442 1621 4506 praecedente

349 4510 493 4560 aceanbrana
510 4512 568 4560 alan
586 4514 694 4561 inversis
711 4512 804 4559 litteris
821 4527 962 4575 expressus
979 4514 1039 4575 lepti
1051 4512 1105 4565 boa.
1124 4527 1180 4561 nius
1193 4511 1302 4575 syllaba3
1316 4512 1429 4561 secunda
1443 4526 1510 4563 vera.
1523 4510 1543 4557 si
1554 4508 1618 4557 eidem

351 4581 439 4627 tertiae
451 4580 472 4627 is
485 4579 583 4642 syllaba
597 4578 671 4628 luerit
682 4579 794 4639 adiecta;
814 4582 887 4629 tertia
901 4595 1011 4642 qaoque,
1029 4580 1051 4628 si
1065 4592 1124 4628 arria
1138 4592 1146 4629 ι
1160 4580 1266 4627 litteram
1281 4580 1394 4628 nltimam
1406 4580 1461 4629 eius
1475 4594 1488 4627 a
1501 4575 1619 4639 interponi·

351 4658 400 4703 tur,
414 4656 442 4695 ut
454 4647 588 4696 audiemus
601 4648 710 4696 audietis
722 4648 825 4697 audient
880 4650 911 4697 14
925 4661 1063 4712 capricana
1077 4656 1182 4712 utraque
1193 4649 1249 4697 Ioco
1262 4646 1287 4695 B
1339 4648 1370 4696 21
1385 4647 1442 4709 lege
1454 4646 1516 4696 cedo
1528 4645 1558 4697 B.
1569 4658 1618 4708 puae

352 4716 501 4779 interposui,
519 4716 601 4778 aliqua
620 4716 674 4763 eius
692 4716 758 4764 modi
775 4716 830 4764 sola
843 4716 1011 4781 reperiuntur,
1029 4716 1099 4777 infra
1117 4716 1149 4767 25
1165 4723 1223 4779 past
1235 4714 1334 4780 praefer
1349 4714 1425 4765 babet
1443 4714 1476 4763 B.
1495 4727 1618 4779 quanqum

349 4786 428 4845 plura
446 4788 520 4833 etiam
538 4786 646 4846 periisse
658 4785 774 4833 videntur
842 4788 875 4835 23
892 4780 966 4847 cette]
984 4783 1075 4833 ceteB
1148 4784 1180 4833 28
1199 4783 1322 4833 tlreebaici
1341 4782 1365 4831 B
1435 4784 1468 4833 32
1486 4792 1617 4848 potestur-

352 4862 403 4896 tnm
420 4850 443 4897 a
511 4856 542 4900 :ll
556 4850 697 4918 syncopen]
711 4852 832 4915 sincopau
848 4852 871 4899 B
942 4855 974 4900 :ib
987 4847 1114 4915 ‹vixernny
1129 4852 1214 4900 ιιιιιιιιι
1231 4850 1253 4901 Β
