3525 5600
742 369 814 431 ntis
1387 364 1427 429 61

1234 487 1255 533 p.
1271 474 1402 518 urerer.

138 561 332 640 inperfectum
361 567 407 621 est
439 557 516 640 quod
545 565 640 619 totum
668 556 839 637 conpletum
866 575 926 617 nun
955 564 1008 618 εει.
1037 589 1079 602 -
1105 555 1186 618 Inter
1213 557 1379 636 perlectum
1403 563 1432 616 et

138 662 458 742 plusquamperfectum
486 663 544 723 boc
571 662 710 721 interest:
741 659 821 740 quod
850 669 895 720 est
922 659 1032 722 lactum
1059 676 1153 730 nunc,
1185 658 1349 738 perlectum
1372 664 1430 728 est;

140 765 213 846 quod
237 773 307 827 ante
325 761 332 846 1
350 767 475 836 lactum,
500 763 829 845 plusquamperlectum.

218 866 319 928 Prima
340 886 468 948 persona
490 872 520 927 in
543 863 727 928 neutralibus
750 866 831 925 etin
854 866 956 926 activis
978 865 1093 944 respuit
1107 881 1222 933 casum,
1247 865 1314 942 quia
1330 879 1383 941 per
1399 879 1431 922 se

121 970 228 1049 siuplet
251 970 404 1038 ellectum,
433 987 502 1030 nam
525 968 702 1048 deponentia
730 974 760 1028 et
781 968 895 1046 passiva
917 966 1066 1028 interdurn
1090 965 1247 1027 admittunt
1274 963 1431 1024 nominati-

141 1091 203 1131 rnm
219 1089 339 1140 casum,
361 1071 479 1151 quando
495 1090 571 1151 opus
586 1078 631 1131 est
652 1078 686 1130 ut
707 1088 862 1149 personam
879 1087 965 1130 suum
981 1069 1016 1130 ad
1033 1087 1064 1129 se
1080 1069 1228 1128 meritum.
1250 1099 1293 1110 ·—-
1315 1063 1431 1125 Etiam
1444 1074 1503 1136 384,
1517 1075 1549 1122 22

141 1171 248 1234 rerba
262 1175 537 1254 inpersonalia,
554 1190 645 1253 quae
660 1172 695 1233 in
711 1178 769 1232 tur
785 1182 934 1242 exeunt,
951 1173 1051 1232 casui
1067 1172 1236 1232 serviunt
1251 1165 1430 1236 ablativo,

143 1283 174 1336 ut
193 1273 367 1358 gellritur
389 1295 405 1336 a
427 1293 495 1346 me,
519 1294 535 1336 a
558 1282 606 1349 te,
631 1272 674 1334 ab
694 1271 777 1332 illo:
806 1271 1002 1354 inpersonalia
1025 1274 1236 1353 pronominum
1258 1269 1315 1332 sibi
1337 1269 1430 1329 vindi·

142 1385 205 1437 caut
226 1395 315 1437 casus
338 1376 489 1438 ablativos.
526 1375 631 1455 sedin
654 1373 791 1436 omnibus
817 1378 952 1454 personis
978 1377 1042 1455 ipsc
1071 1391 1157 1434 casus
1185 1381 1242 1444 est,
1272 1389 1431 1451 numquam

112 1481 237 1540 tnrariat.
254 1513 296 1522 -
313 1479 410 1550 Quae
432 1481 470 1539 in
491 1479 521 1540 it
543 1485 680 1539 exeunt
702 1478 805 1538 casui
827 1479 998 1540 serviunt
1019 1476 1160 1544 dativo,
1185 1483 1223 1535 ut
1245 1474 1478 1550 contingit23

144 1582 225 1642 mibi
248 1581 319 1642 tibi
340 1581 413 1641 illi:
436 1583 467 1640 in
489 1582 512 1641 it
533 1578 733 1660 inpersonalia
755 1597 832 1658 quae
854 1589 977 1650 ereum,
1000 1578 1185 1660 pronominis
1199 1594 1318 1655 semper
1332 1593 1433 1636 casum

144 1683 193 1744 sibi
216 1683 522 1744 sindicautdativum.
539 1681 694 1754 -Onae
716 1700 803 1742 vero
825 1682 861 1742 in
883 1689 919 1742 et
941 1687 1089 1750 exeunt,
1114 1697 1153 1740 ea
1169 1677 1276 1739 modo
1292 1677 1478 1746 dativum

145 1784 243 1845 morlo
271 1786 501 1846 accusativo:
531 1782 729 1865 inpersonalia
758 1801 832 1863 quae
854 1785 885 1844 in
909 1791 939 1844 et
961 1792 1069 1845 exeunt
1091 1801 1108 1842 a
1130 1779 1356 1862 pronominibus
1378 1778 1433 1840 alia

145 1889 288 1966 accipiunt
315 1887 459 1957 dativum,
487 1883 543 1947 alia
571 1889 766 1949 accusativum
794 1903 903 1946 casum.
941 1886 993 1946 sed
1019 1892 1117 1944 tamen
1147 1882 1307 1944 notandum
1333 1878 1339 1964 1
1363 1880 1435 1942 libet

116 2004 136 2041 ¹⁵
148 1997 256 2051 tantum
272 1989 370 2050 dativo
387 1987 432 2068 [et
446 1987 628 2070 accusativo]
644 1990 736 2066 ioum.
774 2005 842 2048 nam
857 1985 949 2066 pudet
962 1989 1044 2068 piget
1059 1985 1157 2048 taedet
1171 1985 1302 2065 paenitet
1316 2001 1435 2063 semper
1521 2005 1527 2016 ·

147 2092 309 2153 accusativo
332 2091 467 2153 dicimus.
490 2124 533 2137 -
554 2091 666 2152 Accuso
695 2098 724 2150 ιε
748 2097 778 2150 ει
798 2089 903 2150 invoco
925 2097 969 2150 te:
993 2091 1075 2150 etin
1097 2087 1224 2168 simplici
1246 2094 1276 2147 ει
1296 2087 1327 2147 in
1355 2105 1434 2146 com·
1447 2098 1480 2148 28

147 2194 238 2272 posito
259 2194 358 2272 ipsum
381 2212 483 2255 casum
505 2190 596 2254 tenet.
619 2226 661 2236 -
683 2191 772 2252 Soleo
794 2198 875 2251 caret
897 2193 1052 2271 participio
1074 2189 1238 2271 praesenti;
1261 2187 1360 2249 solens
1375 2205 1434 2248 non

147 2295 220 2354 lacit.
259 2294 339 2356 Oriri
366 2295 501 2356 infinitus
528 2303 582 2357 est.
625 2296 666 2355 ita
689 2301 861 2356 et=veteres
882 2293 1021 2354 dicebant
1043 2293 1160 2362 moriri;
1190 2289 1337 2370 euphonia
1360 2291 1436 2349 mori

147 2395 316 2458 emendarit.
356 2395 447 2458 Sallio
468 2395 568 2459 sallire
589 2398 674 2467 lacit,
698 2403 728 2456 et
748 2393 842 2476 psallo
863 2394 992 2474 psallere
1013 2396 1084 2456 lacit
1106 2401 1135 2455 ει
1155 2392 1228 2454 salio
1251 2389 1380 2463 saluere,
1404 2398 1437 2451 ut

115 2517 136 2555 a
292 2498 472 2563 mollibus
493 2503 529 2560 in
551 2501 672 2581 pratis
694 2507 828 2559 unctos
848 2496 995 2559 saluere
1016 2515 1082 2578 per
1105 2504 1217 2557 utres.

146 2601 253 2664 Studeo
275 2604 409 2683 quamvis
436 2602 570 2663 neutrale
597 2603 636 2662 sit
666 2609 696 2662 ει
726 2602 814 2662 actiui
842 2599 977 2680 regulam
1009 2605 1166 2680 sequatur,
1199 2597 1293 2657 luturi
1322 2603 1435 2674 tempo·

148 2707 186 2765 ris
214 2706 372 2786 participio
400 2715 490 2766 caret.
528 2723 597 2766 nam
625 2723 713 2765 nemo
741 2703 812 2764 dicit
837 2703 1016 2776 studiturus,
1047 2703 1124 2762 sicut
1150 2700 1253 2760 iturus.
1294 2695 1481 2777 [omnesne

148 2810 279 2870 latinas
305 2807 519 2890 recipient]
542 2808 588 2869 Ab
610 2826 646 2868 eo
668 2806 746 2887 quod
769 2814 814 2867 est
835 2813 902 2867 ovat
924 2806 1049 2886 primam
1072 2820 1228 2883 personam
1252 2797 1436 2861 nonhabet:

148 2929 211 2970 nam
234 2929 322 2972 nemo
344 2911 416 2972 (licit
438 2928 507 2983 ovo,
530 2930 569 2971 ne
590 2908 796 2988 intellegamus
818 2908 947 2970 dativum
970 2903 1150 2986 singularem
1173 2906 1211 2965 ab
1234 2922 1269 2965 eo
1292 2902 1370 2983 quod
1394 2910 1439 2963 est

117 3026 239 3073 nomm.

229 3114 313 3177 Nam
342 3116 532 3197 triumpho
555 3110 561 3197 1
586 3132 692 3195 perp
719 3122 754 3174 et
780 3112 801 3173 b
827 3111 1020 3173 scribitur.
1056 3110 1076 3171 lt
1106 3118 1140 3171 ει
1167 3128 1185 3169 o
1212 3108 1341 3169 littera
1367 3122 1539 3185 nonnam

149 3218 400 3298 praeponitur.
434 3220 521 3279 item
544 3218 625 3279 sine
647 3237 666 3278 u
688 3216 880 3297 praelerri
902 3213 1063 3277 olittera
1079 3230 1148 3273 non
1164 3216 1301 3291 potest:
1326 3207 1439 3270 nullum

150 3320 268 3381 uerbum
289 3323 404 3401 primae
426 3338 572 3401 personae
594 3327 662 3380 ante
684 3338 702 3379 o
724 3320 738 3379 l
757 3318 872 3398 recipit.
909 3316 961 3377 sed
986 3315 1135 3396 triumpho
1151 3332 1210 3374 non
1225 3314 1256 3372 ln
1272 3312 1328 3373 let
1342 3330 1359 3371 o
1374 3311 1439 3371 lini·

151 3432 208 3493 tur,
232 3423 282 3483 setl
305 3442 359 3503 per
380 3424 606 3503 aspirationem,
629 3430 663 3482 ut
683 3419 753 3500 pbo.
769 3453 812 3465 —
827 3420 920 3481 Sunt
940 3419 1051 3481 verba
1074 3417 1259 3478 defectiva
1282 3413 1353 3474 alia
1375 3430 1468 3493 pert

123 3524 289 3595 amotos,
311 3534 351 3587 ut
373 3526 477 3587 cedo:
502 3524 576 3587 cedo
591 3521 710 3604 quando
725 3524 869 3602 significat
884 3522 946 3593 (lic,
968 3522 1166 3603 inperativum
1187 3524 1302 3580 tantum
1318 3515 1439 3579 modum

151 3626 245 3687 babet.
282 3627 350 3688 ideo
377 3647 433 3708 per
461 3627 566 3688 modos
593 3626 770 3686 defectivum
797 3618 865 3697 est.
886 3625 956 3687 lacit
982 3632 1080 3685 autem
1108 3619 1255 3703 pluralem
1283 3629 1369 3681 cette.
1397 3652 1440 3661 -

152 3728 228 3789 llia
248 3748 313 3810 per
335 3730 489 3800 lormas,
514 3738 552 3790 ut
573 3730 733 3791 lacesso:
756 3730 872 3789 lacesso
895 3729 978 3809 quasi
999 3726 1262 3807 frequentativum,
1291 3740 1359 3783 oum
1379 3737 1440 3781 non

151 3830 255 3891 babeat
274 3831 455 3913 principale,
486 3832 565 3894 unde
587 3833 714 3901 oriatur,
744 3838 774 3892 et
801 3849 860 3890 non
889 3829 1042 3891 descendit
1063 3827 1101 3889 ab
1124 3848 1159 3888 eo
1187 3826 1266 3907 quod
1289 3806 1334 3886 e'st
1355 3824 1440 3884 facio.
1485 3866 1490 3879 .

153 3950 217 3995 nam
239 3936 386 3997 lacessere
409 3942 454 3996 est
476 3933 652 4004 abscedere,
677 3941 707 3993 et
728 3941 772 3994 est
785 3934 881 4013 prima
897 3934 1081 4010 coniugatio,
1105 3939 1138 3993 ut
1153 3930 1311 3991 Terentius
1333 3926 1440 3985 ‘baec

219 4158 377 4209 eodum.
395 4156 544 4210 xus-8.
614 4154 679 4206 ain
700 4162 758 4206 unte
782 4154 940 4205 neutralibus
959 4168 1004 4207 om,
1079 4152 1245 4219 opossiuum
1318 4147 1441 4199 'lubinti-

155 4242 209 4276 uam
293 4228 488 4294 Bpronomiurn
566 4226 714 4277 tlablatiuo
794 4224 827 4275 lb
845 4224 991 4273 accusation
1011 4231 1035 4271 te
1054 4231 1078 4271 et
1095 4223 1120 4271 in
1141 4238 1204 4272 noco
1221 4220 1302 4287 (corr.
1322 4220 1356 4268 ol.
1374 4232 1439 4265 mon.

155 4298 319 4362 inuocatiuo)
337 4310 363 4348 te
425 4297 458 4349 18
477 4298 551 4348 orriri
610 4296 715 4346 ettlnnia
732 4295 827 4345 nemori
845 4294 1005 4343 aemendauit
1075 4292 1107 4343 19
1125 4290 1199 4358 salio]
1222 4289 1304 4341 suluio
1323 4290 1406 4337 deleta
1425 4302 1442 4334 u

155 4369 234 4417 lr'ttera
293 4369 325 4418 21
346 4368 485 4417 accusatiui
538 4375 675 4430 sequantur
691 4362 815 4415 luturnrn'
856 4365 890 4414 23
909 4365 940 4413 ab
958 4380 1004 4414 one
1059 4359 1127 4428 ovat]
1148 4362 1216 4410 abari
1281 4361 1316 4409 24
1334 4372 1381 4407 ovo
1398 4354 1441 4421 ne]

157 4438 231 4486 oboue
282 4439 408 4503 singulam
428 4436 510 4501 (corr.
524 4440 558 4487 al.
571 4454 637 4490 mun.
651 4434 821 4501 singularem)
835 4450 865 4484 eo
880 4434 948 4497 quod
1009 4432 1042 4483 28
1055 4429 1155 4497 recipit]
1171 4431 1285 4494 sequitur
1337 4426 1440 4475 triumfo

202 4507 237 4559 tu
254 4509 412 4561 nerbocorr.
428 4510 541 4557 ulman.
559 4508 638 4557 uerba
688 4503 1111 4570 bboedodicquarrdosigniflcet
1129 4502 1170 4551 die
1222 4498 1256 4551 33
1274 4496 1440 4563 principalem

220 4730 363 4792 bsnrtame
380 4739 408 4779 nt
423 4746 558 4798 personam
579 4745 651 4780 suom
669 4730 804 4779 adsrrmnut
857 4730 890 4779 14
908 4724 977 4793 libet]
1001 4725 1036 4789 cf.
1056 4727 1167 4789 Pompei.
1183 4740 1211 4787 p.
1231 4722 1283 4775 319
1302 4722 1342 4773 ed.
1363 4722 1439 4773 Lind.

160 4800 255 4925 norff·
270 4798 365 4932 pp'lllirae]
376 4802 624 4923 3noallereI'utacbinn
693 4797 874 4865 anmantuus]
896 4796 1173 4863 l'erp.peorp.l1384
1245 4792 1276 4844 31
1293 4790 1438 4859 Terentius]
