3525 5600
309 357 349 420 88
875 328 1032 418 rorum

309 545 350 608 cl'.
375 542 491 609 Ianelli
512 541 608 608 catal.
631 541 712 607 bibl.
735 539 791 604 lat.
813 561 897 625 quac
919 539 954 603 in
976 561 1043 624 reg.
1061 544 1162 625 Neap.
1186 561 1268 603 mus.
1291 538 1393 605 Borb.
1417 547 1603 604 asservatur

308 671 341 734 p.
364 645 423 727 26,
451 645 602 710 Osannus
631 642 757 729 ephem.
788 640 852 707 litt.
880 641 957 706 Hal.
981 664 1011 706 a.
1037 642 1116 708 1837
1146 640 1305 728 supplem.
1334 665 1367 728 p.
1390 641 1440 706 99.
1477 663 1520 705 ex
1541 640 1602 704 hoc

309 770 415 836 pauca
429 746 532 813 edidit
546 747 589 810 A.
604 745 712 810 Maius
729 744 824 810 class.
842 753 930 810 auct.
946 767 977 808 v.
994 744 1026 808 V
1041 768 1072 831 p.
1092 743 1162 810 151.
1194 743 1335 832 denique
1355 766 1461 832 pauca
1482 744 1603 808 veteris

310 849 430 916 codicis
458 849 643 933 fragmenta
670 857 803 912 servata
830 856 907 912 sunt
933 846 968 910 in
996 847 1109 912 codice
1136 847 1294 934 rescripto
1317 843 1604 933 Montepessulano

312 951 387 1015 141:
419 951 459 1015 cf.
484 947 580 1014 catal.
609 971 684 1034 gen.
713 952 771 1014 des
798 950 995 1014 manuscrits
1023 949 1080 1014 des
1107 947 1348 1035 bibliotheques
1376 949 1432 1014 des
1456 948 1603 1034 dc'parte-
1693 924 1696 994 1

310 1075 401 1118 mens
425 1051 443 1116 I
464 1075 497 1138 p.
512 1051 585 1116 338.
610 1052 645 1114 18
667 1073 704 1116 88
727 1051 814 1115 enim
836 1050 1009 1117 duodecim
1032 1063 1108 1118 sunt
1129 1051 1337 1116 membranae
1359 1073 1402 1116 ex
1423 1050 1606 1136 antiquiore

311 1153 424 1219 codice
453 1163 569 1218 octavo
590 1145 650 1218 ¹vel
679 1174 781 1234 8888,
815 1164 852 1217 81
874 1152 1023 1234 videtur,
1058 1153 1187 1219 sacerdo
1215 1151 1332 1218 litteris
1364 1151 1605 1236 longobardicis

312 1255 434 1342 scripto
462 1264 628 1342 sumptae,
655 1255 690 1318 in
717 1255 836 1343 quibus
864 1254 985 1319 veteris
1015 1256 1196 1342 scripturae
1218 1255 1361 1340 vestigia
1383 1255 1463 1320 88118
1493 1265 1606 1340 aperte

312 1357 483 1445 adparent.
528 1368 561 1422 81
582 1358 689 1422 maior
710 1358 842 1445 quidem
863 1379 940 1443 pars
964 1379 1076 1422 earum
1097 1358 1359 1423 membranarum
1381 1356 1424 1421 81
1446 1355 1608 1422 Prisciani

310 1458 431 1525 librum
460 1468 612 1525 octavum
639 1462 791 1545 pertinet.
835 1459 870 1522 in
898 1469 1051 1544 quattuor
1079 1469 1188 1524 autem
1214 1459 1412 1524 membranis
1446 1457 1607 1546 quaedam

312 1584 355 1626 ex
378 1570 519 1626 tractatu
534 1560 683 1647 Pompeii
698 1561 739 1626 18
760 1560 879 1627 11118118
903 1572 936 1626 81
958 1560 998 1626 18
1021 1562 1211 1627 accentibus
1234 1561 1356 1648 scripta
1377 1569 1470 1644 sunt;
1492 1563 1526 1625 in
1542 1583 1609 1624 una

312 1684 391 1728 vero
420 1663 519 1729 etiam
541 1663 710 1750 inscriptio
733 1662 810 1729 libri
833 1663 914 1727 satis
937 1673 1025 1728 certo
1048 1663 1195 1749 adparet,
1218 1667 1342 1726 INCIP.
1367 1665 1612 1727 TRACTATl'S

312 1768 492 1831 POMPEI!
511 1769 636 1830 GRAM.
659 1767 718 1830 vix
739 1753 848 1830 autem
870 1787 952 1852 opus
975 1775 1043 1830 erat
1066 1777 1102 1832 ut
1123 1763 1220 1829 huius
1243 1763 1318 1831 libri
1341 1766 1538 1830 mentionem
1560 1765 1608 1828 ia-

314 1888 436 1948 cerem,
463 1867 527 1931 8181
556 1865 642 1932 falsa
664 1866 704 1932 de
726 1889 764 1932 eo
786 1866 891 1932 relata
913 1889 985 1932 8888
1008 1866 1156 1932 viderem
1177 1867 1212 1931 in
1234 1865 1381 1952 catalogo
1405 1887 1504 1951 supra
1525 1864 1608 1930 1811-

315 1977 399 2034 8818.
428 1991 504 2032 nam
525 1991 599 2033 cum
619 1969 668 2034 illi
691 1969 747 2056 qui
762 1968 949 2055 catalogum
972 1969 1183 2035 confecerunt
1204 1993 1263 2056 pro
1286 1969 1496 2054 inscriptione
1511 1989 1609 2053 quam

314 2069 410 2156 posui
443 2069 525 2134 haec
556 2069 619 2155 legi
654 2071 870 2154 indicassent,
906 2076 1064 2136 POMPEI
1099 2077 1157 2135 FE
1178 2121 1184 2136 .
1203 2119 1235 2139 ..
1257 2075 1314 2135 DE
1343 2073 1402 2136 RE
1422 2117 1429 2134 .
1448 2118 1455 2134 .
1473 2119 1480 2134 .
1493 2117 1502 2150 ,
1533 2067 1610 2133 inde

315 2173 456 2236 excitata
488 2181 539 2236 est
570 2174 697 2258 opinio,
730 2184 768 2238 81
793 2163 942 2262 Pompeii
970 2174 1061 2238 Festi
1089 2173 1129 2238 de
1163 2174 1337 2240 verborum
1370 2171 1610 2256 significatione

314 2272 501 2358 fragmenta
526 2275 562 2338 in
589 2277 787 2341 membranis
814 2276 982 2362 rescriptis
1011 2275 1113 2340 latere
1141 2274 1362 2340 crederentur.
1405 2274 1466 2339 hoc
1499 2294 1609 2336 errore

315 2373 445 2441 sublato
467 2397 532 2439 non
554 2388 605 2442 881
627 2399 685 2442 881
706 2379 740 2443 18
754 2379 827 2443 istis
837 2375 1037 2472 'fragmentis
1054 2377 1258 2443 excutiendis
1274 2398 1373 2464 opera
1388 2384 1608 2456 consumetur,

315 2499 380 2565 888
401 2499 481 2542 8888
503 2478 714 2564 dignissimus
736 2479 868 2545 futurus
892 2491 962 2546 erat
984 2479 1112 2544 Festus.

401 2631 485 2696 Sunt
513 2631 611 2696 etiarn
639 2631 694 2696 alii
719 2626 847 2698 codic'es
876 2632 1066 2719 conplures,
1095 2633 1130 2697 in
1153 2634 1270 2720 quibus
1293 2630 1345 2696 vel
1368 2635 1477 2718 partes
1501 2631 1609 2716 operis

316 2732 462 2821 Pompeii
491 2734 633 2821 scriptae
661 2734 713 2798 881
737 2745 894 2821 excerpta
917 2737 986 2798 eius
1008 2757 1081 2798 cum
1105 2735 1267 2821 excerptis
1291 2732 1428 2798 aliorum
1450 2754 1611 2819 gramma·

315 2836 454 2900 ticorum
482 2836 652 2922 conposita
679 2848 765 2901 sunt..
809 2860 886 2901 nam
913 2838 947 2901 in
975 2838 1077 2903 libros
1106 2838 1145 2902 dc
1168 2838 1383 2922 grammatica
1405 2848 1475 2902 arte
1497 2834 1611 2899 intima

317 2945 425 3003 881818
453 2960 496 3001 81(
523 2938 625 3002 881118
655 2939 844 3004 auctoribus
866 2938 1038 3021 collectos,
1062 2960 1200 3027 quorum
1222 2960 1360 3023 magnus
1383 2938 1434 3003 cst
1455 2960 1610 3002 numerus

221 3072 226 3101 ι
317 3039 350 3101 18
373 3039 558 3121 codicibus,
581 3038 684 3104 multa
706 3062 748 3105 ex
770 3040 918 3127 Pompeii
939 3040 1023 3106 libro
1046 3052 1178 3128 recepta
1201 3050 1290 3123 sunt,
1320 3040 1401 3105 adeo
1422 3050 1459 3104 81
1480 3049 1611 3126 praeter

315 3139 521 3205 Priscianum
551 3142 719 3208 Donatum
752 3142 903 3207 Servium
935 3142 1057 3207 nullius
1090 3142 1296 3228 grammatici
1327 3164 1447 3207 nomen
1479 3144 1513 3206 18
1544 3141 1611 3207 11118

317 3242 521 3329 frequentius
549 3246 610 3327 sit,
638 3266 735 3331 quam
762 3244 921 3331 Pompeii.
966 3244 1024 3309 sed
1052 3244 1086 3309 in
1112 3244 1163 3309 his
1191 3244 1341 3309 omnibus
1374 3243 1455 3307 nibil
1488 3244 1610 3325 inveni,

317 3343 404 3431 quod
426 3343 615 3430 diligentius
638 3346 859 3432 quaerendum
874 3345 928 3411 vel
943 3346 986 3411 ad
1002 3347 1179 3413 editionem
1201 3347 1276 3412 libri
1298 3346 1518 3412 adhibendum
1538 3368 1611 3409 esse

316 3446 495 3511 videretur.

402 3599 595 3665 Recentiore
621 3610 731 3666 aetate
758 3601 905 3689 Pompeii
933 3604 1075 3689 primum
1102 3604 1298 3671 mentionem
1326 3602 1613 3667 188188888818-

317 3702 415 3767 88818
443 3724 464 3765 8
484 3702 649 3768 Ludovico
672 3702 844 3785 Carrione,
874 3705 986 3792 quiin
1009 3704 1155 3771 Sallustii
1178 3705 1331 3793 oporibus
1355 3704 1560 3791 Antvcrpiae
1581 3724 1610 3767 a.

319 3802 401 3867 1579
423 3802 520 3868 editis
542 3804 728 3889 fragmenta
748 3804 962 3871 historiamm
978 3806 1124 3873 Sallustii
1139 3808 1181 3873 ab
1202 3808 1264 3873 boc
1278 3804 1489 3894 grammatico
1511 3805 1613 3869 citata

318 3928 361 3969 ex
381 3903 466 3971 libro
488 3928 589 3970 manu
611 3908 734 3993 scripto
757 3907 943 3974 Coloniensi
965 3909 1088 3995 primus
1111 3910 1258 3997 protulit.
1303 3910 1343 3975 18
1366 3908 1480 3973 881188
1502 3917 1612 3972 autem

223 4086 228 4096 ¹
317 4029 381 4093 888
404 4030 482 4071 8888
505 4018 556 4073 881
577 4008 658 4072 baec
680 4009 796 4074 scribit
818 4009 919 4074 schol.
941 4010 975 4073 in
994 4009 1070 4075 Sall.
1086 4010 1162 4075 hist.
1178 4011 1297 4096 fragm.
1319 4036 1351 4098 p.
1367 4010 1442 4091 233,
1465 4014 1535 4073 ‘est
1557 4031 1613 4072 au·

318 4120 383 4173 tem
411 4107 462 4194 (ut
489 4108 524 4173 id
551 4111 699 4195 peruiam
727 4111 892 4196 moneam)
920 4111 1094 4198 Pompeius
1123 4113 1378 4194 Grammaticus3
1407 4111 1500 4177 88188
1530 4110 1614 4176 liber

318 4210 379 4275 sub
401 4210 531 4275 nomine
555 4211 661 4297 Sergii
683 4213 920 4299 antiquissimis
943 4212 1061 4279 11118118
1092 4214 1231 4299 scriptus
1255 4236 1272 4277 e
1293 4212 1495 4280 bibliotheca
1517 4210 1614 4278 Colo·

316 4313 424 4378 818881
445 4312 539 4379 nobis
562 4314 605 4379 ab
628 4314 750 4400 optimo
774 4326 806 4379 et
827 4317 1038 4401 integerrimo
1062 4318 1133 4382 viro
1149 4314 1326 4380 Melclriore
1343 4313 1512 4401 Hittorpio
1536 4336 1613 4400 snp-

317 4414 484 4501 peditatus
513 4424 580 4497 est,
608 4438 767 4503 quemque
795 4417 951 4504 Pompeio
980 4419 1196 4500 asseruimus,
1224 4416 1311 4505 quod
1332 4418 1367 4480 in
1389 4440 1428 4483 eo
1451 4417 1614 4503 quaedam

317 4528 443 4599 essent,
477 4539 561 4602 quae
594 4518 728 4583 aBeda
760 4516 870 4584 libello
904 4518 946 4583 de
978 4522 1106 4599 metris,
1136 4520 1289 4607 Pompeio
1318 4518 1416 4585 tribui
1438 4518 1612 4602 videbam3

318 4617 504 4703 opinionem
525 4641 631 4683 meam
655 4621 816 4706 posterius
840 4620 904 4686 8118
928 4630 1037 4685 881818
1060 4621 1193 4687 1881188.
1224 4622 1363 4687 Ρ818881
1386 4618 1470 4687 libro
1494 4642 1614 4707 appro-

316 4716 445 4783 bante’.
488 4731 603 4805 postea
629 4722 771 4789 Iacobus
799 4720 986 4785 Fridericus
1020 4722 1244 4807 Heusingerus
1271 4721 1614 4790 Wolfenbuttelanum

318 4818 461 4883 codicem
487 4833 620 4905 nactus,
650 4846 724 4887 cum
749 4821 855 4889 Mallii
883 4822 1048 4888 Theodori
1079 4822 1198 4889 librum
1227 4822 1364 4890 etalios
1388 4824 1523 4890 188118
1547 4846 1612 4890 me·
