3525 5600
656 395 892 459 conuentum
1362 391 1421 454 141

1240 513 1260 553 p.
1274 501 1362 541 stt-101
1377 501 1398 540 l..

149 585 193 646 tili
220 601 381 662 cognomen
411 584 472 644 esti
499 583 648 652 ridemur,
677 585 703 645 si
725 583 782 644 lroc
809 582 981 643 dixerimus,
1024 588 1122 642 tamen
1145 579 1306 640 secuudum
1330 587 1423 640 artem

149 688 195 747 lma
220 685 357 754 dicturus,
385 695 418 745 ut
446 686 565 746 nomina
594 685 728 746 dieamus
762 683 903 754 lamiliae,
933 685 1107 761 cognomina
1136 682 1268 742 dieamus
1302 684 1423 762 propria

148 789 264 849 nomina.
292 805 404 847 nomen
426 795 472 848 εει
493 805 565 866 ergo
581 788 660 866 quod
684 795 728 848 εει
750 804 908 848 commune
930 785 1073 854 lamiliae;
1098 803 1262 864 cognomen
1285 784 1424 864 estquod

148 898 183 950 εει
206 891 359 969 proprium
388 889 476 950 unius
502 891 645 969 cuiusque
673 907 796 959 nonren,
825 897 857 948 ut
884 894 953 966 puta
982 887 1082 966 Scipio
1104 887 1233 947 Servius.
1278 904 1424 964 agnomen

128 1000 184 1052 sest
203 991 279 1069 quod
302 993 487 1052 extrinsecus
509 992 596 1052 venit.
642 994 721 1051 venit
742 998 840 1051 autem
856 989 894 1050 ab
916 991 1012 1070 aliqua
1036 990 1161 1050 ratione.
1204 995 1274 1068 puta
1294 995 1299 1063 Ι
1323 991 1424 1049 neseio

147 1095 187 1173 qui
211 1095 325 1154 lurtiter
352 1094 437 1162 iecit,
464 1093 593 1154 Africam
622 1095 704 1164 vicit,
734 1071 830 1152 dietus
858 1101 902 1152 est
928 1091 1098 1158 Africanum
1132 1108 1219 1150 nares
1248 1093 1347 1152 nescio
1375 1093 1425 1170 qui

147 1195 262 1256 naiores
283 1194 401 1265 habuit,
431 1194 527 1256 dietus
554 1202 599 1256 est
621 1195 741 1264 Nasiea;
765 1192 839 1254 alter
862 1195 990 1254 maiores
1012 1191 1114 1254 habuit
1136 1210 1234 1262 suras,
1263 1193 1360 1254 (lictus
1383 1199 1426 1252 εει

147 1295 256 1358 Publius
281 1296 426 1357 Lentulus
453 1296 536 1356 Sura.
583 1315 654 1376 ergo
681 1298 735 1357 ista
765 1295 922 1357 trahuntur
950 1302 1001 1356 aut
1022 1315 1037 1356 a
1062 1293 1215 1356 virtutibus
1237 1303 1287 1355 aut
1309 1313 1325 1356 a
1348 1296 1425 1355 vitiis

147 1400 298 1477 agnomina.
1238 1379 1240 1386 ’

121 1522 139 1557 u
221 1498 257 1559 Et
277 1501 399 1566 omnino
423 1501 466 1560 sic
489 1499 641 1562 delinitum
665 1509 718 1562 est.
747 1500 817 1581 quid
841 1509 885 1560 εει
906 1501 1107 1580 praenomen?
1143 1499 1212 1580 quid
1236 1507 1279 1559 εει
1301 1501 1427 1560 nument

148 1602 207 1682 quid
240 1611 283 1662 εει
315 1604 500 1681 cognomen?
533 1602 602 1683 quid
632 1612 676 1664 εει
703 1607 868 1683 agnomen?
902 1604 944 1663 sio
970 1602 1150 1664 delinierunt
1171 1603 1298 1664 maiores
1321 1603 1425 1670 nostri,

147 1703 227 1764 habes
253 1706 283 1764 in
311 1706 440 1784 antiquis
469 1703 595 1766 artibus:
628 1723 811 1785 praenomen
840 1712 886 1766 est
913 1703 992 1784 quoul
1022 1705 1057 1765 ad
1084 1703 1256 1782 dignitatern
1287 1705 1423 1784 pertinet.
1489 1701 1492 1706 ’

148 1806 233 1866 nullus
260 1808 340 1866 enim
369 1825 472 1868 servus
494 1805 585 1866 habet
605 1825 803 1886 praenomen;
839 1806 1004 1876 nonlicet,
1037 1825 1096 1868 nou
1119 1813 1216 1886 potest
1237 1807 1310 1868 fieri.
1355 1813 1425 1884 puta

147 1908 314 1970 Gaudentius
341 1910 463 1969 omnino
490 1928 551 1970 non
580 1918 677 1988 potest
705 1908 815 1970 habere
844 1925 1042 1989 praenomen;
1076 1927 1147 1988 ergo
1176 1911 1275 1970 omnia
1298 1909 1436 1988 praeno-⁴

120 2011 215 2070 uomina
231 2009 402 2089 dignitatem
424 2018 535 2071 tenent.
564 2013 662 2072 omnia
685 2013 859 2090 cognomina
882 2012 1033 2090 propriam
1055 2028 1119 2070 rem
1143 2017 1259 2079 tenent:
1284 2029 1299 2070 a
1322 2019 1427 2071 natura

125 2113 269 2183 'ueniunt
292 2113 322 2172 id
346 2121 390 2173 est
412 2119 498 2173 natus
521 2119 566 2173 est
588 2113 699 2186 inians,
728 2115 825 2174 statim
848 2112 905 2173 hoe
927 2113 1045 2172 dicitur.
1090 2113 1187 2172 omnia
1211 2115 1366 2191 agnomina
1390 2111 1427 2172 ab

148 2213 248 2274 actibus
274 2215 404 2275 veniunt.
450 2217 480 2276 in
508 2234 603 2295 puero
631 2215 776 2278 inlautulo
798 2233 857 2275 non
880 2216 994 2294 poteris
1015 2215 1148 2275 invenire
1171 2231 1327 2292 agnomen.
1371 2231 1426 2292 qua

148 2316 269 2375 ratione?
292 2316 359 2395 quia
382 2317 408 2376 si
429 2335 576 2395 agnomen
599 2319 677 2378 veuit
692 2335 708 2377 a
723 2316 814 2377 rehus
835 2319 940 2394 gestis,
964 2334 1082 2376 acausa
1106 2318 1182 2396 ipsa,
1207 2317 1304 2376 statim
1328 2323 1426 2374 nutem

148 2435 212 2496 puer
237 2424 321 2478 natus
344 2415 410 2478 'non
439 2418 527 2479 habet
556 2438 606 2480 res
632 2427 731 2498 gestas
753 2426 804 2478 aut
825 2435 929 2479 causas
951 2417 1078 2498 aliquas,
1101 2418 1180 2478 unde
1202 2418 1294 2496 possit
1317 2416 1427 2478 habere

120 2537 295 2596 magnanon,
318 2519 387 2580 ideo
408 2521 467 2580 hoo
489 2523 519 2580 in
542 2521 687 2582 infantulo
711 2539 770 2581 non
785 2529 882 2600 potest
903 2521 1039 2582 inveniri.
1071 2535 1143 2598 ergo
1158 2519 1313 2598 agnomina
1330 2520 1427 2578 omnia

149 2639 162 2680 a
186 2620 271 2682 rebus
297 2624 420 2683 veniunt
448 2625 551 2702 gestis:
586 2625 762 2702 cognomina
785 2625 868 2702 quasi
891 2621 1035 2684 naturalia
1059 2633 1142 2692 sunt,
1166 2621 1321 2681 nobiscum
1345 2621 1428 2697 quasi

148 2730 309 2791 naseuntnr;
332 2727 431 2785 statim
454 2727 533 2785 enim
556 2725 665 2786 dantur
687 2725 787 2795 nobis,
814 2724 932 2806 quando
955 2727 1015 2785 nati
1038 2725 1195 2786 fuerimus:
1220 2724 1337 2784 nomina
1360 2729 1429 2782 sunt

149 2843 214 2904 quae
236 2832 303 2885 sunt
325 2830 493 2889 eommunia
516 2828 657 2888 familiae:
677 2839 682 2901 Ι
702 2829 895 2908 praenomina
919 2835 988 2887 sunt
1003 2846 1078 2906 quae
1100 2829 1251 2907 pertinent
1273 2826 1309 2885 ad
1333 2825 1427 2904 digni-

148 2936 241 2996 tatem,
262 2935 381 2989 servant
402 2931 481 2989 eninr
503 2931 724 3007 ingenuitatem.
759 2929 858 2990 utullus
880 2931 959 2989 eninr
982 2948 1086 2989 servus
1108 2936 1206 3009 potest
1228 2927 1338 2989 habere
1361 2927 1427 2987 noo.

121 3030 194 3088 used
215 3049 271 3090 non
294 3039 324 3091 ιε
347 3031 477 3111 decipiat
497 3031 552 3092 ista
575 3049 624 3092 res
640 3050 696 3093 nee
718 3031 809 3092 lallat.
846 3031 1022 3111 plerumque
1043 3032 1209 3091 invenimus
1231 3032 1286 3091 ista
1310 3037 1428 3091 mutata.

150 3149 239 3191 servus
262 3150 352 3192 meus
380 3131 446 3192 volo
475 3140 508 3193 ut
534 3143 654 3194 vocetur
681 3133 803 3203 Lucius;
835 3133 892 3193 laon
920 3132 1001 3202 volu,
1037 3130 1093 3192 hoc
1122 3133 1192 3193 mihi
1221 3133 1326 3213 piacet.
1371 3134 1428 3191 iam

150 3230 243 3292 lucius
270 3234 348 3294 lorte
376 3233 449 3294 milri
477 3236 534 3294 erit
562 3229 755 3315 praenomen.
795 3234 866 3296 milri
896 3233 1016 3312 quidem
1044 3252 1227 3314 praenomen
1257 3244 1315 3303 εει,
1344 3252 1429 3294 servo

150 3341 315 3395 autemnon
340 3343 384 3395 εει
406 3354 602 3416 praenomen,
627 3338 679 3399 sed
703 3344 748 3398 est
770 3356 947 3416 cognomen.
979 3344 1046 3417 puta
1072 3338 1219 3397 notarium
1241 3354 1340 3397 meum
1364 3336 1429 3395 volo

150 3453 242 3497 amare
267 3437 446 3499 Africanum.
486 3441 512 3499 si
539 3438 595 3500 lrue
618 3458 728 3500 numen
750 3441 878 3519 accepit,
909 3440 1026 3518 quando
1050 3446 1135 3499 natus
1158 3446 1218 3509 εει,
1241 3438 1329 3499 modo
1351 3440 1428 3499 niri-

123 3554 229 3598 aocanus
254 3538 333 3619 quod
362 3539 482 3608 dicitur,
510 3542 570 3602 larn
599 3559 658 3602 non
688 3542 746 3602 erit
772 3560 934 3620 agnomen,
964 3541 1097 3601 sederit
1121 3558 1296 3621 cognomen.
1341 3540 1390 3601 ille
1413 3560 1429 3599 a

151 3638 217 3699 laeto
240 3640 334 3701 dictus
362 3650 408 3701 est
434 3642 604 3713 Africanus,
634 3644 710 3723 quod
735 3645 803 3703 vicit
824 3643 968 3713 Africam,
996 3641 1046 3703 ille
1068 3649 1165 3702 autem
1190 3639 1298 3722 [quod]
1322 3644 1429 3709 statim,

152 3742 254 3817 quando
282 3752 368 3804 natus
396 3751 454 3815 est,
485 3744 542 3805 lroe
569 3744 735 3825 appellatus
763 3753 816 3805 est.
861 3744 944 3805 rides
966 3762 1037 3823 ergo
1060 3746 1200 3824 quoniam
1223 3746 1279 3805 ista
1302 3763 1361 3804 non
1383 3762 1429 3803 se-

151 3842 267 3904 eundum
295 3853 432 3907 naturam
461 3855 545 3917 sunt,
573 3847 626 3907 sed
654 3846 819 3908 secundum
848 3845 1016 3907 lectionem.
1054 3845 1187 3906 dinamus
1215 3844 1287 3907 illud
1315 3848 1428 3907 turtius.

153 3947 315 4027 nescioqui
344 3947 394 4007 dat
421 3948 494 4009 mihi
522 3950 680 4009 lectionem
708 3948 850 4029 aliquam,
881 3955 911 4009 et
937 3950 1055 4009 invenio
1083 3956 1151 4027 puta
1175 3946 1296 4009 Publius
1324 3948 1432 4009 laucius

126 4044 301 4109 uSallustius.
346 4049 404 4109 hnc
426 4052 554 4112 invenio.
598 4053 763 4130 interrogat
791 4070 839 4111 me
867 4052 933 4111 ‘diu
956 4051 1043 4119 milri,
1072 4050 1149 4129 quotl
1178 4057 1222 4109 εει
1249 4055 1431 4128 cognomen?

153 4150 210 4225 quia
230 4158 258 4209 et
278 4150 403 4212 Publius
426 4152 534 4214 dicitur
555 4153 671 4233 Scipio,
696 4154 835 4233 quoniam
857 4170 1040 4233 praenomen
1065 4161 1128 4221 εει,
1153 4160 1183 4211 ει
1197 4152 1306 4213 Lucius
1321 4154 1430 4231 Scipio,

210 4410 268 4457 2ut
286 4410 390 4459 uomina
406 4409 477 4459 (liras
495 4410 578 4460 Aac
646 4412 781 4461 isernias
802 4411 864 4461 cao
881 4424 972 4459 seturna
989 4408 1014 4458 B
1031 4425 1147 4459 ser....
1169 4410 1193 4457 A
1263 4410 1279 4459 5
1299 4418 1361 4475 puta
1380 4408 1431 4459 ior-

154 4475 200 4524 titer
218 4480 302 4528 nescio
317 4481 361 4544 qui
381 4479 481 4530 sortiter
503 4480 562 4530 iecit
584 4480 688 4530 alricum
707 4483 769 4531 uiuit
789 4485 813 4529 A
837 4489 897 4545 puta
919 4480 1004 4529 nescio
1026 4482 1071 4543 qui
1095 4478 1192 4529 fortiter
1211 4478 1316 4527 alricum
1336 4479 1434 4528 nieitO

154 4554 204 4606 puta
218 4546 277 4598 lorte
296 4550 383 4600 nescio
401 4551 446 4613 qui
463 4550 568 4600 alricum
583 4553 643 4599 nicil
660 4551 692 4600 b:
708 4562 768 4617 putn
784 4550 883 4599 fortiter
900 4554 985 4598 rrescio
1005 4550 1047 4613 qui
1065 4551 1174 4599 uniones
1194 4549 1279 4597 habirit
1294 4548 1320 4597 B
1337 4552 1432 4599 aarum

154 4617 257 4681 retusus,
276 4636 342 4685 quoe
360 4620 425 4678 ‚aun
446 4620 461 4669 la
549 4622 670 4671 7unsieu
691 4622 742 4671 Bc
757 4629 793 4683 et,
812 4629 840 4669 ut
855 4620 969 4683 uidetur,
988 4619 1013 4667 A
1033 4634 1094 4669 naso
1110 4636 1127 4668 a
1215 4620 1247 4669 12
1266 4620 1364 4668 artibus
1383 4620 1433 4668 BG

156 4688 254 4746 panibus
272 4691 296 4739 A
367 4690 399 4739 Π
418 4692 514 4755 puteris
531 4691 711 4742 utuideturA
729 4690 915 4755 potestBGu*
986 4686 1198 4739 inuenireABG
1215 4690 1325 4739 inueniri
1344 4688 1377 4739 u*

159 4753 184 4803 l8
197 4758 249 4819 quia
266 4756 299 4825 si]
320 4761 395 4822 quasi
410 4761 435 4809 A
503 4762 535 4809 at
563 4772 667 4811 sumant
691 4763 757 4810 enim
779 4762 961 4827 ingenuitatem
985 4776 1031 4813 om.
1054 4760 1086 4819 C,
1103 4760 1165 4810 aaa.
1180 4776 1194 4808 c
1212 4768 1346 4809 seruantur
1365 4762 1430 4809 eninr

156 4823 335 4949 lotrt'gerppntare'de
422 4831 454 4881 31
478 4834 520 4895 qut
545 4832 629 4881 statim
650 4832 674 4881 B
759 4830 793 4881 36
814 4841 839 4879 ει
857 4830 951 4893 Lucius
975 4829 1062 4897 Scipio
1080 4830 1199 4894 quouiam
1221 4845 1375 4895 praenomen
1394 4838 1433 4879 εει

188 4932 193 4939 -
235 4916 274 4959 ,n
311 4918 354 4952 ,u

623 5018 641 5065 t
