3525 5600
778 341 849 402 ARS
1015 370 1018 374 ⁴
1394 343 1457 406 349

1262 464 1284 504 p.
1297 453 1355 494 nono
1368 454 1393 492 ar
1407 451 1430 496 n.

180 549 293 592 numero
320 537 442 598 neutra,
474 539 504 590 ut
533 531 588 590 boc
616 529 791 591 Scillaceum
819 537 848 591 et
877 531 950 592 baec
978 531 1135 602 Scillacea3
1163 532 1308 610 singulari
1331 540 1453 602 tantum,

180 639 208 693 ut
227 632 279 692 boc
302 633 458 702 Sirmium,
482 634 560 693 sicut
582 633 638 692 boc
660 635 835 702 armarium,
860 633 916 693 boc
938 633 1070 703 Arelate,
1094 636 1172 695 sicut
1193 635 1250 694 boo
1272 635 1374 704 torale,
1399 636 1455 695 boc

178 736 289 795 Soracte
305 734 404 795 Ateste
425 735 601 806 Praeneste;
624 734 730 814 plurali
753 743 880 804 tantum,
906 744 937 796 ut
959 735 1033 796 haec
1054 736 1268 815 llierosolyma.
1305 737 1454 798 interdum

177 838 332 898 ellernntur
354 856 428 897 noro
451 838 536 898 modo
564 845 594 898 et
621 839 705 917 quasi
734 844 919 916 monoptota,
944 846 976 898 ut
997 837 1125 899 (Iuribus
1140 836 1290 899 Trallibus
1305 838 1453 900 Turribus

156 939 264 1000 sSulcis
296 939 417 1001 Servitti
441 938 531 1000 Gadir
552 939 677 1000 Viniolis
706 939 832 1000 Bilbilis.
875 941 967 1005 etiarn
996 940 1068 1000 illud
1097 940 1257 1002 notandum
1285 950 1344 1011 est,
1373 942 1453 1022 quod

175 1041 316 1102 interdum
339 1041 465 1102 abculus
489 1036 581 1118 urlbis
610 1060 668 1102 non
696 1044 794 1120 ipsum
823 1060 930 1102 nomeu
958 1045 1107 1103 enuntiari
1134 1050 1246 1122 potest,
1277 1062 1344 1103 curn
1365 1047 1450 1124 quasi

176 1161 223 1223 per
243 1142 456 1204 derivationem
479 1145 559 1204 cives
581 1144 802 1221 significentur,
828 1151 859 1204 ut
882 1143 1055 1204 Padinates:
1087 1163 1183 1225 neque
1206 1147 1287 1206 enim
1308 1145 1451 1206 Padinam

175 1245 302 1306 dicimus.
347 1263 419 1324 ergo
442 1246 486 1306 vel
513 1265 549 1306 es
572 1247 762 1314 auctoritate,
793 1247 878 1324 siqua
900 1246 972 1314 erit,
996 1245 1040 1305 rel
1063 1265 1099 1306 ex
1122 1246 1289 1310 conlatione
1312 1248 1450 1308 similitu-

174 1347 267 1408 dinum
290 1349 378 1408 unlus
401 1349 544 1427 cuiusque
568 1345 651 1406 urbis
673 1349 803 1426 primurn
818 1347 964 1409 directum
985 1365 1086 1408 casum
1101 1351 1269 1410 examinare
1292 1348 1450 1420 debemus;

143 1468 225 1529 oquo
251 1451 370 1510 invento
400 1457 430 1510 et
457 1449 493 1510 de
521 1467 630 1528 genere
659 1467 692 1508 ac
720 1467 843 1509 numero
870 1451 1014 1509 certiores
1041 1449 1217 1519 efficiemur,
1254 1457 1285 1509 ut
1311 1469 1380 1510 ecce
1409 1454 1450 1511 ait

173 1551 254 1611 Clnus
276 1552 460 1612 ‘munitus
484 1553 586 1611 ricus
609 1550 783 1612 Caralis'.
827 1558 951 1630 apparet
978 1551 1159 1611 nominativo
1186 1553 1316 1630 positum
1339 1553 1449 1613 Caralis

172 1654 311 1730 elegisse
334 1671 452 1732 semper
474 1652 617 1732 pluralem
640 1670 812 1722 numerum;
835 1653 888 1712 sed
911 1653 966 1712 bac
989 1652 1093 1712 eadem
1115 1654 1331 1730 significatione
1354 1658 1448 1715 norni-

172 1756 253 1814 natlri
275 1773 331 1833 per
353 1757 451 1815 omnia
472 1771 581 1831 genera
605 1754 708 1815 ibitur.
746 1772 811 1816 nam
835 1753 982 1834 quemad
1005 1754 1124 1814 niodum
1147 1755 1223 1815 dicis
1245 1758 1339 1816 ‘vicus
1361 1758 1447 1817 Cara-

171 1856 225 1926 lis',
253 1858 297 1917 sic
331 1855 387 1916 tibi
423 1855 581 1917 dicendum
614 1863 659 1916 est
687 1857 759 1916 baec
789 1855 860 1916 urbs
883 1853 995 1917 Caralis
1022 1864 1052 1915 et
1079 1856 1134 1916 boc
1161 1857 1303 1936 oppidum
1325 1858 1446 1919 Caralis.

141 1962 233 2019 altem
255 1957 368 2019 Fronto
390 1959 432 2018 ait
453 1961 507 2018 ‘et
533 1957 622 2018 illae
645 1964 793 2017 restrae
809 1956 973 2017 Athenae
988 1957 1295 2038 liorocortlroro’.
1324 1970 1446 2039 apparet

170 2062 341 2122 nominativo
363 2077 433 2120 casu
455 2061 588 2139 posuisse
611 2057 838 2120 Dorocortboro.
883 2061 945 2119 sive
975 2061 1067 2136 igitur
1089 2059 1171 2120 dicas
1192 2059 1267 2120 baec
1288 2059 1362 2122 urbs
1384 2064 1445 2122 sive

171 2162 213 2222 bic
232 2165 314 2222 vicus
344 2163 406 2222 sive
434 2161 488 2222 hoc
516 2160 672 2241 oppidum,
702 2162 898 2222 nominativus
926 2163 984 2220 erit
1011 2160 1244 2231 liorocortboro;
1272 2170 1301 2223 et
1330 2162 1444 2242 obliqui

170 2283 245 2324 rasus
266 2264 303 2326 ad
327 2263 416 2324 buius
438 2262 664 2324 similitudinem
687 2261 925 2323 declinabantur.
969 2262 1111 2339 Virgilius

310 2365 494 2425 Priverno
517 2366 669 2443 antiquo
691 2363 860 2424 llletabus
883 2364 1066 2424 excedere
1089 2365 1127 2424 in
1148 2362 1256 2433 urbe,

138 2481 229 2526 ocrim
252 2464 353 2546 utique
375 2466 551 2526 Privernum
573 2473 679 2527 neutro
701 2484 811 2543 genere
833 2467 992 2527 ecferatur.

244 2569 371 2646 Figurae
394 2571 425 2629 in
447 2567 620 2628 nominibus
641 2567 716 2628 duae
739 2576 817 2628 sunt.
852 2587 908 2648 per
935 2567 988 2628 bas
1014 2567 1227 2644 intellegimus,
1253 2576 1350 2627 utrum
1372 2571 1442 2630 sim-
1456 2578 1543 2641 itta

169 2670 227 2748 ples
249 2689 356 2730 nomen
379 2672 426 2738 sit,
451 2689 488 2730 an
510 2671 705 2748 conpositum.
739 2670 863 2750 simplex
886 2668 1030 2749 estquod
1053 2687 1089 2728 ex
1112 2688 1168 2729 una
1190 2677 1276 2747 parte
1299 2673 1443 2731 orationis

168 2779 286 2842 constat,
318 2780 349 2833 ut
376 2771 479 2833 doctus
506 2779 626 2851 potens;
654 2774 840 2852 conpositum
867 2771 946 2852 quod
974 2789 1010 2831 er
1032 2769 1161 2841 duabus,
1185 2779 1216 2831 ut
1238 2771 1375 2833 indoctus
1397 2775 1441 2833 in·

168 2882 270 2953 potens.
316 2882 522 2953 conponuntur
550 2883 648 2935 autem
671 2876 788 2935 nomina
811 2882 950 2953 quattuor
971 2874 1082 2944 modis,
1106 2881 1156 2935 aut
1178 2893 1215 2933 es
1237 2873 1352 2934 duabus
1373 2894 1440 2953 par·

137 2990 157 3029 2⁵
168 2976 239 3037 tibus
253 2978 396 3037 orationis
419 2978 558 3055 integris,
582 2984 615 3037 ut
636 2975 838 3045 suburbanus,
862 2976 954 3037 Liber
976 2984 1073 3055 pater,
1097 2994 1189 3054 eques
1203 2974 1368 3045 Romanum
1391 2985 1442 3037 aut

167 3097 197 3137 er
218 3078 329 3140 duabus
352 3082 510 3157 corruptis,
535 3087 567 3138 ut
589 3080 693 3139 ellicax
715 3081 869 3155 municeps
891 3077 1032 3157 supplex;
1055 3084 1106 3135 aut
1127 3094 1163 3135 er
1186 3078 1300 3155 integra
1323 3086 1353 3137 et
1374 3096 1439 3137 cor-

168 3186 257 3259 rupta,
286 3188 319 3241 ut
346 3182 465 3260 ineptus
492 3180 637 3255 insulsum
667 3187 717 3239 aut
745 3198 780 3239 ex
809 3187 949 3258 corrupta
978 3185 1007 3238 et
1034 3180 1164 3256 integra,
1189 3186 1222 3238 ut
1243 3181 1441 3258 pennipotens

166 3281 359 3359 nugigerulus.
404 3281 460 3341 boo
488 3298 555 3341 cum
577 3283 617 3343 ita
641 3283 694 3350 sit,
719 3283 817 3342 evenit
840 3288 872 3341 ut
894 3289 945 3342 aut
968 3287 1092 3360 utraque
1114 3298 1184 3359 pars
1206 3279 1326 3341 casibus
1349 3280 1438 3341 decli-

165 3392 256 3453 netur,
286 3392 318 3445 nt
346 3402 437 3463 eques
463 3382 626 3452 Romanus,
654 3381 746 3444 Liber
773 3391 872 3463 pater;
902 3391 952 3443 aut
975 3390 1098 3461 utreque
1120 3400 1179 3441 non
1202 3380 1382 3451 declinetur,
1408 3390 1439 3443 nt

135 3491 360 3563 apropraetore,
392 3484 583 3563 proconsule,
616 3493 842 3564 proqnaestore;
881 3492 931 3547 aut
966 3486 1050 3565 prior
1085 3503 1154 3564 pars
1190 3484 1369 3555 declinetur,
1408 3492 1440 3545 ut

224 3706 321 3755 2siout
338 3706 474 3755 armarium
492 3704 524 3754 M
549 3705 613 3753 sicut
631 3704 678 3754 boo
695 3705 828 3755 ariminum
843 3704 869 3753 B
957 3703 1006 3753 hoo
1021 3712 1119 3754 soracte
1137 3712 1195 3770 apte
1220 3713 1245 3754 et
1271 3712 1388 3770 preneste
1406 3705 1441 3754 M

164 3772 206 3823 lroc
225 3783 322 3825 soracte
340 3774 406 3825 sieut
424 3775 529 3825 absente
546 3782 679 3841 praeneste
697 3774 722 3825 B
791 3774 807 3825 3
829 3774 994 3824 hierosolima
1012 3773 1042 3822 M
1111 3772 1260 3823 teclerunt
1282 3775 1316 3824 M
1383 3789 1437 3823 mo·

164 3851 258 3907 noptoto
276 3842 341 3893 BM
392 3844 496 3893 cnrlbus
513 3844 627 3893 trallibus
644 3845 756 3894 turribus
773 3844 851 3893 sulcis
868 3846 970 3894 seruilis
985 3844 1079 3910 tigridis
1096 3843 1204 3894 uirbibis
1222 3844 1279 3893 bilis
1291 3845 1316 3894 B
1334 3842 1436 3892 caribus

163 3914 279 3965 trallibus.
294 3913 359 3962 sulci
378 3914 549 3978 seruntigadia
567 3912 646 3977 (corr.
665 3912 733 3979 -des)
753 3914 842 3967 uirbis.
864 3913 922 3963 bilis
942 3913 975 3962 M
1027 3916 1043 3965 5
1059 3913 1161 3962 Servitti
1180 3915 1205 3961 in
1219 3913 1321 3963 wbibua
1336 3914 1436 3962 Panno-

163 3985 212 4031 niae
225 3984 330 4045 posinna
349 3991 388 4032 est
405 3983 487 4037 itiner.
506 3985 565 4031 Ant.
585 3998 612 4047 p.
628 3982 679 4033 268
697 3984 737 4036 ed.
762 3985 846 4035 Wesa.
919 3983 996 4033 Gadir
1015 3999 1050 4034 eac
1067 3981 1181 4033 Sallustii
1194 3984 1355 4034 historiarum
1372 3982 1436 4033 libro

162 4052 262 4103 necando
280 4055 422 4103 eunom
438 4054 584 4104 Ρήειιαιιιιι
598 4056 616 4107 l.
636 4055 658 4103 V
674 4070 701 4118 p.
719 4052 777 4115 154,
795 4054 808 4103 1
828 4056 845 4102 1.
861 4053 896 4101 Vl
909 4071 939 4119 p.
956 4054 1016 4114 231,
1035 4052 1068 4103 10
1083 4061 1109 4102 et
1124 4051 1224 4102 Probas
1242 4052 1334 4103 codrot.
1346 4066 1373 4113 p.
1395 4051 1434 4115 13,

162 4120 191 4171 30
259 4122 363 4171 Viniolla
382 4122 482 4174 Bilbilis
500 4138 548 4186 pro
566 4130 685 4185 cmmipta
702 4122 812 4173 codicum
829 4123 959 4185 scriptura
973 4123 1074 4186 scripsi,
1090 4123 1201 4187 quamuis
1220 4138 1270 4171 non
1286 4130 1356 4171 reete
1371 4120 1435 4171 baec

163 4192 248 4241 nanim
267 4194 335 4242 inter
353 4200 493 4257 monoptota
509 4200 666 4243 amnentur
736 4192 942 4258 isignilieantar
957 4192 989 4241 M
1057 4189 1186 4257 padinanr]
1208 4191 1336 4257 pedanum
1355 4191 1389 4239 M

163 4258 250 4327 bergo
269 4277 301 4311 ex
317 4263 466 4313 auctoritate
482 4264 554 4325 siqua
571 4263 618 4312 erit
637 4262 677 4313 uel
695 4262 829 4312 collatione
849 4262 878 4310 M
949 4262 966 4313 a
990 4263 1156 4325 uniuscuique
1173 4260 1199 4310 B
1268 4261 1299 4312 11
1319 4260 1393 4310 cinus
1408 4259 1434 4309 B

163 4344 232 4393 equas
248 4330 294 4381 M:
311 4330 412 4383 (sinnius
429 4334 534 4383 coniecit
546 4332 687 4383 Merkelias
704 4334 730 4382 in
747 4331 818 4386 Ouid.
835 4332 899 4395 fast.
912 4347 939 4395 p.
954 4331 1068 4391 LXXVI,
1088 4332 1210 4381 Atacinus
1224 4333 1264 4381 nel
1280 4330 1360 4379 Varro
1372 4330 1433 4379 lita-

163 4398 225 4450 cinus
240 4400 364 4452 Hertziar
380 4402 413 4452 de
432 4403 522 4453 Cbrdis
537 4416 565 4465 p.
584 4401 627 4455 36.
645 4410 671 4451 at
689 4418 746 4451 ecce
763 4402 797 4451 ait
813 4399 915 4451 Cincius
933 4402 1075 4450 Alimentus
1093 4401 1180 4451 ‘vicos
1197 4398 1310 4450 Caralis'
1330 4398 1360 4448 li.
1379 4401 1432 4449 Vn-

160 4482 228 4530 qeras
238 4472 339 4521 miscell.
359 4472 415 4523 erit.
438 4472 508 4533 (Iota
524 4478 563 4522 ter
580 4479 721 4521 mennatum
739 4472 918 4522 l'riedlandr'ae
942 4486 967 4520 a.
984 4469 1061 4533 taor)
1084 4486 1111 4534 p.
1130 4470 1160 4529 3,
1181 4479 1208 4519 ot
1225 4470 1285 4519 dicit
1305 4469 1434 4529 Atacinus,

163 4540 263 4591 nonnitus
280 4547 328 4590 etc.
343 4538 378 4590 A.
398 4540 504 4606 literius,
522 4542 565 4607 qrn'
580 4542 644 4592 inter
661 4542 693 4594 P,
717 4543 843 4591 Varronis
856 4542 959 4591 Atacini
975 4539 1173 4605 ctowpraptnae
1191 4540 1335 4604 srapmenta
1355 4537 1434 4589 rerba

164 4612 248 4671 recepit
266 4612 348 4663 Varr.
370 4618 421 4661 sat.
440 4612 510 4661 Men.
528 4612 576 4661 rel.
592 4626 619 4674 p.
638 4610 688 4661 rot
773 4612 805 4663 12
826 4611 872 4675 plis
896 4624 1028 4659 numerum
1046 4610 1079 4658 M
1095 4609 1187 4675 plurali
1205 4624 1309 4659 numero
1325 4608 1351 4657 B

164 4677 234 4729 redii
253 4679 292 4743 (li.
308 4696 331 4731 e.
349 4678 424 4741 baec)
445 4682 532 4731 eadem
550 4680 576 4729 B
626 4682 776 4730 nominatiol
792 4680 980 4746 significatione
997 4679 1027 4728 M
1099 4679 1130 4731 13
1150 4695 1205 4729 nam
1226 4677 1433 4743 quomododicis

164 4746 192 4795 M
254 4748 286 4799 18
303 4748 508 4817 similitudinem]
531 4750 679 4799 formamB
727 4748 861 4817 Virgilius]
882 4749 947 4803 Aen.
965 4748 1067 4800 111540
1136 4750 1170 4801 19
1188 4748 1352 4812 antiquaceu
1370 4747 1431 4795 urbe

164 4814 184 4863 B
231 4832 353 4885 megapus
369 4818 402 4868 M
458 4816 492 4869 20
507 4819 765 4871 neutriefferaturB
816 4822 849 4872 25
866 4820 987 4870 arationis
1005 4819 1087 4873 om.B
1137 4819 1172 4873 30
1190 4828 1333 4889 proeestore
1351 4816 1431 4867 autB
