3525 5600
328 395 368 460 18
881 401 1057 464 CLEDONll

350 520 373 560 p.
389 507 520 550 1871711).

327 588 547 658 ostendit,'sed
569 587 643 650 velle
666 605 768 667 agere,
792 598 824 651 ut
845 588 984 652 lecturio:
1009 591 1151 669 signifieat
1168 591 1247 650 euim
1263 608 1322 650 non
1338 588 1420 668 lego,
1444 588 1495 651 sed
1518 588 1613 668 legere

326 689 402 750 volo.
433 689 597 751 inchoativa
619 690 749 761 calesco,
773 691 870 753 calere
893 692 1010 771 incipio.
1041 691 1205 754 inchoativa
1234 699 1330 753 autem
1353 692 1450 752 lorma
1472 690 1544 753 ltaee
1565 689 1612 752 ba·

325 791 399 854 bere
427 792 531 864 debet,
554 799 587 854 ut
608 795 721 854 oriatur
740 791 746 877 Ι
765 792 923 855 aneutrali
944 794 1036 856 verbo
1060 803 1089 856 et
1111 802 1196 855 exeat
1217 795 1248 854 in
1271 813 1323 855 sco
1346 791 1496 872 syllabam,
1521 801 1615 855 eareat

325 903 462 975 tempore
490 897 652 974 praeterito
674 897 808 975 perlecto
831 904 860 958 et
882 897 1188 978 plusquamperfecto,
1218 903 1317 958 eareat
1346 897 1434 956 etiam
1456 897 1614 976 participiis

259 1070 263 1081 1
326 998 417 1062 luturi
443 1000 587 1078 temporis
614 1007 644 1058 et
672 1001 778 1060 tertiae
806 1018 925 1080 semper
954 1001 991 1060 sit
1018 999 1232 1078 coniugatiouis
1262 1004 1427 1078 correptae.
1472 999 1497 1056 si
1520 1003 1636 1059 autema

326 1101 422 1161 minus
445 1101 547 1172 luerit,
572 1119 632 1161 uon
655 1103 712 1161 erit
733 1103 827 1163 lorma
850 1103 1032 1172 inchoativa,
1056 1101 1108 1162 sed
1130 1101 1279 1180 perlecta,
1302 1107 1335 1160 ut
1357 1117 1515 1180 compesco
1538 1118 1614 1160 eom·

326 1203 437 1281 pescis:
462 1210 579 1283 tempus
594 1205 787 1282 praeteritum
804 1205 969 1281 perlectum
986 1204 1156 1284 compescui
1167 1203 1266 1276 facit:
1288 1202 1399 1264 idcirco
1422 1220 1482 1263 non
1505 1201 1616 1263 videtur

325 1303 492 1365 inchoativa
506 1305 611 1366 lorma.
642 1306 859 1382 frequentativa
881 1315 968 1370 canto
984 1313 1099 1380 cantas,
1116 1309 1228 1368 cantito
1250 1307 1388 1375 tantitas:
1412 1306 1527 1384 primae
1551 1310 1616 1364 sunt

326 1408 548 1485 coniugationis.
577 1443 620 1452 —-
650 1407 810 1470 Sciendum
837 1411 954 1470 tertiam
983 1409 1221 1487 coniugationem
1244 1407 1315 1469 hinc
1337 1407 1445 1470 distare
1468 1426 1484 1468 a
1506 1412 1615 1486 quarta,

326 1509 403 1586 quod
427 1517 529 1589 quarta
552 1511 720 1588 coniugatio
743 1512 876 1573 luturum
898 1511 1045 1592 duplicem
1068 1509 1183 1580 habeat,
1208 1512 1294 1572 tertia
1316 1509 1489 1590 simplicem.
1522 1517 1616 1570 tamen
1629 1525 1650 1566 n

325 1611 431 1671 melius
460 1613 641 1689 coniugatio,
672 1615 733 1674 sive
761 1621 901 1695 correpta
930 1615 968 1674 sit
990 1614 1050 1674 sive
1073 1612 1232 1693 producta,
1260 1612 1375 1673 infinito
1403 1610 1491 1672 modo
1514 1609 1617 1690 depre-

326 1711 482 1782 henditur,
504 1712 555 1774 ubi
578 1717 665 1776 etiam
689 1715 795 1776 melius
817 1714 995 1794 syllabarum
1010 1724 1115 1777 natura
1131 1715 1329 1794 cognoscitur.
1361 1713 1524 1774 notandum
1540 1710 1615 1793 quod

325 1816 422 1895 prima
444 1823 474 1876 et
496 1815 625 1878 secunda
648 1817 816 1896 coniugatio
838 1835 957 1898 semper
978 1817 1110 1880 laturum
1130 1816 1136 1900 Ι
1154 1820 1184 1878 in
1207 1815 1246 1878 bo
1270 1817 1367 1886 mittit,
1391 1817 1478 1878 tertia
1501 1831 1618 1894 semper

326 1918 355 1978 in
379 1937 435 1988 am,
459 1925 564 1999 quarta
586 1918 730 1997 producta
753 1927 782 1981 et
804 1924 834 1981 in
857 1939 904 1982 am
929 1922 1010 1982 etin
1033 1919 1080 1981 bo.
1113 1917 1265 1980 sciendum
1282 1917 1361 1998 quod
1376 1919 1472 1997 prlma
1489 1915 1618 1979 secunda

327 2027 357 2080 et
378 2028 484 2101 quarta
506 2021 674 2100 coniugatio
697 2023 843 2084 inlinitum
865 2023 1043 2103 productum
1066 2021 1177 2084 trabem
1200 2028 1229 2082 et
1252 2022 1338 2082 tertia
1367 2026 1549 2099 correptum.
1580 2015 1652 2098 [etn

326 2123 491 2202 inperative
519 2125 616 2184 nutrio
650 2122 788 2205 nutriris]
820 2127 938 2186 tertiam
967 2132 1134 2204 correptam
1161 2122 1207 2184 vel
1234 2123 1412 2202 productam
1440 2121 1477 2182 de
1503 2121 1618 2201 passivo

327 2227 537 2302 cognoscimus
559 2223 596 2285 de
617 2225 778 2305 penultima
802 2226 912 2307 syllaba
929 2227 1035 2288 infiniti
1050 2225 1144 2295 modi;
1167 2224 1316 2304 colligitur
1332 2232 1361 2287 et
1382 2225 1419 2286 de
1434 2223 1617 2303 imperativo,

326 2327 378 2403 qui
400 2345 416 2386 a
438 2335 546 2388 neutro
568 2328 680 2388 veniat:
705 2326 741 2389 ab
764 2329 938 2408 imperativo
962 2347 978 2389 e
1001 2322 1165 2407 correpto,
1179 2325 1290 2396 scribe:
1314 2325 1351 2388 ab
1375 2327 1499 2396 infinito,
1523 2324 1554 2385 id
1577 2331 1620 2384 est
1738 2393 1739 2396 Ἴ

325 2435 486 2508 perpetuo,
509 2427 614 2490 scribi:
638 2430 709 2491 item
731 2430 769 2492 ab
789 2433 965 2512 imperativo
982 2433 991 2491 i
1007 2431 1167 2510 producto,
1184 2431 1282 2498 muni;
1308 2430 1344 2491 ab
1360 2427 1483 2498 inlinito,
1500 2426 1620 2488 muniri.

208 2544 267 2606 359,
280 2545 313 2594 29
326 2529 423 2591 —Et
436 2525 451 2614 {l
465 2532 636 2593 infinito:
654 2534 709 2593 tria
725 2530 814 2594 verba
829 2534 861 2593 in
876 2534 1052 2613 imperativo
1068 2538 1190 2612 excepta
1206 2539 1284 2601 sunt,
1301 2530 1367 2592 dieo
1384 2531 1460 2594 duco
1475 2530 1562 2598 lacio,
1574 2527 1619 2588 dic
1630 2545 1653 2585 :o

327 2631 383 2694 duc
412 2634 472 2703 lac,
502 2652 561 2695 non
590 2633 671 2705 dice,
701 2653 762 2696 non
792 2635 883 2706 duce,
912 2654 971 2697 non
1001 2637 1073 2696 lace.
1118 2633 1195 2716 quod
1219 2635 1245 2694 si
1266 2635 1481 2702 invenerimus,
1506 2631 1619 2692 comice

327 2733 438 2796 dictum
461 2742 513 2795 est.
560 2735 639 2796 modi
662 2755 732 2816 ergo
754 2738 920 2817 imperativi
943 2738 1087 2818 temporis
1115 2737 1280 2818 praesentis
1303 2735 1450 2798 secundae
1472 2747 1619 2815 personae

326 2856 360 2898 re
375 2837 486 2917 syllaba
502 2838 615 2899 adiecta
631 2839 663 2900 fit
684 2839 790 2900 modus
812 2846 973 2920 perpetuus
995 2870 1014 2905 a
1036 2837 1041 2923 Ι
1058 2850 1092 2903 ut
1107 2840 1207 2902 dicere
1230 2840 1339 2901 ducere
1360 2840 1469 2907 lacere,
1495 2844 1619 2917 excepto

327 2959 401 3009 uno,
432 2940 510 3019 quod
539 2940 627 3002 modo
654 2941 769 3030 infinito
797 2942 862 3002 sine
890 2961 924 3003 re
953 2941 1063 3021 syllaba
1087 2943 1278 3013 terminatur,
1302 2948 1335 3002 ut
1358 2940 1422 3002 volo
1444 2938 1535 3009 velle,
1560 2955 1619 2999 nou

326 3040 449 3112 vellere,
474 3049 503 3102 et
523 3062 584 3103 uno
606 3042 767 3114 delectivo,
791 3062 865 3105 esse.
943 3048 949 3057 ’
1626 3057 1655 3097 25
1738 3064 1739 3087 ¹

280 3159 311 3207 31
411 3143 560 3217 Quando
583 3147 712 3206 tertia:
745 3148 832 3207 tertia
856 3147 1023 3225 coniugatio
1045 3146 1189 3226 producta
1212 3144 1369 3225 aliquando
1391 3146 1422 3206 in
1444 3144 1483 3205 bo
1505 3151 1619 3205 tantum
1738 3090 1739 3181 l

327 3248 429 3317 mittit,
453 3245 610 3326 aliquando
633 3248 714 3308 etin
738 3266 785 3309 am
808 3256 837 3309 et
858 3250 888 3309 in
912 3249 965 3310 bo:
989 3255 1059 3309 tune
1074 3250 1104 3309 in
1120 3247 1159 3308 bo
1181 3254 1307 3317 tantum,
1331 3246 1448 3326 quando
1470 3245 1621 3307 indicativi

327 3344 416 3408 modi
429 3349 524 3427 prima
547 3366 674 3428 persona
697 3369 714 3411 e
736 3349 826 3411 babet
848 3360 917 3411 ante
940 3370 957 3411 o
979 3350 1112 3411 ultimam
1135 3347 1286 3428 syllabam,
1310 3361 1343 3410 ut
1358 3367 1431 3410 exeo
1446 3348 1516 3409 lacit
1531 3346 1620 3407 exibo

325 3457 454 3520 tantum;
485 3457 555 3510 tnnc
579 3453 659 3512 etin
682 3470 730 3513 am
753 3454 834 3513 etin
857 3451 911 3523 bo,
943 3452 1060 3533 quando
1082 3454 1112 3511 in
1135 3469 1225 3531 snpra
1249 3450 1325 3511 dicta
1348 3468 1476 3531 persona
1498 3451 1508 3509 i
1530 3448 1622 3511 babet
1738 3488 1739 3533 y

325 3559 394 3613 aute
422 3551 554 3614 ultimam
584 3573 616 3623 o,
647 3562 680 3615 ut
708 3555 823 3636 nutrio:
853 3554 924 3615 lacit
952 3554 1031 3615 enim
1060 3561 1089 3615 et
1116 3555 1243 3615 nutriam
1273 3563 1302 3614 et
1324 3551 1453 3614 nutribo.
1497 3570 1567 3613 nam
1591 3562 1656 3613 etao
1738 3536 1739 3621 l

327 3654 470 3733 vergilius
492 3654 565 3715 arra
1738 3622 1739 3715 l

478 3756 642 3827 audiam,
666 3766 702 3818 et
723 3758 813 3819 haec
835 3776 965 3821 manes
987 3759 1112 3819 veniet
1134 3756 1221 3818 mibi
1243 3756 1336 3818 lama
1359 3755 1425 3817 sub
1448 3758 1556 3826 imos,
1738 3742 1739 3747 ¹

327 3866 357 3919 et
378 3859 537 3920 Terentius
560 3859 634 3920 dixit
656 3862 807 3921 ‘matris
829 3860 979 3922 servibo
1003 3860 1228 3921 commodis’.
1274 3858 1322 3919 ille
1345 3860 1376 3919 in
1398 3844 1444 3918 am
1468 3858 1567 3919 ethic
1589 3860 1621 3920 in

280 3977 313 4025 33
327 3961 364 4023 bo
388 3963 481 4029 misit,
504 3962 584 4022 unde
606 3970 729 4042 apparet
751 3972 908 4042 utramque
931 3981 997 4023 esse
1019 3962 1162 4040 regulam.
1187 3996 1227 4007 —-
1251 3960 1395 4023 Genera
1420 3960 1620 4022 verborum
1738 4034 1739 4047 ἒ

326 4083 417 4144 ‹yuao
447 4072 482 4124 et
509 4064 836 4141 significationes:
866 4066 959 4126 activa
987 4073 1057 4125 sunt
1084 4082 1159 4144 quae
1186 4081 1218 4124 se
1246 4062 1354 4143 aliquid
1384 4080 1472 4142 agere
1495 4062 1657 4124 demon-av
1738 4074 1739 4111 l

325 4173 428 4237 strant,
452 4167 567 4245 passiva
590 4184 664 4244 quae
687 4156 761 4245 pati,
786 4174 891 4227 neutra
906 4184 982 4245 ‹yuae
998 4164 1070 4225 nibil
1093 4166 1215 4227 ltorum:
1241 4165 1417 4246 deponentia
1440 4182 1495 4245 per
1517 4172 1618 4227 catan-

325 4271 456 4339 tilrasin,
484 4265 489 4348 Ι
514 4268 572 4329 boe
601 4274 644 4327 est
671 4288 725 4348 per
752 4269 1006 4338 contrarietatem,
1039 4270 1115 4329 sicut
1137 4269 1260 4337 Pareae,
1284 4267 1361 4347 quod
1384 4265 1456 4327 nulli
1478 4274 1618 4347 parcant:

326 4379 377 4430 aut
398 4380 480 4432 certe
502 4370 570 4431 ideo
592 4369 704 4430 dictum
726 4376 771 4431 est
792 4370 953 4449 deponens,
978 4370 1055 4451 quod
1072 4370 1201 4450 deponat
1217 4370 1461 4448 significationem
1478 4370 1619 4430 activam:

327 4492 630 4499 ——-—-.-—-—-.

396 4543 456 4593 θοαὶ.
475 4542 554 4593 Bere.
572 4543 595 4592 ll
614 4540 765 4592 7*-1111.
820 4539 1052 4607 3iuscosyllaba
1101 4540 1243 4605 ‘itempori
1295 4540 1485 4606 'lcompeseuit
1501 4539 1541 4603 (id
1554 4539 1618 4593 add.

326 4613 360 4665 al.
380 4615 459 4672 man.)
478 4614 544 4663 circo
597 4610 793 4674 Blrequentiue
811 4624 884 4661 canto
903 4612 1012 4661 eavrticas
1029 4611 1110 4677 (corr.
1131 4612 1196 4675 tas)
1212 4612 1308 4677 primae
1356 4611 1388 4662 15
1404 4611 1480 4659 babet
1534 4609 1567 4660 17
1586 4610 1620 4659 de

326 4682 519 4746 peuesultimem
537 4682 661 4747 syllabam
714 4682 748 4733 23
765 4683 847 4731 aiecta
899 4680 1051 4732 24imlluito
1103 4682 1136 4731 28
1155 4678 1179 4747 e]
1198 4690 1223 4731 et
1275 4680 1309 4731 29
1328 4689 1388 4730 tunc
1405 4682 1480 4730 etiam
1498 4688 1523 4729 et
1539 4681 1565 4739 iu
1586 4680 1619 4729 bo

395 4752 430 4803 33
443 4754 581 4804 commodis
593 4768 662 4808 corr,
678 4752 812 4817 qaromodie
861 4752 895 4803 35
907 4752 995 4815 aliquit
1048 4750 1241 4802 dbnibilorum
1293 4750 1327 4801 38
1341 4748 1481 4817 deponens]
1504 4750 1619 4815 depones

394 4907 427 4959 31
449 4906 588 4975 Vergilius]
613 4910 676 4959 Aen.
696 4906 809 4959 1111387
880 4906 914 4959 33
927 4903 1072 4973 Terentina]
1091 4906 1156 4962 Hec.
1176 4906 1296 4972 1115,45
