3525 5600
692 315 929 378 communivit
1186 318 1189 322 ’
1389 312 1454 378 295

1266 425 1392 477 pata-tt
1406 425 1427 464 l..

170 511 276 566 ventur:
304 521 444 565 cavernas
467 505 596 582 quidem,
620 505 672 566 sed
694 506 837 583 grandem
862 507 893 565 in
915 505 1033 584 gurgite
1055 503 1183 582 quidem,
1208 503 1261 564 sed
1284 511 1374 564 vasto.
1410 505 1453 564 sic

170 607 308 668 relevatur
330 606 387 666 hoc
410 609 521 667 vitium.
983 668 988 676 ,
1500 602 1504 609 ’

243 699 477 788 Cacosydtheton
506 716 551 772 est
578 735 596 770 ι
620 718 650 770 ει
678 707 734 770 hoc
760 716 885 789 propter
915 707 1062 770 clausulas
1090 710 1224 770 facimus.
1274 709 1452 790 plerumque

169 811 247 872 verba
262 829 322 872 non
336 818 415 872 stant
429 813 460 872 in
476 811 630 882 clausulis;
647 814 672 872 si
686 814 749 892 ipsa
766 819 930 880 convertas,
946 819 1087 891 poterunt
1102 818 1191 881 stare,
1208 820 1241 872 ιιι
1256 815 1451 890 ‘versaque

148 917 351 980 aiuvencum
374 921 479 992 terga
502 916 702 994 fatigamus
723 913 857 974 ha-sta'.
896 897 1039 974 naturalis
1061 932 1160 974 sermo
1182 932 1242 974 non
1265 922 1381 993 poterat
1396 933 1451 994 per

169 1035 275 1078 versum
297 1033 429 1086 currere,
454 1035 537 1078 versa
558 1015 643 1078 hasta
665 1018 821 1077 iuvencum
844 1022 928 1094 terga
951 1017 1115 1094 fatigamus,
1139 1016 1168 1076 id
1191 1023 1236 1076 est
1257 1017 1450 1077 iuvencorum

169 1129 243 1198 terga
268 1119 436 1197 fatigamus:
472 1126 504 1179 ut
531 1121 625 1197 possit
653 1115 657 1200 Ι
682 1127 760 1180 stare
782 1118 832 1180 ille
854 1137 973 1188 versus,
1002 1117 1165 1180 naturalem
1187 1136 1357 1180 sermonem
1379 1138 1449 1179 con·

168 1222 254 1282 vertit.
283 1220 362 1280 unde
386 1221 475 1282 etiam
490 1221 625 1301 plerique
648 1228 824 1312 notavqrunt
843 1219 916 1282 illud
938 1221 1015 1301 apud
1031 1219 1220 1292 Ciceronem,
1243 1221 1303 1282 ‘ad
1325 1228 1450 1283 omnes

167 1343 257 1385 meos
278 1323 440 1402 impetus
468 1325 574 1400 quasi
602 1341 728 1384 murus
750 1323 900 1402 quidam
929 1322 1018 1384 boni
1045 1340 1177 1384 nomen
1204 1326 1450 1405 imperatoris

137 1427 389 1506 ioopponitur’.
434 1425 575 1504 naturalis
603 1445 701 1487 sermo
730 1434 794 1486 erat
822 1425 892 1485 boni
919 1426 1109 1504 imperatoris
1136 1445 1246 1487 nomen
1275 1428 1448 1507 opponitnr;

167 1529 313 1589 adfectavit
334 1526 433 1588 tamen
456 1527 635 1588 affluentiam
659 1536 689 1588 et
711 1527 873 1589 absolutam
898 1527 1096 1588 elocutionem
1119 1534 1149 1588 et
1171 1546 1341 1591 sermonem
1364 1537 1447 1591 natu-

166 1629 248 1690 ralem
270 1632 423 1692 convertit.
459 1630 534 1692 haec
556 1628 786 1710 cacosyntheton
810 1639 864 1700 est,
889 1647 966 1708 quae
989 1648 1049 1690 non
1071 1647 1126 1709 per
1147 1636 1284 1692 naturam
1308 1631 1444 1694 scribun-

166 1741 213 1803 tur,
237 1731 286 1793 sed
308 1750 362 1811 per
384 1733 534 1813 quandam
556 1733 785 1794 adfectationem
807 1739 1002 1814 praepostere
1023 1731 1208 1804 scribuntur.
1291 1736 1300 1748 ”

238 1833 421 1914 Αιιιριιιιιοιιι
445 1844 490 1896 εει
512 1834 656 1897 dubitatio
678 1837 708 1896 in
731 1853 822 1898 sensu
845 1836 1013 1896 constituta.
1058 1835 1091 1896 lit
1118 1843 1218 1896 autem
1247 1845 1297 1897 aut
1326 1854 1380 1916 per
1402 1837 1446 1897 di-

137 1939 339 2002 rsstinctionem
363 1945 413 1998 aut
434 1957 489 2018 per
505 1955 662 1998 commune
677 1937 800 1998 verbum
823 1944 948 2016 aut¹per
970 1939 1176 1999 accusativum.
1209 1955 1263 2018 per
1285 1938 1448 2000 distinctio·

165 2059 239 2100 nem:
261 2047 328 2120 puta
353 2043 378 2100 si
400 2039 579 2102 dicas‘vidi
602 2047 728 2100 statuam
750 2057 871 2106 auream
894 2039 1008 2101 hastam
1030 2041 1210 2109 tenentem’,
1232 2048 1323 2118 prout
1343 2039 1447 2103 distin·

166 2144 236 2203 reris
253 2161 371 2212 sensus,
400 2149 451 2204 aut
472 2149 597 2204 statuam
620 2140 712 2204 habes
735 2159 855 2202 auream
879 2140 979 2202 dicere
1002 2149 1031 2201 ct
1052 2141 1299 2222 qualemcumque
1320 2141 1445 2213 hastam,

164 2253 320 2322 argenteam
342 2246 474 2306 ferream
494 2243 681 2325 plumbeam,
711 2253 761 2304 aut
783 2243 897 2306 hastam
920 2262 1041 2305 auream
1064 2252 1094 2304 et
1116 2244 1364 2324 qualemcumque
1386 2254 1445 2306 sta-

165 2355 242 2418 luam,
265 2353 336 2427 puta
359 2353 481 2407 aeneam
505 2347 643 2408 ferream.
689 2348 714 2407 si
737 2348 777 2406 ita
801 2347 896 2416 diosc,
920 2345 997 2406 ‘vidi
1018 2354 1144 2407 statuam
1168 2365 1303 2417 auream,
1329 2346 1445 2408 hastam

135 2454 331 2520 stenentem',
362 2448 494 2510 ostendis
522 2467 642 2510 auream
670 2455 795 2510 statuam
827 2467 892 2510 esso
916 2457 945 2510 ει
967 2449 1212 2529 qualemcumque
1234 2447 1364 2518 hastam;
1395 2457 1446 2510 aut

163 2551 229 2612 ‘vidi
250 2559 390 2621 statuam,
421 2569 543 2614 auream
565 2551 679 2612 hastam
702 2553 872 2612 tenentem'
896 2551 1027 2612 ostendis
1050 2551 1296 2632 qualemcumque
1318 2559 1444 2613 statuam

163 2653 265 2715 hastam
287 2673 408 2716 auream
431 2653 600 2716 habentem.
643 2655 715 2714 item
738 2672 793 2734 per
815 2656 1016 2715 accusativum
1039 2672 1153 2724 casum,
1176 2653 1254 2713 ‘vidi
1275 2657 1444 2716 seculorem

163 2756 304 2819 retiarium
327 2755 506 2829 occidisae',
537 2757 684 2819 incertum
714 2757 849 2836 estquis
879 2774 967 2837 quem
990 2755 1149 2825 occiderit,
1182 2763 1282 2818 utrum
1303 2758 1444 2819 retiarius

164 2867 316 2921 secutorem
339 2858 490 2929 occiderit,
515 2870 566 2921 aut
587 2860 742 2921 retiarium
764 2865 900 2929 secutor,
923 2860 1070 2920 incertum
1093 2866 1144 2919 est.
1165 2856 1172 2942 l
1191 2861 1262 2920 item
1285 2877 1340 2940 per
1362 2878 1442 2922 com-

134 2980 242 3023 umame
262 2962 398 3023 verbum:
433 2963 459 3021 si
486 2960 567 3023 dicas
589 2961 728 3024 ‘vadatur
756 2954 893 3033 Cicero’,
921 2945 1070 3023 incertum
1098 2970 1156 3031 est,
1187 2968 1287 3023 utrum
1315 2964 1379 3042 ipse
1406 2963 1442 3023 ad

164 3063 348 3125 vadimonium
371 3064 521 3133 trahatur;
552 3066 745 3125 ‘criminatur
767 3064 856 3126 Cato'
886 3072 985 3126 utrum
1014 3066 1077 3145 ipse
1104 3065 1280 3126 criminetur
1302 3063 1441 3145 aliquem,

163 3184 193 3225 an
213 3165 247 3227 ab
268 3166 363 3228 altero
391 3166 426 3227 ad
457 3169 571 3227 crimen
600 3166 743 3228 trahatur.
790 3166 898 3228 deinde
923 3174 993 3227 sunt
1020 3166 1111 3227 etiam
1138 3165 1285 3247 plurimae
1313 3169 1440 3247 species,

163 3286 225 3347 quas
247 3269 335 3329 vitare
357 3266 511 3329 debemus.
1218 3250 1222 3261 ’

234 3370 309 3449 Ergo
330 3372 384 3431 ista
407 3377 477 3431 sunt
499 3369 655 3431 duodecim
678 3371 755 3439 vitia,
779 3389 854 3450 quac
868 3378 983 3431 tantum
998 3370 1115 3431 vitanda
1137 3377 1216 3443 sunt,
1240 3371 1442 3433 barbarismus

143 3472 349 3535 osoloecismus
381 3472 546 3553 acyrologia
582 3472 783 3553 cacenphaton
817 3472 1006 3553 pleonasmos
1037 3473 1230 3553 perissologia
1262 3472 1441 3553 macrologia

163 3574 305 3654 tautologia
332 3574 449 3655 echsis
476 3577 622 3655 tapinosis
651 3574 881 3655 cacosyntheton
916 3574 1111 3655 amphibolia;
1150 3577 1206 3636 ista
1239 3584 1308 3636 sunt
1330 3574 1440 3637 duode-

164 3678 221 3737 cim.
256 3684 284 3738 et
304 3688 460 3758 postquam
482 3676 584 3739 docuit
606 3679 681 3748 vitia,
706 3694 781 3757 quae
806 3676 921 3737 vitanda
944 3684 1028 3747 sunt,
1052 3678 1157 3757 incipit
1176 3679 1236 3739 iam
1259 3680 1440 3739 transirem

163 3788 299 3849 ornatum,
323 3788 352 3841 et
372 3780 471 3859 ipsum
494 3787 631 3843 ornatum
656 3766 811 3861 tripliciter
833 3778 949 3849 dividit,
979 3781 1011 3839 in
1032 3779 1255 3859 metaplasmos,
1283 3780 1314 3839 in
1337 3787 1440 3860 tropos

164 3888 186 3939 et
204 3882 232 3941 in
252 3879 407 3943 schemata.
451 3883 482 3943 in
510 3880 647 3943 omnibus
674 3882 794 3963 quidem
818 3883 931 3943 artibus
954 3882 1067 3943 habetis
1089 3883 1161 3942 istas
1183 3888 1245 3942 tres
1267 3879 1437 3942 divisiones.

137 3983 224 4043 sistas
244 4000 301 4043 non
321 3982 451 4045 habetis:
487 3983 557 4063 quid
584 3985 709 4045 interest
735 3985 814 4045 inter
842 3984 1083 4064 metaplasmum,
1111 3982 1183 4063 quid
1208 3984 1334 4045 interest
1359 3985 1439 4044 inter

163 4092 251 4165 tropos
273 4092 301 4146 et
320 4087 398 4147 inter
427 4085 591 4157 schemata,
621 4086 677 4147 hoc
705 4084 806 4147 nullus
834 4085 1023 4167 artigraphus
1052 4087 1149 4166 potuit
1171 4084 1286 4156 dicere;
1321 4081 1437 4147 habetis

223 4325 233 4374 ι
252 4324 276 4373 n
297 4322 406 4391 gurgite]
425 4326 459 4389 cf.
477 4313 549 4375 εει.
571 4314 596 4375 oi
619 4326 699 4390 very.
720 4325 785 4375 Aen.
811 4326 819 4373 ι
840 4323 899 4377 tta.
919 4324 953 4374 m
974 4324 1023 4377 nn
1094 4325 1222 4375 anona
1240 4339 1314 4390 qaam
1330 4326 1440 4377 aeaeae

165 4392 257 4451 ιειιιιιιι
273 4394 547 4461 eomcyntdetiemce'dit
615 4398 701 4445 lnon
720 4401 787 4445 stant
806 4396 826 4443 (f
843 4408 893 4443 non
912 4404 1028 4445 constant
1043 4394 1126 4446 BSP
1193 4390 1330 4459 versaque]
1356 4395 1436 4461 Verg.

166 4462 368 4517 Aravllllddl)
437 4464 543 4529 Sapud
562 4464 762 4531 CiceronemJa‘n
785 4466 928 4514 Vemaet.
946 4480 997 4514 see.
1018 4466 1042 4513 V
1060 4466 1119 4529 l‚2
1190 4465 1224 4516 10
1241 4466 1372 4528 inponitur
1388 4480 1435 4528 po-

166 4537 255 4583 steriore
270 4537 322 4584 laco
338 4534 363 4583 B
434 4536 465 4587 12
483 4534 548 4585 haec
566 4535 762 4599 cacosyntheton
785 4542 824 4583 εει
842 4548 907 4598 quae
924 4549 970 4599 per
988 4542 1102 4583 naturam
1126 4534 1269 4585 scribuntur
1288 4548 1334 4598 per
1352 4551 1435 4599 quan-

166 4602 212 4651 dam
228 4604 415 4655 adfectationem
438 4614 586 4673 prepostere
604 4607 748 4655 scribuntur
766 4606 786 4654 (J
804 4605 866 4655 haec
884 4604 1072 4653 eaeoaintheton
1092 4612 1131 4653 est
1148 4619 1212 4668 quae
1230 4618 1281 4653 non
1299 4618 1346 4668 per
1364 4615 1436 4656 natar-

167 4686 208 4719 ram
220 4676 329 4724 scribitur
346 4674 391 4725 aed
405 4690 450 4740 per
470 4716 577 4731 .......
596 4686 774 4742 praeposteres
792 4676 905 4725 scribunt
916 4675 948 4726 P.
966 4676 1079 4736 [minere
1092 4688 1154 4740 ergo
1172 4672 1378 4739 cacosyntheton
1398 4684 1458 4730 eat,

168 4741 241 4792 vitiosa¹
259 4748 403 4811 compositio
422 4746 559 4798 dictionum
579 4762 717 4811 qnaewqq.
791 4754 829 4795 εει
847 4760 893 4797 orn.
915 4743 967 4793 BS
1036 4744 1069 4795 13
1088 4745 1256 4794 adfectionem
1277 4742 1326 4793 RS
1404 4744 1437 4796 ill

168 4810 261 4880 niueam]
277 4830 372 4866 aeream
387 4809 440 4867 ΒΡ
455 4831 557 4866 auream
575 4817 601 4867 B
607 4816 628 4866 S
696 4816 731 4867 26
748 4817 894 4867 criminetur
914 4815 1023 4877 aliquem
1040 4814 1076 4864 S:
1093 4816 1204 4878 aliquem
1220 4830 1267 4867 om.
1283 4814 1309 4864 B
1320 4808 1339 4861 G
1350 4815 1375 4865 Ρ
