3525 5600
314 337 358 405 62
873 339 1050 404 CLEDONll

340 463 362 505 p.
375 451 476 492 rara-ao
489 448 512 491 Ρ.

315 529 401 590 hinc
416 531 609 592 lacessat'.
626 547 662 590 ex
677 548 781 591 eorum
796 531 929 590 omnium
944 527 1138 590 similitudine
1153 527 1278 590 aliorum
1294 527 1507 591 delectivorum
1520 547 1606 608 regn·

315 631 373 692 lam
388 634 532 712 requires.
544 665 586 676 —
598 631 774 702 Notandum,
787 649 855 692 cum
869 631 1061 711 imperativus
1075 629 1180 692 modus
1196 650 1213 691 o
1228 630 1325 692 littera
1340 633 1493 714 linituslsit,
1514 634 1519 706 Ι
1539 633 1607 692 iacit

215 743 273 806 385,
287 745 302 794 5
315 742 414 796 tamen
435 733 580 814 pluralem
603 741 690 795 cette.
714 771 756 780 -
779 736 821 795 Vt
842 734 981 795 adsum:
1010 733 1112 794 adsum
1134 733 1165 792 in
1187 734 1342 812 conposito
1364 741 1446 794 caret
1467 736 1607 812 coniuga-

286 838 411 905 ttione;
439 837 472 896 in
493 836 621 917 simplici
642 836 774 897 secunda
796 834 991 914 intellegitur,
1022 835 1089 916 quia
1118 853 1183 895 sum
1212 854 1243 896 es
1272 843 1316 896 est
1336 835 1415 896 iacit.
1441 833 1608 914 —Liquet

314 938 402 1009 mibi,
425 939 456 998 id
478 945 524 999 est
544 939 733 1001 maniiestum
756 945 801 1000 ost
814 938 902 1008 mibi,
926 935 1117 999 defectivum:
1142 936 1212 998 iacit
1227 937 1364 1017 equidem
1380 935 1510 1017 liquebat
1525 937 1631 1006 mihis

286 1049 451 1120 ttempore
473 1047 572 1102 tamen
601 1042 735 1122 perlecto
763 1048 858 1109 caret,
894 1057 953 1100 non
982 1040 1061 1099 enim
1094 1038 1164 1099 lacit
1191 1037 1285 1118 liquit.
1312 1073 1354 1085 -
1385 1038 1492 1100 Soleo
1525 1039 1607 1098 iaso

313 1141 456 1220 inpleo:
479 1142 574 1213 soleo,
597 1143 699 1224 perdit
720 1144 799 1203 onim
821 1148 946 1221 tempus.
978 1143 1009 1201 in
1032 1142 1193 1221 praeterito
1216 1142 1295 1202 enim
1319 1141 1527 1220 temporeerit
1541 1158 1606 1221 pas·

279 1257 301 1322 ’,8
313 1238 428 1314 sivum,
445 1243 526 1305 soleo
541 1245 645 1308 solitus
660 1265 741 1316 sum,
765 1263 832 1306 cum
847 1246 879 1304 in
893 1246 1044 1324 praesenti
1058 1244 1184 1306 lormam
1198 1241 1306 1303 babeat
1321 1243 1416 1302 activi.
1432 1276 1475 1287 ·—-
1490 1241 1607 1302 Verba

314 1365 463 1426 quoque
484 1346 747 1427 inpersonalia
771 1366 850 1408 cum
871 1363 1078 1427 peromnes
1094 1344 1422 1408 modosdeclinari
1444 1346 1606 1425 possint,

314 1448 563 1510 inveniuntur
590 1450 767 1530 quaedam
796 1449 998 1519 deiectiva,
1031 1457 1070 1508 ut
1098 1444 1216 1529 liqoojt
1246 1449 1415 1508 miseret:
1447 1445 1642 1508 miserebatur

214 1549 218 1555 ’
314 1557 412 1630 potest
433 1551 546 1621 lacere,
570 1570 629 1631 quo
644 1552 732 1612 modo
748 1550 841 1631 liquet
854 1550 994 1630 liquebat.
1033 1567 1100 1611 nam
1116 1551 1251 1610 miseruit
1265 1567 1324 1610 non
1340 1549 1422 1618 lacit,
1446 1567 1504 1629 quo
1520 1549 1608 1610 modo

315 1671 370 1713 neo
393 1652 487 1732 liquit.
524 1652 613 1714 verba
635 1653 835 1732 inpersonalia
851 1660 990 1733 corrupta
1004 1670 1059 1733 per
1074 1669 1178 1712 omnes
1191 1651 1295 1712 modos
1310 1649 1506 1712 declinantur.
1539 1669 1607 1712 nam

316 1754 381 1825 alii,
405 1756 457 1835 qui
479 1754 620 1816 adserunt
641 1774 733 1835 usque
756 1755 792 1816 ad
814 1757 1012 1836 inperativum
1035 1752 1191 1824 declinari,
1219 1751 1224 1835 Ι
1244 1755 1417 1815 auctoritate
1438 1755 1606 1815 vincuntur.
1684 1769 1688 1783 ·

829 1925 877 1987 DE
898 1925 1085 1988 turannio

270 2054 299 2101 11
398 2044 621 2105 Adverbinm
645 2053 810 2124 estpars
832 2045 1034 2114 orationis
1064 2062 1160 2121 quae
1187 2043 1333 2107 adiecta
1356 2045 1467 2104 verbo
1489 2045 1643 2121 signi-15

314 2147 536 2207 linationem
553 2146 689 2227 (adicitur
703 2131 799 2207 verbo
809 2165 929 2234 semper
944 2145 1132 2216 adverbium,
1156 2146 1233 2208 unde
1249 2156 1278 2207 et
1293 2144 1465 2207 adverbium
1482 2145 1606 2222 dietum)

314 2250 393 2310 eius
420 2256 484 2310 aut
512 2247 674 2326 complet
696 2258 757 2311 aut
779 2251 912 2310 minuit
940 2247 982 2326 (ut
1003 2257 1048 2310 est
1071 2247 1147 2309 bene
1175 2248 1257 2327 lego,
1286 2248 1363 2310 male
1386 2247 1543 2328 describo),
1566 2255 1609 2310 ut

314 2352 427 2410 etiam
457 2351 592 2412 laciam
614 2350 671 2411 vel
698 2369 770 2412 non
799 2353 943 2412 faciam.
987 2350 1162 2411 adverbia
1191 2359 1251 2411 aut
1279 2370 1296 2412 a
1324 2369 1362 2412 se
1385 2359 1607 2413 naseuntur:

313 2455 560 2530 significationem
583 2461 654 2513 tunc
681 2452 824 2532 complet,
854 2451 916 2532 [ut]
941 2471 1008 2513 cum
1031 2451 1154 2514 dicimus
1177 2453 1324 2531 ‘pessime
1346 2455 1456 2513 recito'
1479 2456 1608 2533 ‘optime

314 2557 454 2634 perovo'.
486 2573 505 2610 a
533 2557 682 2634 integrum
704 2564 758 2616 est.
787 2559 813 2615 si
828 2554 895 2615 dico
918 2555 993 2614 ‘iam
1015 2555 1148 2624 iaciam’,
1172 2555 1285 2616 firmavi
1307 2555 1385 2635 quod
1409 2555 1555 2636 disposui:
1582 2557 1608 2616 si
1621 2579 1644 2619 ao

314 2656 380 2717 dico
402 2659 482 2717 ‘non
505 2657 640 2727 iaciam',
666 2657 825 2726 infirmavi,
849 2655 930 2734 quod
953 2672 1012 2716 non
1035 2655 1105 2718 diri.
1142 2675 1158 2717 a
1179 2677 1211 2718 se
1234 2659 1378 2736 originem
1401 2657 1523 2730 ducunt,
1547 2677 1608 2718 non

270 2761 393 2826 monim
421 2758 533 2821 habent
562 2760 723 2837 originem,
758 2756 838 2820 unde
865 2765 1034 2821 nascantur.
1066 2792 1100 2803 —
1135 2761 1157 2820 Α
1186 2759 1380 2831 vocabulo,
1404 2769 1442 2823 ut
1470 2763 1607 2823 ostium

314 2864 497 2929 ostiatim;
526 2879 543 2921 a
573 2863 807 2941 pronomine,
837 2868 877 2921 ut
909 2862 1056 2921 meatim
1085 2862 1234 2923 tuatim:
1262 2864 1391 2925 ostiatim
1413 2850 1468 2944 per
1491 2864 1608 2943 singula

273 2964 406 3033 roostia,
429 2965 550 3023 meatim
573 2982 640 3024 meo
663 2982 761 3052 more,
786 2964 888 3023 tuatim
911 2970 961 3023 tuo
983 2982 1077 3024 more.
1102 2997 1139 3007 -
1162 2962 1448 3044 Pedetcmptim:
1471 2966 1520 3027 hic
1543 2986 1606 3045 pes,

314 3066 447 3145 temptim
469 3073 570 3127 teneo:
595 3082 665 3142 ergo
681 3065 765 3141 quasi
781 3063 862 3125 dicas
875 3065 983 3143 pedem
1000 3072 1095 3127 teneo.
1120 3100 1157 3109 --
1180 3064 1325 3127 Adverbia
1341 3066 1378 3127 ab
1394 3067 1577 3148 appellativis
1601 3069 1643 3149 lar

315 3167 360 3227 vel
382 3168 512 3246 propriis
534 3166 704 3227 nominibus
726 3186 801 3247 quae
822 3168 945 3227 veniunt
966 3186 1085 3248 semper
1107 3169 1138 3229 in
1162 3188 1177 3228 e
1199 3168 1375 3248 productam
1398 3178 1519 3239 exeunt,
1550 3170 1606 3230 ista

316 3277 414 3329 tamen
436 3286 511 3347 quae
531 3278 549 3329 a
571 3276 652 3329 reeta
675 3268 890 3346 significatione
918 3269 1113 3332 descendunt.
1157 3288 1224 3331 nam
1253 3269 1331 3333 benc
1354 3280 1383 3333 et
1404 3270 1481 3332 male
1504 3270 1606 3332 brevia

271 3379 397 3440 15sunt,
422 3380 452 3431 et
472 3370 522 3431 illa
544 3372 633 3431 etiam
656 3388 731 3449 quae
754 3370 899 3448 originem
921 3390 981 3432 non
1001 3372 1127 3442 habent,
1151 3380 1184 3433 ut
1198 3374 1254 3433 rite
1269 3392 1368 3453 saepe.
1388 3410 1422 3417 -
1440 3378 1463 3435 Λ
1478 3373 1605 3443 verbo,

313 3480 352 3534 ut
373 3474 513 3534 cursim
536 3473 719 3533 strictim:
742 3472 882 3533 adverbia
905 3492 981 3556 quae
1004 3473 1041 3535 ab
1064 3474 1128 3535 aliis
1150 3476 1272 3536 veniunt
1294 3493 1329 3535 er
1353 3476 1398 3537 lris
1421 3476 1516 3537 tribus
1537 3495 1606 3555 par·

270 3575 392 3642 1ctibus
413 3576 489 3635 irunt
509 3580 637 3645 tantum,
662 3593 698 3636 ex
720 3575 841 3636 nomine
862 3576 1039 3656 pronomine
1057 3576 1156 3637 verbo.
1183 3612 1218 3619 -
1243 3576 1468 3657 Participio,
1490 3586 1528 3638 ut
1550 3580 1606 3637 in·
1619 3596 1643 3635 ao

314 3676 470 3755 dulgens
492 3674 745 3755 indulgenter.
770 3696 785 3736 a
809 3680 959 3739 nomine
981 3679 1172 3739 venientia
1194 3680 1312 3739 autin
1335 3697 1351 3739 a
1375 3689 1544 3741 exeunte
1568 3682 1605 3740 in

313 3781 488 3857 correpta
515 3787 554 3839 ut
579 3779 666 3838 rite:
695 3778 744 3839 hic
766 3782 876 3839 erravit
896 3780 1036 3841 Donatus.
1079 3798 1147 3841 nam
1171 3779 1249 3841 nulla
1271 3778 1444 3863 particillpia
1466 3781 1606 3844 adverbia

313 3899 350 3941 ex
377 3899 409 3941 se
437 3882 556 3941 iaciunt.
602 3897 670 3940 nam
698 3882 728 3939 iu
756 3888 870 3941 tantum
892 3880 1049 3959 indulgens
1071 3900 1180 3943 nomen
1202 3890 1260 3952 est,
1285 3892 1317 3944 ut
1339 3885 1465 3964 recipiat
1485 3902 1604 3965 compa·

312 3984 474 4052 rationem,
497 3980 655 4060 indulgens
676 3981 877 4061 indulgentior
898 3984 1187 4062 indulgentissimus
1211 3984 1289 4046 unde
1311 3988 1343 4046 lit
1365 3994 1396 4046 ut
1418 4006 1476 4049 non
1500 3989 1604 4050 creda·

312 4232 318 4239 ι
383 4172 444 4225 Cod.
463 4171 543 4229 Bm,
564 4169 588 4218 Χ
607 4168 707 4219 8—xr
726 4166 765 4220 1*.
837 4171 1034 4222 lsimititudtno
1086 4170 1252 4222 delectiorum
1313 4174 1470 4243 2requires]
1492 4178 1605 4240 sequerit

381 4242 397 4292 3
417 4251 444 4289 nt
460 4245 487 4301 (a
507 4254 564 4288 snm
581 4240 642 4291 odd.
662 4242 697 4289 al.
715 4240 794 4303 man.)
809 4243 901 4292 adsum
920 4242 1000 4293 adunt
1018 4245 1044 4291 in
1064 4242 1196 4308 conposito
1262 4243 1405 4295 bdeieotio
1481 4247 1511 4297 ll
1532 4254 1604 4311 potes

384 4311 416 4361 12
433 4325 480 4359 uec
499 4310 569 4359 licuit
639 4319 754 4375 correpta
824 4310 857 4361 13
875 4313 926 4361 alia
945 4314 988 4376 qui
1009 4313 1161 4362 adseruntur
1231 4314 1363 4363 autoritate
1380 4316 1494 4365 uincetur
1513 4317 1604 4367 aduer-

313 4381 383 4429 binm
404 4388 443 4431 est
461 4380 610 4429 adnerbium
628 4388 667 4428 est
685 4394 745 4443 pars
816 4382 849 4431 15
874 4398 938 4446 quae
961 4398 1007 4433 om.
1079 4384 1158 4432 uerba
1179 4383 1366 4449 significatione
1437 4386 1470 4436 16
1488 4385 1601 4453 semper]

313 4466 367 4499 sem
439 4449 472 4500 17
490 4450 600 4500 discribo
672 4450 705 4499 ltt
724 4450 846 4501 discimus
858 4455 942 4517 (corr.
964 4452 1086 4513 dicimus)
1105 4454 1203 4517 primae
1218 4456 1296 4504 recito
1313 4456 1423 4519 optimae
1441 4472 1534 4522 peroro

313 4522 344 4571 21
365 4521 453 4571 dicunt
464 4535 532 4573 corr.
553 4524 587 4570 at.
605 4536 670 4570 maa.
687 4521 783 4572 ducunt
852 4525 886 4573 22
905 4520 984 4587 enim]
1005 4532 1089 4572 tamen
1165 4524 1197 4572 25
1213 4540 1275 4590 ergo
1292 4525 1384 4590 pedem
1402 4534 1475 4576 teneo
1493 4528 1515 4575 si
1533 4528 1602 4578 dicas

381 4590 415 4641 26
432 4592 555 4655 producta
626 4589 760 4658 28saepe]
780 4608 881 4658 semper
951 4592 985 4645 33
1000 4610 1032 4642 ex
1047 4608 1075 4642 se
1092 4592 1198 4657 iaciunt]
1218 4603 1312 4643 exeunt
1380 4596 1541 4667 stercutus

313 4696 614 4705 ——--—--—

383 4761 418 4812 20
438 4764 563 4831 integrum
586 4773 626 4815 est
642 4766 678 4816 ad
694 4766 856 4827 definitionem
874 4763 989 4816 adverbii
1007 4767 1138 4829 pertinere
1154 4766 1265 4835 ndum,
1284 4770 1399 4834 quoniam
1414 4769 1513 4822 oerbram
1532 4775 1604 4824 edam

315 4847 364 4885 noa
382 4834 469 4885 addito
481 4835 601 4888 adsalto
618 4838 738 4903 integram
756 4845 802 4888 eat.
820 4838 905 4901 itaque
922 4838 1035 4885 lammam
1052 4836 1163 4888 indicavi
