3525 5600
528 413 728 476 Excuurra
750 413 925 476 PARISINA
948 414 984 475 11.
1008 413 1049 474 111
1373 408 1434 474 601

1236 531 1257 572 p.
1272 521 1331 561 2180.
1347 520 1371 560 31
1386 518 1408 562 P.

143 595 386 681 capessivisse
413 620 488 683 quae
517 621 552 662 ex
576 597 769 681 συνθέτοις,
792 603 822 663 id
851 609 897 662 est
924 621 960 662 ex
988 602 1165 681 conpositis,
1194 602 1324 660 veniunt.
1368 619 1435 660 nam

143 695 300 782 άβλεπτῶ
328 723 386 764 non
415 696 483 763 άπδ
506 703 567 764 τοῦ
594 701 707 784 βλέπω
735 705 899 766 derivatum
929 711 972 763 est
1006 702 1147 782 (ceterum
1170 723 1187 762 τ
1210 721 1268 762 non
1291 701 1436 782 haberet),

144 804 196 864 sed
219 798 286 865 άπδ
308 806 369 866 τοῦ
391 799 566 884 άβλεπτος.
609 814 712 867 contra
739 805 926 885 χειροκοπῶ
954 824 1011 866 non
1035 797 1100 866 άπδ
1123 804 1184 865 τοῦ
1207 798 1319 865 κόπτω
1342 803 1436 885 (cete-

143 924 211 966 rum
234 927 253 967 τ
274 903 424 989 haberet),
449 900 582 968 sericiani
604 908 667 968 τοῦ
689 904 895 988 χειροκόπος.
939 908 1018 969 unde
1046 908 1119 967 haec
1147 909 1265 967 nomina
1288 889 1452 967 σύνθετα
1524 915 1528 928 ’

117 1015 251 1068 srocant
280 1018 310 1069 et
332 1009 421 1070 rerba
445 1028 480 1069 ex
503 1011 579 1089 ipsis
600 1011 677 1070 iacta
700 1005 953 1088 παρασάνθετα.
999 1016 1069 1070 sunt
1101 1009 1157 1070 alia
1184 1010 1337 1088 conposita
1361 1025 1436 1087 quae

143 1109 218 1169 ioris
245 1110 446 1180 declinantur,
482 1107 665 1195 κιθαρῳδοῦ
694 1105 946 1193 έκιθαρῴδουν,
981 1107 1159 1191 δημηγορεῖ
1193 1103 1437 1194 ἐδημηγόρουν,

144 1207 348 1291 παιδαγωγεῖ
377 1207 647 1292 ἐπαιδαγώγουν,
676 1209 839 1294 δυσφορῶ
870 1207 1096 1293 ἐδυσφόρουν.
1142 1214 1224 1276 intus
1244 1230 1314 1272 vero
1348 1210 1438 1271 decii·

145 1321 255 1373 uantur
287 1309 492 1394 καταγράφει
525 1311 755 1394 κατέγραφον,
785 1309 968 1394 περιτρέχει
1001 1311 1232 1395 περιέτρεχον,
1266 1307 1437 1391 διαβάλλοι

144 1409 343 1495 διέβαλλον,
375 1435 451 1497 quae
483 1418 658 1496 imperativo
685 1411 1015 1496 1εοίιιο1κατάγραφε
1045 1415 1217 1497 περίτρεχε
1240 1409 1411 1493 διάβαλλε.
1434 1427 1437 1510 χ

108 1524 291 1577 roaccentus
318 1525 417 1579 autern
445 1518 481 1580 de
508 1519 601 1579 verbo
628 1537 687 1579 non
715 1520 885 1590 tolleretur,
915 1521 974 1580 nisi
1002 1521 1031 1579 ei
1064 1518 1290 1598 praecedentem
1323 1525 1439 1596 partem

145 1619 290 1678 orationis
311 1622 476 1700 conpositio
499 1621 721 1698 agglutinasset.
766 1621 844 1701 quod
872 1622 971 1681 evenit
993 1628 1021 1680 et
1044 1621 1073 1680 in
1097 1620 1164 1680 aliis
1189 1618 1296 1689 verbis,
1320 1623 1351 1680 in
1374 1620 1439 1699 qui·

145 1717 203 1780 bus
226 1719 314 1780 modo
335 1721 415 1798 longi
439 1725 583 1802 temporis
605 1723 721 1802 pondus
742 1725 873 1802 priorem
894 1723 1005 1783 retinet
1019 1729 1182 1792 accentum,
1206 1721 1293 1782 modo
1308 1722 1440 1800 correpti

146 1820 253 1881 levitas
279 1840 397 1883 sursum
419 1824 553 1904 repellit:
582 1820 710 1904 ἐνῆσαν
731 1822 866 1885 ἔνεσαν·
898 1819 1034 1884 επολλοὶ
1055 1815 1082 1882 δ’
1106 1821 1226 1884 ἔνεσαν
1248 1818 1441 1894 στονόεντες

146 1915 290 1983 ὀῖστοί’·
317 1919 456 1986 ἀνεῖσαν
478 1918 619 1994 ἄνεσαν,
648 1920 736 1987 εἄλλ’
758 1919 813 1987 ὅτε
838 1922 937 2006 δῆριν
960 1919 1132 1986 άνεῖσαν’·
1162 1931 1291 2004 κατεῖχε
1313 1918 1440 2003 κάτεχε,

106 2046 132 2086 m
146 2017 228 2098 ‘viii
251 2021 288 2085 dt
309 2023 399 2106 μάλα
421 2021 571 2107 δνοφερὴ
594 2020 701 2107 κάτεχ’
716 2020 900 2108 οὐρανόνέ
924 2029 994 2087 item
1010 2027 1145 2108 συνῆψα
1169 2021 1335 2106 σύναψον,
1358 2039 1441 2088 συν-

143 2122 209 2206 ῆξα
238 2122 403 2208 σάναξον,
432 2128 591 2190 συνεῖλον
613 2125 746 2210 σάνελε,
770 2128 946 2207 συνῆλθον
969 2122 1130 2190 ου’νελθε·
1156 2121 1263 2201 οὕτως
1285 2123 1340 2190 καὶ
1358 2145 1442 2209 προ-

146 2233 246 2289 εῖπον
267 2224 418 2309 πρόειπε.
464 2232 638 2292 memineris
657 2231 768 2292 nuliam
802 2232 864 2291 iere
892 2232 1020 2291 inveniri
1048 2231 1124 2310 apud
1147 2231 1268 2292 Latinos
1290 2233 1442 2311 praeposi-

146 2331 262 2390 tionem
284 2349 360 2409 quae
382 2332 458 2391 nihii
480 2331 569 2393 addat
590 2334 701 2402 sensui,
724 2337 802 2393 sicut
817 2332 895 2411 apud
912 2332 1039 2394 Graecos
1061 2350 1148 2411 saepo
1171 2335 1352 2412 praepositio
1377 2333 1442 2393 nul-

147 2431 208 2490 iam
237 2450 343 2492 sensus
380 2434 451 2494 iacit
482 2436 743 2512 permutationem:
777 2435 832 2494 hoc
860 2441 907 2494 est
935 2437 1014 2495 enim
1049 2427 1137 2494 εὕδω
1165 2435 1242 2514 quod
1272 2430 1442 2513 καθεύδω,

106 2557 134 2594 κο
149 2534 207 2593 Ιιοο
233 2529 345 2614 ἕξομαι
373 2535 450 2614 quod
478 2529 674 2616 καθέζομαι,
697 2536 754 2596 hoc
775 2533 849 2616 μύω
877 2536 955 2615 quod
983 2531 1135 2617 καμμάω.
1175 2539 1218 2598 sic
1239 2543 1269 2596 et
1297 2554 1385 2614 surgo
1413 2543 1445 2595 et

149 2651 308 2714 consurgo.

605 2821 653 2868 DE
676 2821 997 2871 coutvoarrorunvs

240 2924 325 3005 Apud
348 2926 478 2987 Graecos
507 2945 610 2987 eorum
639 2926 806 2998 verborum,
830 2931 861 2988 in
884 2946 1010 3007 quorum
1033 2928 1129 3006 prima
1151 2928 1296 3006 positione
1318 2930 1445 2989 circum·

150 3026 248 3088 iiexus
276 3035 416 3088 accentus
439 3027 570 3089 ultimam
593 3028 737 3108 syllabam
759 3038 856 3099 tenet,
892 3040 953 3090 tres
976 3036 1045 3089 sunt
1066 3030 1304 3107 coniugationcS,
1338 3029 1446 3110 quibus

104 3151 134 3191 ιε
150 3130 367 3191 discretionem
394 3132 466 3190 iacit
487 3130 616 3190 secunda
638 3150 781 3210 persona,
810 3150 898 3211 quam
920 3132 1015 3210 prima
1038 3132 1205 3209 coniugatio
1234 3131 1323 3192 habet
1347 3134 1376 3193 in
1401 3150 1447 3205 εις

150 3231 371 3312 diphthongum
393 3231 587 3302 desinentem,
610 3241 644 3293 ut
666 3233 790 3313 λαλεῖς,
814 3233 944 3294 secunda
967 3234 998 3293 in
1014 3252 1064 3314 μς,
1088 3235 1136 3292 cui
1152 3232 1311 3295 ascribitur
1326 3234 1446 3313 quidem

149 3355 177 3412 ι,
201 3332 254 3394 sed
282 3332 359 3393 nihii
381 3352 453 3395 sono
476 3335 606 3404 confert,
630 3342 662 3394 ut
690 3334 802 3416 τιμᾷς,
831 3337 918 3395 tertio
946 3336 976 3395 in
1000 3320 1052 3407 οιςΙ
1071 3334 1295 3413 diphthongum,
1318 3344 1350 3396 ut
1373 3347 1447 3397 στε-

151 3440 288 3516 φανοῖς.
334 3453 436 3495 eorum
465 3454 535 3496 vero
562 3436 737 3505 verborum,
766 3437 796 3496 in
824 3454 949 3516 quorum
978 3438 1073 3515 prima
1102 3438 1249 3515 positione
1278 3440 1377 3516 gravis
1400 3456 1448 3498 ac-

152 3545 263 3598 centus
285 3537 495 3616 paenultimam
518 3536 659 3615 syllabam
681 3541 794 3617 signat,
827 3557 879 3598 sex
907 3546 977 3601 sunt
1000 3540 1231 3616 coniugationcs.
1275 3540 1326 3600 sed
1349 3542 1380 3600 in
1403 3539 1451 3599 iris

107 3665 138 3703 no
155 3658 219 3700 non
242 3638 373 3699 secunda
395 3656 523 3718 persona
546 3639 756 3701 discretionem
779 3642 864 3711 iacit,
889 3644 997 3720 quippe
1021 3658 1087 3701 curn
1110 3643 1140 3701 in
1163 3641 1301 3702 omnibus
1321 3642 1449 3703 secunda

245 3862 330 3909 2non
350 3850 409 3909 άπό
425 3877 446 3925 p
464 3873 522 3907 unm
539 3860 634 3910 αποΡ
721 3861 751 3913 13
770 3857 879 3926 πολλοὶ]
901 3860 972 3914 Hom.
994 3859 1041 3912 Osi.
1062 3858 1143 3914 ore.
1164 3860 1198 3912 60
1281 3862 1312 3912 14
1331 3851 1451 3912 άνεῖσαν

153 3920 266 3981 ἄνεσαν
277 3928 358 3978 Ianus
375 3942 496 3979 ανειααν
508 3942 619 3993 arnono
636 3931 661 3978 1¹
713 3931 813 3982 αλλοτε
824 3926 908 3994 δηριν
921 3943 1028 3980 anenno
1043 3932 1065 3979 Ρ
1083 3918 1181 3980 άλλοτε
1195 3926 1279 3993 δῆριν
1291 3922 1403 3997 άνῆσαν
1414 3945 1450 3995 p:

154 4000 224 4048 unde
241 3999 320 4049 verba
334 4000 413 4061 petita
431 4000 481 4047 ιεἀι
497 4012 546 4046 non
567 4008 667 4049 constat
738 4000 770 4051 15
787 3991 852 4064 osii]
877 3999 949 4051 Hom.
970 3998 1017 4048 Od.
1037 3998 1067 4049 N
1080 3998 1131 4047 269
1200 4013 1329 4065 ανοφερη
1347 4015 1451 4065 καταιχ

153 4072 181 4119 Ρ
251 4062 527 4133 συνῆψα]συκηψας
548 4066 570 4114 Ρ
638 4064 940 4134 συνῆξα]συνηξαςΡ
1006 4068 1040 4118 ‘20
1057 4068 1122 4116 sicut
1135 4081 1213 4131 surgo
1232 4068 1257 4116 P
1325 4065 1358 4117 23
1375 4067 1449 4133 Aprnt

150 4139 267 4188 Graecos
282 4162 316 4172 -
333 4137 404 4197 602,
422 4135 454 4184 et
474 4134 579 4201 recedit]
597 4138 732 4202 adscripta
753 4146 793 4187 est
811 4138 985 4201 discrepantia
1005 4136 1099 4187 codicis
1117 4136 1252 4187 Rodiensis
1268 4151 1333 4187 nune
1354 4138 1380 4185 V
1380 4138 1450 4186 indo·

154 4210 276 4260 bonensis
297 4204 330 4256 lo
348 4204 413 4267 (B),
439 4205 509 4253 cuius
529 4216 654 4272 excerpto
675 4208 743 4257 edita
759 4214 818 4257 sient
834 4206 905 4269 infra
919 4224 948 4272 p,
966 4206 1016 4258 631
1040 4222 1095 4272 sqq.
1123 4214 1262 4267 praeterea
1281 4208 1364 4269 prima
1385 4211 1449 4256 eins-

154 4279 214 4327 denr
236 4282 364 4325 ῖειιοιοαιι
387 4273 465 4324 verda
490 4276 515 4324 in
538 4277 622 4326 eodem
643 4278 768 4338 codices.
790 4276 837 4327 111
856 4280 966 4339 repetita
989 4284 1060 4339 sunt,
1078 4274 1237 4326 Theodosius
1257 4276 1397 4327 Macrobius
1419 4276 1450 4325 do.

155 4347 260 4414 graecis
280 4348 363 4409 (corr.
381 4344 545 4408 graecorum)
560 4347 781 4413 coniugationibus
800 4348 837 4394 sic
855 4347 905 4406 nit,
923 4354 986 4411 aput
1003 4360 1110 4412 graecos
1131 4347 1163 4395 ΙΙΙ
1185 4356 1243 4395 sunt
1259 4346 1451 4411 coniugationes

157 4418 306 4475 uerborum,
329 4428 435 4478 quorum
456 4415 537 4478 prima
554 4418 679 4482 positione
702 4416 879 4466 circumflexus
899 4416 1142 4467 necentusuitimnm
1157 4414 1281 4480 syllohom
1301 4422 1377 4479 tenet,
1396 4416 1450 4477 qui·

155 4489 209 4537 bns
227 4485 407 4535 discretionem
428 4482 488 4534 iacit
504 4486 615 4536 secunda
631 4499 749 4553 persono,
765 4501 839 4549 qrrsm
856 4486 939 4550 prims
955 4486 1102 4551 coniugatio
1121 4484 1197 4535 habet
1215 4486 1239 4533 in
1251 4502 1298 4551 ηις
1309 4486 1451 4551 diptongon

155 4559 294 4610 desinens,
315 4563 342 4604 nt
356 4561 494 4618 suspicet
512 4554 615 4618 reliquo,
641 4572 729 4606 eorum
749 4572 809 4605 nero
829 4559 963 4605 uerborum
981 4556 1006 4603 in
1026 4570 1131 4618 qnorum
1149 4556 1231 4621 prima
1250 4556 1375 4619 positione
1393 4570 1452 4621 gra·

157 4628 200 4676 uis
219 4632 340 4675 accentus
359 4622 523 4688 penultimam
546 4625 669 4688 aptatam
692 4628 776 4692 signet
799 4627 832 4674 Vi
851 4634 911 4674 sunt
929 4626 1121 4690 conirrgntiones
1142 4635 1166 4675 et
1189 4625 1214 4674 in
1238 4626 1320 4689 primo
1343 4640 1452 4689 personn

157 4694 319 4747 deferentiue
342 4693 368 4742 in
395 4690 436 4740 irio
459 4691 691 4757 deprehenduntur.
728 4696 856 4758 quaeritur
878 4696 946 4745 enim
971 4696 995 4743 in
1023 4696 1103 4761 prinm
1125 4696 1250 4760 positione
1272 4696 1453 4757 cuiuscumque

157 4766 233 4817 uerbi
260 4778 328 4827 qnae
350 4762 448 4811 iittemc
470 4764 622 4827 praecedant
640 4765 739 4814 ssnniem
809 4767 842 4815 25
862 4778 936 4829 qunm
957 4766 1038 4830 primo
1060 4764 1082 4814 B
1102 4766 1159 4828 quin
1180 4766 1262 4830 prima
1283 4766 1306 4813 λ’
1373 4765 1407 4815 ’26
1428 4775 1455 4813 ut

156 4835 260 4893 ιαλεις
278 4832 306 4883 Β
353 4832 389 4881 28
402 4833 492 4896 gravis
512 4832 641 4900 accentus]
660 4837 730 4887 immo
744 4843 842 4885 acutns.
858 4834 906 4885 sed
920 4838 1015 4885 aeneiae
1030 4834 1209 4899 λονμῖοιιοευια
1226 4834 1354 4886 verborum
1371 4850 1454 4899 prom-

155 4906 268 4954 nmtiens
284 4904 312 4951 in
329 4916 442 4952 errorem
453 4902 554 4952 videtur
571 4906 687 4953 inductus
706 4920 762 4955 esse

214 4992 395 5036 cnauunncr
410 4990 502 5035 cunm
516 4992 544 5038 v.
1212 4987 1253 5053 39
