3525 5600
356 399 419 464 568
787 405 836 466 DE
859 405 982 466 ovans
1004 401 1211 467 NillllNlBVS

441 586 556 672 Itaque
585 607 657 649 eum
685 595 751 650 tres
781 587 847 652 sint
875 589 1004 653 codices
1027 590 1279 674 manuscripti,
1302 610 1415 654 omnes
1435 588 1481 651 ita
1499 589 1572 652 inter
1588 613 1614 654 se

356 687 577 766 consentiunt,
607 697 644 750 ui
670 712 712 752 ex
738 711 802 752 uno
824 689 915 755 fonte
937 690 1052 755 ductos
1075 713 1148 754 esse
1169 691 1338 777 adpareat.
1383 711 1461 753 nam
1480 712 1518 752 ne
1535 713 1614 753 mum

356 789 409 856 vel
430 789 567 854 alterum
590 788 704 853 horum
725 791 870 876 ipsorum
886 793 943 876 qui
957 793 1080 856 servati
1096 802 1172 856 sunt
1193 816 1211 856 c
1233 793 1329 856 tertio
1351 791 1544 878 descriptum
1561 815 1614 855 mse

356 901 521 976 putemus,
545 893 685 956 maxime
708 891 854 958 defectus
883 893 1017 978 quidam
1044 893 1204 959 librorum
1225 892 1366 956 <liversis
1388 891 1469 957 locis
1489 893 1573 956 modo
1590 895 1615 955 in

355 994 415 1057 hoc
437 994 532 1058 modo
555 996 588 1056 in
610 993 665 1057 illo
688 995 814 1058 inventi
837 994 981 1060 obstant.
1017 1017 1093 1058 nam
1115 996 1149 1057 in
1170 994 1419 1060 Vindobonensi
1440 993 1545 1058 codice
1562 996 1614 1058 solo

355 1095 493 1160 omissae
522 1103 599 1158 sunt
627 1095 871 1160 observationes
901 1097 942 1160 de
969 1121 1001 1160 v.
1027 1109 1151 1177 pratum
1177 1120 1211 1183 p.
1233 1096 1345 1176 9511,
1373 1103 1507 1177 supellex
1531 1119 1557 1182 p.
1576 1097 1614 1175 98,

354 1209 458 1262 uertex
485 1220 517 1284 p.
544 1197 619 1280 1023
648 1199 681 1260 in
709 1197 899 1263 Monacensi
926 1221 1005 1262 vero
1034 1198 1195 1284 quaedam
1222 1197 1348 1262 lacunis
1375 1209 1614 1283 corrupissent,

353 1321 436 1383 quae
458 1297 510 1362 vel
532 1299 759 1364 Laudunensis
782 1301 910 1384 integra
931 1301 1091 1382 servavit,
1113 1301 1206 1364 utin
1226 1323 1258 1363 v.
1273 1307 1369 1364 minis
1383 1306 1521 1377 cicuitu,
1542 1306 1617 1362 culter

353 1410 386 1465 et
407 1407 514 1478 surdo,
538 1400 591 1465 vel
613 1401 889 1484 Vindobonensis,
911 1402 1003 1465 utin
1025 1424 1057 1463 v.
1080 1409 1167 1480 oripo
1189 1414 1221 1466 et
1242 1408 1318 1465 udo
1340 1425 1370 1487 p.
1394 1403 1447 1483 91,
1468 1407 1576 1480 scalper
1591 1413 1616 1465 et

351 1508 465 1566 suboles
487 1525 518 1589 p.
544 1503 613 1566 101.
648 1525 748 1589 quare
776 1525 869 1568 suam
898 1505 1035 1589 quisque
1062 1505 1290 1568 auctoritatem
1312 1503 1354 1566 ad
1376 1505 1560 1588 scripturam
1579 1526 1616 1565 ar·

303 1619 304 1622 ’
352 1605 483 1691 chetypi
505 1605 758 1690 recuperandam
781 1605 895 1688 habet3
929 1606 987 1669 sed
1013 1605 1093 1669 illud
1120 1608 1227 1691 ipsum
1255 1604 1404 1692 plurimis
1432 1614 1466 1668 et
1485 1605 1615 1688 gravissi-

352 1707 413 1768 mis
436 1707 525 1771 vitiis
553 1715 741 1792 corruptum
772 1707 875 1771 fnisse
897 1707 1104 1773 consentiens
1128 1709 1227 1771 trium
1249 1707 1399 1771 codicum
1422 1707 1616 1769 testimonium

351 1808 505 1872 ostendit.
549 1829 612 1894 quo
639 1808 763 1873 factum
791 1821 841 1873 est
868 1818 906 1873 ut
933 1807 1061 1873 duobus
1085 1809 1254 1875 codicibus
1277 1818 1352 1894 post
1373 1809 1547 1896 principem
1564 1808 1616 1871 edi-

233 1943 246 1958 *
351 1911 472 1974 tionem
493 1911 636 1975 inventis
659 1920 787 1996 praeter
809 1911 978 1976 restitutas
1001 1910 1035 1973 in
1062 1911 1155 1974 initio
1183 1909 1259 1975 libri
1281 1910 1523 1976 observationes
1542 1931 1616 1973 sers-

349 2013 441 2096 ginta
467 2033 600 2092 novem,
629 2035 712 2098 quae
739 2013 773 2077 in
800 2011 856 2075 illa
885 2011 1025 2076 omissae
1046 2022 1154 2093 erant,
1177 2035 1243 2076 non
1265 2011 1401 2076 multum
1425 2012 1468 2076 ad
1488 2011 1615 2075 emenda-

350 2115 470 2178 tionem
492 2112 636 2201 reliquae
658 2114 761 2200 partis
784 2113 988 2179 conferretur
1008 2124 1041 2178 et
1054 2137 1141 2178 nune
1154 2113 1295 2200 plurima
1310 2114 1371 2194 sie,
1394 2124 1432 2177 ut
1452 2112 1526 2178 olim
1545 2113 1617 2176 edita

350 2226 453 2298 erant,
476 2225 708 2302 repeterentur.
746 2238 820 2280 nam
842 2218 924 2280 vitia
945 2238 1074 2302 quoque
1097 2218 1289 2302 scripturae,
1311 2239 1396 2301 quae
1418 2214 1543 2301 quidem
1561 2237 1615 2278 cor·

348 2319 411 2402 rigi
441 2328 606 2404 poterant,
634 2317 787 2403 quoniam
816 2316 918 2382 multa
944 2339 1028 2403 quae
1055 2341 1158 2404 prave
1185 2319 1308 2402 scripta
1335 2327 1412 2382 sunt
1437 2339 1505 2382 non
1534 2317 1616 2380 errori

348 2419 555 2485 librariorum
579 2418 636 2483 sed
658 2418 883 2504 neglegentiae
911 2421 1080 2504 scriptoris
1102 2420 1279 2484 tribuenda
1300 2442 1372 2484 esse
1394 2419 1540 2504 adparet,
1564 2440 1615 2481 na-

348 2524 469 2586 ximam
492 2531 616 2608 purtem
645 2531 832 2586 correxerat
853 2521 1035 2606 Hauptius,
1064 2520 1215 2606 idemque
1243 2519 1474 2585 molestissimo
1495 2523 1614 2605 negotio,

348 2647 367 2687 a
395 2645 458 2712 quo
485 2645 606 2708 magna
633 2645 709 2708 pars
738 2622 974 2688 emendationis
1002 2623 1037 2686 in
1065 2621 1127 2687 hoe
1154 2611 1239 2687 libro
1266 2622 1404 2710 pendet,
1431 2633 1468 2686 ut
1488 2622 1614 2707 exempla

347 2727 541 2813 scriptorum
568 2747 588 2788 a
614 2727 826 2809 grammatico
854 2725 957 2788 citata
984 2723 1072 2811 apud
1100 2723 1173 2789 illos
1200 2735 1435 2812 quaererentur
1461 2734 1494 2787 et
1513 2724 1615 2787 indica·

346 2826 482 2913 rentur,
503 2826 695 2915 perfunctus
725 2838 803 2891 erat.
848 2850 954 2915 pauca
980 2826 1119 2891 duorum
1148 2828 1311 2893 editorum
1337 2828 1393 2913 qui
1426 2826 1501 2891 eiun
1531 2828 1615 2891 secuti

346 2942 423 2995 sunt
444 2952 545 3017 opera
565 2930 738 3017 praestitit.
772 2930 967 3015 scripturam
982 2940 1090 2993 autem
1111 2930 1210 2995 trium
1231 2930 1394 3009 codicum,
1417 2930 1533 3015 quibus
1552 2950 1615 2991 usus

346 3056 436 3115 sum,
470 3033 631 3117 integram
663 3030 808 3095 exhibui.
853 3032 889 3095 in
919 3052 983 3117 quo
1017 3030 1058 3094 de
1084 3030 1333 3096 Vindobonensi
1366 3042 1399 3095 et
1425 3030 1616 3095 Laudunensi

345 3134 547 3219 superiorum
569 3134 729 3198 editorum
757 3131 853 3197 fidem
882 3143 1013 3198 secutus
1040 3154 1128 3213 sum,
1150 3132 1381 3197 Monacensem
1402 3132 1474 3220 ipse
1494 3133 1614 3197 excussi.

345 3238 486 3301 ceterum
518 3236 552 3297 in
583 3233 768 3301 indicandis
801 3235 842 3299 iis
875 3256 960 3322 quae
988 3256 1005 3298 e
1033 3234 1126 3298 libris
1159 3235 1355 3321 scriptorum
1385 3235 1616 3299 christianorum

344 3338 446 3402 citata
474 3346 550 3401 sunt
577 3338 752 3401 editionem
776 3335 962 3417 Gallandii,
992 3358 1058 3422 qua
1084 3336 1154 3401 sola
1175 3338 1209 3400 in
1230 3335 1379 3422 plurimis
1406 3337 1457 3400 nti
1478 3347 1615 3422 poteram,

345 3449 476 3502 secutus
499 3460 580 3503 sum.
624 3460 707 3524 quae
733 3460 785 3502 res
815 3438 923 3503 effecit
950 3448 987 3503 ut
1014 3440 1140 3502 numeri
1168 3436 1246 3501 olim
1273 3459 1316 3501 ex
1337 3436 1411 3500 aliis
1434 3436 1615 3502 editionibus
1707 3477 1709 3512 2

345 3538 502 3627 adscripti
525 3541 654 3625 saepius
670 3540 817 3605 mutandi
840 3550 959 3605 essent.
990 3540 1117 3603 deuon
1130 3539 1228 3603 nullis
1250 3549 1360 3603 autem
1381 3538 1475 3621 loeis,
1497 3540 1549 3625 qui
1567 3560 1615 3600 nec

345 3642 550 3729 aprioribus
573 3642 713 3706 inveniri
741 3664 801 3706 nec
824 3665 844 3705 a
871 3665 922 3705 me
949 3644 1016 3705 suis
1046 3642 1234 3706 auctoribus
1257 3640 1426 3725 adsignari
1447 3651 1615 3727 potuerunt,
1707 3666 1709 3691 ῑ

343 3745 525 3808 accuratius
550 3744 770 3829 quaerendum
793 3766 863 3807 esse
886 3766 951 3808 non
972 3743 1171 3807 existimavi.

428 3846 479 3910 De
507 3856 697 3929 argumento
719 3846 794 3910 libri
817 3867 1013 3932 quamquam
1038 3846 1172 3910 uberius
1201 3844 1368 3930 disputare
1388 3842 1469 3907 mibi
1489 3842 1616 3930 proposi-
1707 3831 1708 3838 ἵ

345 4063 374 4071 -
392 4038 474 4085 mullis
485 4044 511 4085 et
523 4038 600 4085 claris
611 4036 778 4099 scriptoribus
792 4042 905 4084 tractata
917 4037 1054 4085 diluimur:
1073 4039 1203 4100 excerpta
1221 4033 1254 4083 ‹le
1273 4033 1477 4098 orthogruphis.
1494 4032 1498 4094 1Ξ
1520 4028 1615 4082 ta-s'

342 4119 462 4185 epistula
475 4119 607 4170 Coronati
626 4119 660 4169 ad
674 4120 831 4181 Luxuriam,
851 4118 885 4168 ile
904 4121 1002 4183 magis,
1021 4119 1055 4169 de
1072 4120 1208 4178 trinitate,
1225 4118 1459 4184 interrogationes
1476 4123 1504 4168 et
1519 4130 1615 4181 respon·
1707 4131 1708 4142 ¹

341 4204 433 4255 aiones
450 4205 558 4269 variae,
583 4209 740 4270 excerptum
758 4205 929 4267 Hieronymi.
947 4201 956 4268 Ιξ
974 4204 993 4252 i.
1011 4200 1135 4253 thila
1157 4205 1247 4267 incipit
1262 4205 1384 4268 prolapus
1400 4204 1442 4253 lic
1455 4188 1615 4267 prolopus'in
1707 4209 1708 4270 ᾗ

342 4292 412 4339 dicut
429 4290 517 4355 quilius
533 4292 612 4355 plosis
629 4316 662 4323 —
681 4292 814 4339 aduersum
831 4304 875 4337 me.
896 4290 1002 4353 explicit
1016 4290 1148 4352 prolapus.
1167 4289 1290 4351 incipiunt
1305 4291 1393 4353 plesse
1410 4289 1507 4352 effatae
1523 4294 1546 4337 et
1560 4287 1613 4334 reli·
1707 4273 1708 4328 ἶ

342 4392 406 4441 quae
425 4380 479 4425 etc.
515 4374 619 4423 Abuuus
637 4398 668 4407 -
686 4376 777 4424 lolirun.
808 4374 948 4437 expliciunt
963 4375 1052 4437 piceae
1069 4374 1118 4422 deo
1134 4374 1235 4437 prutina
1251 4389 1337 4422 umen:
1355 4372 1466 4438 glossae
1483 4377 1612 4421 exuetere
1707 4363 1708 4402 ἶ

342 4464 457 4509 etnovo
476 4456 677 4524 testamentali
696 4454 903 4511 irie-174*
923 4459 955 4507 de
978 4459 1109 4508 duodecim
1126 4457 1294 4521 scriptoribus
1311 4458 1470 4522 Hieronymi.
1499 4456 1540 4507 Uis
1554 4470 1613 4503 nnnc
1707 4457 1708 4466 ¹

342 4570 374 4580 -
391 4545 510 4593 leunsinem
531 4551 597 4596 sunt.
621 4543 687 4606 finit.
710 4540 718 4608 ll
741 4558 794 4592 uno
820 4542 886 4592 folio
903 4556 993 4592 vacuo
1015 4541 1114 4593 relicto
1136 4542 1156 4591 i.
1175 4540 1332 4593 rte-184*
1353 4544 1474 4607 incipiunt
1489 4554 1610 4607 spuerem

342 4628 479 4678 Ciceronis.
518 4628 622 4678 Uatinio
645 4644 690 4677 suo
715 4654 745 4663 -
769 4630 885 4677 sustinet.
921 4630 1027 4692 explicit
1052 4630 1183 4690 synonim
1209 4630 1273 4677 artis
1294 4628 1439 4677 rethoricae
1459 4628 1504 4677 cieo
1523 4624 1608 4689 pratici
1707 4611 1709 4672 ῗ

341 4729 420 4763 maeri.
438 4708 447 4778 ll
465 4713 485 4766 f.
503 4714 643 4763 ree-191
666 4714 754 4777 incipit
775 4713 858 4763 dubiis
880 4714 913 4762 de
934 4712 1072 4763 malim
1092 4738 1125 4747 -
1142 4719 1229 4762 utrem
1251 4709 1262 4778 ll
1278 4714 1298 4762 f.
1317 4710 1472 4763 lai-197*
1486 4710 1567 4774 incipit
1580 4707 1607 4754 tlt

341 4800 518 4863 propriaetate
536 4812 675 4848 samonum
692 4801 734 4847 uel
749 4814 842 4848 renim.
878 4797 955 4847 Inter
974 4804 1063 4847 raetica
1084 4804 1110 4847 et
1131 4798 1243 4848 fiumen
1259 4824 1294 4833 -
1309 4800 1484 4849 amentata
1499 4798 1607 4845 minua
1707 4793 1709 4834 l

343 4884 467 4933 dicuntia.
499 4885 547 4933 deo
565 4884 663 4947 pretias
681 4884 749 4947 queri
763 4886 924 4947 perficiuuuis
941 4898 1005 4948 opus
1023 4890 1133 4933 nostrum
1150 4899 1237 4936 maen:
1253 4883 1288 4934 (le
1305 4883 1472 4934 differentiis.
