3525 5600
332 387 394 452 228
902 387 1056 449 reuertit

358 510 380 552 p.
393 499 483 540 ees—ea
497 497 519 538 L.

333 577 411 638 dini?
449 579 554 657 nequis
586 574 640 637 tibi
669 574 797 637 diceret:
832 592 890 653 quo
913 574 1001 636 modo
1029 574 1104 634 dicis
1131 592 1191 634 non
1221 591 1286 635 esse
1318 574 1544 652 significationes
1563 579 1609 637 nisi

333 679 414 751 sluaa,
438 681 552 758 agentis
574 685 604 740 et
626 679 772 757 patientis,
797 695 865 738 cum
880 679 1069 738 inveniantur
1084 678 1172 736 etiam
1188 675 1243 736 alia
1259 675 1365 736 verba?
1387 675 1439 736 sed
1456 677 1507 756 qui
1524 675 1610 738 dicunt

333 782 405 842 duas
428 801 491 842 esse
514 781 753 860 significationes,
778 781 894 858 agentis
917 787 945 840 et
967 772 1249 860 patientis,'tenent
1269 797 1301 838 se
1328 777 1365 839 ad
1394 776 1461 838 illas
1483 796 1530 839 res
1549 797 1610 856 quas
1704 808 1705 811 ¹

333 884 402 953 divi,
424 883 454 943 id
482 891 526 943 est
547 881 635 944 Plinii
657 881 785 942 Secrrudi
808 881 1019 942 definitionem.
1064 882 1114 958 qui
1141 889 1238 942 autem
1262 880 1333 941 dicit
1353 879 1411 940 alia
1439 879 1527 941 verba
1547 900 1609 952 esse,

331 993 412 1046 tenet
435 1003 466 1046 sc
490 984 526 1045 ad
548 984 598 1046 illa
619 985 759 1064 quinque,
784 1001 858 1060 quae
881 983 934 1044 titi
957 983 1026 1043 dixi.
1055 983 1116 1043 dini
1140 982 1191 1042 tibi
1215 985 1294 1043 enim
1318 981 1391 1043 illud
1406 985 1533 1043 activum
1547 1001 1629 1050 esses

332 1087 409 1165 quod
440 1087 514 1148 alter
542 1089 624 1156 lacit,
654 1085 729 1146 alter
757 1088 880 1166 patitur,
910 1084 981 1145 illud
1010 1086 1158 1165 passivum
1181 1105 1260 1154 esse,
1289 1085 1368 1165 quod
1387 1087 1394 1159 Ι
1413 1082 1487 1146 alter
1508 1086 1611 1164 patitur,

334 1188 408 1250 alter
431 1191 509 1250 iacit.
556 1180 674 1268 quando
698 1188 764 1249 dico
788 1197 864 1258 nato,
889 1188 1013 1248 ostende
1036 1187 1108 1248 mihi
1130 1195 1304 1265 utrumque;
1328 1205 1398 1247 ecce
1421 1205 1482 1247 non
1503 1188 1613 1247 invenis.

332 1310 403 1370 ergo
426 1292 497 1370 quid
520 1291 612 1352 hahes
634 1291 752 1352 diceret
783 1293 911 1350 activum
935 1291 1017 1351 esset
1056 1290 1107 1350 sed
1130 1308 1190 1350 non
1212 1289 1287 1351 alter
1313 1292 1434 1369 patitur.
1477 1290 1611 1368 passivum

332 1395 418 1454 esse?
449 1392 501 1454 sed
525 1395 589 1473 ipse
612 1391 691 1454 solus
714 1394 782 1471 agit,
807 1393 881 1453 alter
904 1411 964 1454 non
987 1393 1106 1470 patitur.
1152 1409 1224 1470 ergo
1253 1393 1356 1452 sinec
1377 1390 1449 1452 illud
1478 1409 1534 1450 nec
1553 1388 1612 1450 illud
1706 1416 1707 1423 ¹

331 1515 488 1576 possumus
510 1495 619 1566 dicere,
644 1501 779 1575 superest
803 1501 835 1555 ut
856 1502 993 1556 neutrum
1017 1496 1064 1554 sit.
1109 1493 1177 1554 ideo
1200 1493 1385 1554 admiserunt
1406 1492 1464 1572 ipsi
1484 1499 1518 1552 ut
1544 1493 1641 1552 dice-n

332 1607 400 1659 rent
421 1605 526 1660 neutra
543 1600 712 1659 communia
728 1597 916 1676 deponentia,
932 1605 1055 1677 propter
1070 1596 1150 1657 illam
1169 1595 1381 1657 definitionem.
1412 1612 1485 1672 ergo
1499 1597 1612 1654 actimm
1706 1634 1707 1637 κ

333 1708 376 1760 est
399 1699 477 1778 quod
502 1720 519 1761 o
542 1701 717 1760 terminatur
740 1708 770 1760 et
792 1705 912 1779 accepta
936 1717 951 1758 r
973 1698 1069 1758 littera
1091 1700 1162 1759 lacit
1176 1700 1334 1778 passivum.
1365 1704 1394 1757 et
1415 1697 1613 1776 deponentiar

332 1803 429 1864 littera
451 1805 663 1870 terminantem
686 1800 737 1862 sed
761 1803 786 1862 si
809 1802 891 1879 qnasi
913 1803 1061 1880 passivum
1084 1807 1130 1862 est
1151 1800 1322 1862 etrlittera
1343 1799 1459 1860 sublata
1482 1818 1540 1860 non
1554 1800 1615 1859 lacit

333 1907 469 1976 activum,
493 1904 645 1984 deponens
668 1910 720 1963 est.
751 1905 776 1964 si
799 1909 898 1964 autem
921 1904 1006 1982 quasi
1029 1905 1155 1964 activum
1179 1912 1223 1964 est
1246 1912 1277 1962 et
1298 1921 1358 1962 non
1381 1902 1489 1981 accipit
1510 1919 1526 1962 r
1547 1900 1614 1961 litte-
1707 1880 1708 1897 ¹

333 2025 410 2077 ram,
444 2005 576 2068 neutrale
605 2013 671 2072 cst.¹
709 2012 778 2086 puta
807 2012 875 2066 nato
903 2024 964 2066 non
990 2006 1062 2065 lacit
1088 2010 1190 2072 nator;
1224 2022 1295 2082 ergo
1324 2011 1393 2065 nato
1420 2001 1554 2065 neutrale
1578 2009 1615 2061 est
1625 2019 1644 2058 n
1707 2012 1708 2043 ³

332 2108 446 2190 [scribo
469 2129 528 2170 non
552 2109 622 2170 lacit
636 2107 759 2178 scribor,
777 2127 848 2187 ergo
864 2105 999 2169 neutrale
1014 2105 1083 2187 est].
1106 2125 1178 2186 ergo
1193 2106 1373 2187 deponentia
1384 2115 1454 2168 sunt
1468 2106 1615 2174 contraria,

316 2231 407 2290 ‚quae
430 2211 566 2272 videntur
589 2212 673 2289 quasi
700 2213 814 2290 passiva
838 2229 903 2270 esse
925 2227 980 2270 nec
1003 2208 1182 2270 redeuntia
1205 2211 1307 2278 activa,
1337 2218 1370 2269 ut
1391 2207 1487 2270 luctor
1508 2206 1615 2286 loquor.

232 2325 320 2388 eume
418 2313 591 2384 Quaesitum
615 2321 667 2384 est,
691 2331 783 2391 quare
806 2312 942 2373 dicantur
965 2311 1152 2391 deponentia.
1192 2313 1360 2373 invenimus
1382 2313 1412 2371 in
1434 2309 1548 2372 artibus
1561 2310 1617 2369 istis

333 2417 500 2495 vulgaribus
522 2417 590 2478 ideo
613 2416 689 2476 dicta
712 2435 777 2477 esse
801 2413 888 2475 verba
912 2414 1099 2493 deponentia,
1123 2413 1261 2492 q'uouiam
1277 2433 1293 2474 r
1308 2412 1436 2474 litteram
1451 2431 1511 2474 uon
1534 2411 1617 2491 depo-

305 2587 312 2604 ,1
332 2527 415 2588 irunt,
439 2513 522 2580 κατὰ
544 2515 750 2598 ἅντίφρασιν
772 2515 851 2594 quod
874 2517 992 2586 dicitur,
1015 2516 1045 2576 id
1069 2524 1114 2576 est
1129 2519 1320 2586 econtrario,
1344 2515 1484 2595 quemad
1504 2514 1645 2574 modumm
1708 2572 1709 2585 ,

332 2621 456 2682 dicimus
479 2620 579 2682 lucvvm
602 2620 639 2681 ab
662 2639 706 2688 eo,
730 2617 808 2701 quod
833 2638 892 2678 non
915 2619 1020 2689 luceat,
1045 2636 1134 2695 quem
1160 2618 1197 2678 ad
1221 2617 1341 2678 modum
1364 2619 1472 2679 Parcas
1499 2617 1617 2678 dicimus

332 2723 368 2784 ab
392 2742 437 2792 eo,
461 2723 537 2805 quod
554 2742 613 2784 non
629 2731 766 2803 parcant3
791 2721 858 2781 ideo
880 2721 1006 2782 dicimus
1029 2727 1058 2781 et
1073 2719 1226 2802 deponens
1242 2719 1365 2782 verbum
1382 2721 1450 2797 quia
1466 2719 1616 2780 rlitteram

332 2846 391 2887 aron
414 2826 549 2905 deponat.
594 2824 782 2887 falsissimum
806 2832 860 2884 est.
906 2842 963 2901 qrra
986 2825 1130 2904 rationel
1163 2826 1188 2883 sl
1211 2826 1290 2885 euim
1313 2823 1380 2883 ideo
1402 2823 1510 2883 dicitur
1532 2822 1616 2901 depo·

332 2948 405 2989 nens
428 2928 559 2999 verbum,
584 2930 651 3005 quia
675 2946 690 2987 r
713 2926 841 2989 litteram
865 2946 924 2987 non
947 2926 1082 3005 deponit,
1112 2928 1216 3007 incipit
1238 2933 1269 2987 et
1290 2944 1449 2986 commune
1471 2925 1617 3003 deponens

333 3050 406 3089 esse
452 3050 520 3091 nam
543 3031 710 3091 conmmuia
735 3027 822 3088 verba
847 3048 861 3089 r
883 3046 1045 3105 vvrrmrpram
1074 3029 1236 3109 (tepuerunt.
1283 3028 1388 3097 vador,
1415 3026 1534 3106 quando
1554 3027 1647 3085 dirce
1709 3011 1710 3048 ³

331 3132 438 3192 ‘varior
461 3133 497 3193 ad
521 3132 688 3199 imlirium',
712 3130 740 3190 id
766 3137 810 3190 est
832 3131 1028 3190 vadimonium
1050 3132 1200 3209 promitto,
1226 3129 1368 3209 numquid
1383 3148 1507 3209 possum
1522 3128 1618 3188 dicere

332 3233 421 3303 ‘vado
444 3232 525 3294 illurn
548 3234 583 3293 ad
607 3232 786 3292 iudicium’?
810 3212 948 3302 osculor,
972 3233 1113 3310 rrrrrnquid
1137 3252 1257 3311 possum
1280 3232 1381 3293 dicere
1404 3231 1521 3292 osculo?
1550 3250 1616 3308 ergo

333 3336 436 3396 laisum
461 3345 514 3395 est.
558 3352 650 3411 qrrare
673 3352 743 3411 crgo
767 3333 875 3394 dicitur
899 3335 1022 3396 verbum
1045 3335 1218 3413 ‹lrpcuensi
1253 3336 1391 3410 quoniam
1413 3333 1534 3413 deponit
1553 3351 1616 3411 par·

235 3420 238 3427 ¹
332 3439 464 3515 ticipium
489 3438 579 3497 luturi
603 3439 752 3515 temporis,
778 3437 856 3513 quod
880 3439 909 3497 in
933 3438 989 3498 dus
1012 3440 1079 3497 exit.
1126 3445 1195 3516 {tuta
1218 3436 1337 3515 loquor,
1367 3437 1413 3497 lac
1435 3436 1616 3515 participium

332 3558 473 3619 praesens
496 3539 630 3615 loqueris,
654 3540 847 3616 praeteritum
871 3537 1002 3608 locutus,
1027 3541 1159 3600 futurum
1183 3540 1348 3605 locuturus:
1371 3536 1538 3617 loquendus
1560 3553 1649 3595 nona>

331 3643 409 3702 iacit.
454 3651 522 3719 puta
551 3642 625 3720 siqui
650 3640 728 3700 dicat
751 3643 931 3719 ‘posteritati
961 3640 1130 3721 loquendt'‚
1160 3642 1227 3701 dico
1255 3640 1449 3701 soloecismus
1477 3647 1532 3709 est,
1565 3636 1616 3697 sed

331 3743 474 3803 dehemus
501 3743 600 3802 dicere
629 3745 812 3821 ‘posteritati
840 3742 993 3804 locuturi'.
1038 3762 1110 3820 ergo
1137 3742 1260 3804 verbum
1288 3744 1441 3822 deponens
1468 3760 1527 3803 nou
1552 3739 1616 3800 ideo

331 3846 446 3915 dicitur,
471 3844 548 3922 quod
572 3862 631 3903 riou
655 3844 783 3922 deponat
805 3865 820 3904 r
843 3844 980 3916 litteram,
1005 3844 1058 3905 sed
1081 3847 1160 3922 qvvod
1177 3864 1269 3906 unum
1285 3846 1474 3925 participium
1494 3844 1617 3923 deponat

331 3948 367 4007 de
391 3948 506 4007 (luobus
529 3946 650 4014 tuturis;
674 3946 796 4026 deponit
818 3953 917 4007 autem
940 3945 1012 4007 illud
1037 3948 1115 4024 qrrod
1137 3950 1169 4007 in
1185 3948 1239 4007 devs
1254 3951 1322 4009 exit.
1352 3966 1509 4009 commune
1523 3954 1616 4006 autem

331 4049 454 4110 verbum
478 4058 523 4107 est
544 4048 623 4129 qued
646 4056 675 4109 et
696 4050 811 4126 agentis
841 4057 870 4109 et
896 4051 1034 4128 patientis
1061 4050 1304 4126 significationem
1321 4048 1469 4123 ,similiter
1496 4047 1650 4128 protentae

332 4160 363 4211 ut
386 4158 430 4210 est
452 4149 539 4220 illud,
576 4152 727 4211 criminor.
774 4159 870 4211 tamen
895 4152 984 4230 nequi
1006 4148 1061 4210 tibi
1083 4149 1194 4211 obiciat
1215 4153 1291 4232 apud
1320 4153 1460 4214 Statium:
1496 4148 1615 4228 legimus

338 4306 529 4313 u..—.-—...-.--.
542 4308 614 4312 ---.
626 4307 632 4312 .

402 4392 413 4441 l
435 4392 484 4440 nisi
501 4392 564 4441 iltius
582 4390 654 4441 BCa
674 4390 723 4438 uisi
743 4390 768 4437 in
787 4389 852 4439 duas
867 4390 891 4439 Α
962 4389 978 4437 3
999 4405 1061 4451 quaa
1079 4390 1133 4439 dixi
1153 4390 1178 4439 id
1198 4399 1237 4439 est
1254 4390 1314 4441 Ba:
1334 4392 1359 4440 id
1378 4400 1417 4441 est
1434 4408 1481 4441 om.
1501 4390 1550 4440 AG

329 4464 344 4510 4
364 4461 439 4526 plinii
457 4478 526 4517 corr.
548 4462 626 4525 plenii
638 4460 664 4510 B
682 4460 749 4526 pleni
769 4461 793 4509 Α
864 4461 927 4510 aad
944 4460 987 4509 illu
1002 4462 1081 4523 (corr.
1099 4462 1155 4512 illas
1170 4460 1208 4525 B)
1221 4462 1331 4524 qrrinqne
1348 4463 1374 4509 A
1381 4461 1407 4510 B
1423 4463 1456 4511 ad
1476 4461 1532 4511 illus
1543 4461 1611 4523 quin·

329 4546 378 4593 qvae
398 4532 479 4583 resG
548 4531 687 4583 lustendo
706 4530 763 4579 AB
835 4530 865 4580 13
885 4531 931 4580 sed
950 4531 1062 4595 quuslG
1129 4532 1260 4597 passiuum
1280 4540 1318 4581 est
1341 4530 1549 4581 rlltternABC

331 4600 362 4651 14
378 4612 402 4651 et
418 4616 466 4650 non
486 4603 583 4667 aceepit
595 4618 607 4649 r
621 4602 645 4649 Α
659 4610 745 4650 elnon
760 4600 866 4665 recipiat
881 4618 894 4649 r
911 4602 1017 4650 litteram
1033 4602 1092 4651 BC:
1111 4600 1220 4651 litterum
1234 4617 1279 4651 om.
1296 4602 1329 4663 A,
1343 4600 1403 4655 edd,
1417 4618 1434 4650 a
1489 4602 1520 4653 16
1534 4601 1610 4649 ecrite

329 4678 354 4719 et
375 4673 472 4720 scribor
489 4673 512 4719 in
530 4674 607 4721 litura
619 4672 643 4720 Α
698 4672 730 4722 17
746 4671 851 4719 redeunt
865 4668 952 4721 nea*
972 4670 1117 4719 redeuntA
1188 4671 1222 4723 29
1242 4671 1319 4721 lutari
1338 4674 1459 4736 temporis
1476 4672 1571 4734 quaudo
1587 4671 1611 4716 iu

328 4741 376 4789 dus
392 4743 445 4789 exit
458 4742 482 4788 Α
503 4740 580 4791 loturi
601 4742 720 4805 temporis
738 4742 794 4790 idco
813 4756 874 4806 ergo
893 4742 987 4790 dicitur
1005 4742 1112 4790 uerbum
1132 4742 1263 4807 deponens
1279 4742 1348 4805 quod
1368 4744 1505 4805 (quoniam
1518 4742 1541 4791 B
1555 4741 1570 4802 d
1581 4737 1610 4802 a)

329 4810 434 4874 deponit
453 4812 614 4875 participium
635 4812 710 4861 loturi
730 4812 851 4875 temporis
875 4811 943 4875 quod
966 4812 991 4859 io
1015 4812 1064 4861 dus
1082 4813 1134 4860 exit
1151 4812 1221 4863 nea
1298 4812 1333 4862 36
1351 4828 1382 4861 ne
1401 4812 1462 4874 quid
1482 4813 1525 4861 tihi
1542 4812 1564 4859 Α
1583 4824 1610 4857 ne

328 4882 372 4943 qui
393 4880 456 4930 illud
474 4880 519 4930 tibi
537 4883 641 4933 coniecit
661 4882 845 4931 Lindemmmue
