3525 5600
718 339 954 402 conuenerit
1426 335 1485 399 191

1301 459 1322 500 p.
1336 447 1425 488 tia-so
1439 444 1462 485 1.

197 527 229 590 ad
251 528 389 606 regulas?
411 536 575 608 sequuntur
596 529 759 590 rationem:
781 529 855 589 istae
877 526 999 606 regulae
1020 528 1156 588 inventae
1178 534 1255 596 sunt,
1278 533 1311 587 ut
1331 526 1485 596 sciremus,

196 648 280 711 quem
310 630 345 691 ad
373 631 493 692 modum
522 631 642 694 nomina
670 627 869 692 declinentur.
912 631 938 691 si
963 629 1014 691 illa
1047 630 1167 690 nomina
1194 647 1254 690 non
1288 627 1484 697 declinantur,

196 732 262 810 quid
289 735 441 813 pertinent
468 732 504 793 ad
532 731 670 812 regulas?
698 733 755 793 rite
784 731 819 792 ad
849 731 967 810 regulas
989 749 1049 792 non
1071 732 1231 810 pertinent.
1276 731 1347 792 item
1370 747 1447 808 quae
1469 739 1587 805 a435,4

196 834 314 896 Graecis
335 837 529 915 sumpsimus,
553 835 588 896 ad
611 834 729 912 regulas
753 852 812 894 non
835 834 996 914 pertinent.
1039 833 1096 894 hoc
1118 834 1214 912 perite
1238 832 1242 914 Ι
1265 833 1403 893 lecerunt
1424 851 1485 893 ma·

173 938 270 998 siores
293 939 398 998 nostri.
429 936 574 1004 emblema
597 938 794 1016 epigramma:
824 954 858 996 ea
880 937 1000 996 nomina
1023 941 1186 1014 quaesunt
1210 951 1316 1013 graeca
1339 934 1375 994 ad
1397 951 1485 1012 regu·

193 1039 233 1100 las
257 1057 318 1100 uon
341 1041 501 1117 pertinent.
548 1047 577 1099 et
598 1038 655 1100 boo
678 1039 764 1099 iuste.
809 1055 867 1116 qua
889 1038 1024 1099 rational
1054 1038 1173 1098 nomina
1196 1055 1303 1116 graeca
1326 1035 1484 1097 ablativum

194 1140 371 1220 singularem
394 1159 454 1202 nou
476 1139 602 1209 babent;
633 1140 763 1200 diximus
787 1139 925 1218 superius
951 1141 1091 1218 quoniam
1114 1141 1246 1219 quinque
1267 1135 1379 1200 babent
1400 1157 1485 1200 casus

193 1251 313 1305 tanturn.
358 1243 413 1304 bae
441 1251 539 1303 autem
567 1240 689 1320 regulae
716 1240 833 1302 ablativi
856 1246 926 1301 sunt
948 1239 1115 1319 singularis.
1160 1243 1218 1302 rite
1240 1259 1311 1320 ergo
1334 1259 1393 1302 uon
1415 1261 1483 1331 pos·

192 1353 256 1407 sunt
283 1345 333 1408 illa
363 1347 497 1414 nomina,
529 1363 604 1424 quae
628 1351 731 1406 carent
752 1341 878 1404 ablativo
901 1361 970 1404 casu
994 1342 1152 1421 singulari,
1177 1344 1310 1422 pendere
1332 1364 1348 1406 a
1371 1343 1482 1422 regula.

161 1446 259 1532 toillud
284 1449 372 1508 etiarn
396 1448 472 1508 scire
494 1445 601 1519 debes,
627 1443 735 1528 [quod]
760 1445 833 1507 baec
856 1447 990 1515 nomina,
1015 1464 1091 1526 quae
1106 1447 1214 1507 Graeci
1236 1444 1410 1506 neutraliter
1432 1445 1483 1504 de·

193 1550 353 1619 olinarunt,
383 1549 504 1611 Latinos
532 1551 620 1611 etiarn
648 1550 791 1610 feminine
818 1547 937 1608 dixisse.
983 1545 1143 1609 emblema:
1173 1548 1279 1609 Graeci
1301 1546 1404 1607 dicunt
1425 1545 1483 1608 boc

193 1651 350 1721 emblema,
375 1652 471 1713 Latini
494 1650 633 1712 dicebant
647 1649 720 1712 haec
736 1648 897 1718 emblema;
922 1649 1029 1710 Graeci
1043 1650 1145 1711 dicunt
1159 1648 1217 1710 boc
1230 1649 1364 1718 schema,
1387 1633 1484 1710 Latini

193 1752 327 1816 dicebant
350 1753 423 1814 baec
445 1753 580 1823 schema:
603 1753 662 1814 boc
676 1770 796 1832 pegma,
819 1749 965 1812 diadema.
995 1750 1088 1812 babes
1103 1751 1237 1831 exempla
1254 1751 1480 1813 innumerabilia

192 1863 219 1916 et
243 1855 321 1935 apud
344 1855 478 1918 Plautum
508 1863 537 1916 et
565 1854 643 1935 apud
671 1857 809 1932 antiquos
841 1861 871 1915 et
899 1872 934 1914 ex
962 1852 1060 1931 aliqua
1088 1862 1172 1933 parte
1194 1853 1272 1933 apud
1296 1855 1479 1916 Ciceronem.

161 1976 254 2018 isnaru
283 1959 325 2019 ait
351 1957 472 2019 Plautus
501 1957 664 2038 ‘processit
691 1957 857 2019 Mercurius
890 1975 957 2017 cum
991 1953 1091 2016 servili
1122 1955 1272 2018 selrema'.
1316 1957 1341 2016 si
1374 1973 1482 2034 graece

191 2059 379 2132 declinasset,
404 2065 489 2120 ‘eum
512 2059 680 2120 sebemate’
703 2059 817 2120 diceret
848 2057 877 2140 [a
900 2076 1006 2136 graec-a
1030 2057 1241 2138 declinatione]
1265 2077 1282 2119 a
1302 2076 1425 2138 graeco,
1450 2067 1483 2119 ut

193 2150 306 2223 teneret
332 2179 426 2240 genus
454 2168 602 2223 neutrum.
647 2146 739 2222 babes
769 2169 798 2222 et
826 2162 855 2220 in
880 2160 1023 2221 Cicerone
1046 2161 1099 2220 ‘tu
1122 2158 1165 2220 de
1187 2161 1478 2239 peripetasmis’.

191 2264 213 2323 si
240 2271 318 2324 esset
345 2273 499 2334 neutrum,
534 2263 571 2324 ab
599 2263 656 2324 boc
683 2266 913 2344 peripetasmate
942 2262 1067 2333 iaceret,
1098 2261 1144 2322 bis
1172 2269 1201 2322 et
1229 2261 1266 2322 ab
1294 2260 1341 2322 bis
1362 2264 1479 2342 peripe-

190 2364 366 2427 tasmatibus.

159 2571 179 2610 ro
549 2603 552 2608 ¹
705 2548 752 2596 un
776 2547 957 2596 araneam

270 2654 375 2733 Incipit
397 2637 525 2715 tractare
548 2653 751 2732 deranalogia.
788 2654 860 2716 dicit
881 2653 969 2735 plane
992 2655 1273 2734 ‘qrrotienscumque
1295 2655 1596 2721 canonicariae

190 2754 347 2828 declinare,
376 2735 502 2838 sequere
530 2755 723 2837 analogiam'.
770 2775 844 2835 quae
873 2764 919 2818 est
945 2755 1097 2835 analogia?
1125 2759 1298 2836 conparatio
1326 2755 1476 2819 similium.

189 2857 274 2919 latine
295 2862 451 2939 proportio
474 2860 595 2922 dicitur:
625 2858 758 2939 analogia
785 2877 906 2939 graece,
935 2859 1026 2920 latine
1053 2862 1215 2939 proportio.
1259 2859 1311 2921 sed
1334 2862 1373 2920 ita
1397 2860 1477 2921 illam
1582 2926 1586 2930 ,

189 2958 297 3031 delinit,
322 2960 474 3041 ‘analogia
498 2968 542 3021 est
562 2962 762 3040 conparatio’.
799 2962 830 3021 nt
852 2968 920 3021 octo
942 2960 1053 3021 modis:
1082 2970 1115 3023 ul
1136 2963 1195 3023 siut
1216 2981 1267 3022 sex
1289 2961 1357 3022 illae
1379 2971 1478 3043 partes

157 3079 259 3139 equae
288 3064 426 3125 accidunt
453 3064 567 3125 nomini
595 3065 719 3132 similes:
747 3080 798 3124 sex
828 3072 926 3124 autem
955 3064 1093 3125 accidunt
1121 3065 1233 3126 nomini
1260 3065 1329 3135 ista,
1353 3064 1478 3145 qualitas

189 3166 356 3245 conparatio
379 3184 474 3245 genus
496 3183 638 3227 numerus
660 3166 751 3243 figura
775 3182 873 3235 casus,
898 3184 968 3226 ecce
983 3184 1033 3225 sex
1049 3175 1163 3246 partes:
1187 3168 1282 3229 exitus
1298 3166 1477 3246 syllabarum

188 3274 217 3325 ut
237 3268 273 3327 sit
294 3266 413 3337 similis3
436 3275 505 3347 puta
528 3266 599 3328 illud
623 3268 653 3326 in
677 3285 713 3327 us
736 3268 795 3327 erit
817 3274 846 3327 et
866 3266 938 3327 illud
961 3269 992 3328 in
1015 3286 1063 3329 us:
1086 3268 1332 3348 paenultimarum
1354 3272 1430 3330 ratio
1445 3279 1477 3332 ut

187 3369 221 3427 sit
240 3367 358 3439 similis,
381 3378 413 3431 ut
435 3377 482 3430 aut
506 3368 621 3429 vocales
645 3366 804 3449 [syllabae]
827 3370 886 3429 sint
908 3376 959 3430 aut
980 3380 1192 3432 consonantes:
1217 3371 1324 3432 deinde
1347 3379 1380 3433 ut
1401 3381 1475 3433 tem·

187 3487 253 3549 pora
281 3470 338 3531 sint
365 3470 489 3539 similia;
518 3472 543 3531 si
573 3469 621 3531 illa
651 3469 750 3531 brevis
772 3481 830 3545 est,
856 3479 885 3531 et
906 3470 956 3531 illa
980 3470 1077 3533 brevis
1099 3475 1146 3534 sit.
1192 3474 1229 3534 de
1250 3475 1315 3535 istis
1337 3473 1475 3535 omnibus

156 3571 272 3632 sorebus
300 3574 324 3633 si
351 3592 444 3634 unum
472 3574 569 3633 minus
591 3572 694 3638 luerit,
725 3574 783 3632 iam
806 3590 866 3633 non
890 3580 947 3633 stat
969 3574 1117 3652 analogia;
1141 3575 1177 3637 de
1199 3576 1247 3637 bis
1269 3576 1373 3647 rebus,
1397 3595 1472 3657 quae

187 3674 296 3750 positae
322 3682 392 3735 sunt
420 3673 497 3754 apud
528 3675 700 3745 Caesarem,
730 3674 826 3755 siquid
855 3674 954 3735 minus
981 3676 1085 3743 luerit,
1115 3678 1171 3735 iam
1201 3696 1262 3739 raon
1287 3677 1377 3739 stabit
1399 3680 1473 3739 ratio

252 3931 264 3979 1
286 3940 423 3991 aequantur
442 3929 526 3980 ΑΒΘ
593 3928 609 3979 3
629 3929 689 3991 qnid
708 3930 835 3994 pertinent
853 3929 888 3979 dc
906 3929 974 3992 quod
999 3931 1127 3994 pertinent
1146 3932 1185 3982 Cu
1205 3947 1283 3995 qnare
1300 3934 1428 3999 pertinent
1446 3932 1471 3980 Α

187 4013 246 4059 qliae
264 3998 431 4064 pertinentB
501 3999 569 4049 liud
594 3996 963 4066 regulasBadregulamG
1033 4001 1066 4052 10
1083 4001 1279 4051 declinenturG
1347 4003 1377 4053 ll
1397 4001 1470 4051 lemi-

188 4068 241 4116 nino
255 4068 280 4116 Α
300 4068 446 4118 lemininum
467 4067 555 4118 olem
575 4068 598 4117 B
672 4070 701 4119 te
717 4084 802 4119 scema
820 4078 965 4120 constanter
982 4070 1008 4121 B
1096 4073 1128 4123 13
1146 4071 1336 4121 irrrrumerabilia
1354 4081 1382 4120 ut
1401 4074 1470 4137 apud

188 4138 264 4189 ABG
352 4140 383 4189 11
408 4138 1089 4207 etepudantiquosBCo*autapmlaritiqoosA
1178 4142 1210 4190 15
1228 4141 1363 4208 processit]
1384 4145 1469 4193 Plorat.

188 4208 383 4272 implicuerat
403 4209 452 4259 117
523 4209 556 4259 ld
572 4210 726 4260 declinasset
741 4210 822 4260 ABG
839 4211 1029 4261 declinaretur
1099 4212 1131 4274 da
1150 4226 1242 4279 graeca
1260 4212 1430 4261 declinatione
1445 4214 1471 4263 B

251 4278 397 4327 retineres
417 4277 505 4329 ΑΒΘ
572 4281 597 4329 iu
618 4278 749 4345 Cicerone]
769 4284 794 4330 in
818 4282 896 4330 Verr.
916 4289 965 4331 act.
984 4297 1035 4334 see.
1054 4283 1097 4330 1111
1120 4284 1163 4343 1⁶2,
1182 4283 1217 4330 28
1236 4296 1302 4329 rrrtnc
1319 4282 1350 4331 de
1368 4282 1471 4348 peripe-

188 4348 295 4397 tasmatis
319 4362 391 4411 quem
412 4348 567 4397 admodum
591 4358 614 4399 te
639 4351 761 4415 expedias
786 4365 834 4399 non
852 4350 932 4401 babes
1020 4353 1051 4399 de
1069 4352 1254 4415 perepotasmis
1273 4350 1296 4397 Α
1383 4352 1418 4400 20
1437 4369 1469 4401 ue

188 4430 304 4466 rencourt
323 4418 358 4475 (id
383 4426 421 4467 est
438 4419 500 4469 add.
516 4414 562 4481 a*)
588 4434 763 4470 eaueoarroue
788 4421 875 4486 incipit
902 4428 1009 4470 tractare
1026 4421 1058 4469 de
1077 4421 1197 4486 analogia
1215 4420 1240 4469 A
1261 4435 1318 4471 nece
1337 4437 1469 4473 reterens
1569 4433 1572 4438 ⁴

190 4501 217 4534 oe
234 4500 352 4537 aracosia
372 4486 426 4539 ΒΘ
494 4486 528 4538 23
551 4488 628 4538 latine
651 4490 781 4555 proportio
806 4490 899 4539 dicitur
917 4490 1035 4552 analogia
1056 4506 1148 4555 graece
1173 4492 1250 4541 latine
1270 4495 1401 4555 proportio
1423 4495 1469 4543 Ba

190 4555 258 4605 latine
276 4558 404 4621 proportio
423 4558 516 4608 dieitur
534 4558 668 4624 analogiae
686 4575 777 4625 graece
794 4558 870 4608 lartine
890 4561 1020 4624 proportio
1045 4561 1138 4610 dicitur
1155 4562 1176 4611 Θ
1192 4564 1356 4627 proportione
1375 4564 1469 4613 dicitur
1526 4614 1535 4633 .

191 4626 298 4692 analogia
317 4642 405 4691 graece
425 4628 502 4677 latine
520 4630 689 4694 proportioA
761 4629 964 4680 'iideiiniuitll
1027 4631 1143 4693 fer-iasar
1160 4632 1187 4680 lit
1206 4646 1296 4681 novem
1313 4633 1470 4693 modis,niei

188 4698 263 4756 potius
280 4698 341 4747 illud
356 4699 526 4762 neglegentiae
549 4700 705 4749 tribuendum
724 4708 761 4749 erl
779 4700 945 4767 prometiri,
966 4702 1009 4763 qni
1025 4708 1081 4753 erle
1102 4701 1189 4752 moder
1208 4717 1243 4751 ex
1255 4702 1339 4751 Servii
1351 4717 1467 4753 cominen-

192 4766 251 4815 mrio
269 4770 374 4831 recepit,
393 4783 480 4817 nonum
498 4774 542 4816 aot
558 4772 613 4831 ipre
634 4770 733 4819 eddidit
751 4776 795 4817 out
817 4771 919 4820 aliunde
935 4770 1023 4834 petiuit
1092 4772 1126 4821 25
1145 4771 1242 4822 similes
1259 4786 1305 4824 orn.
1321 4771 1400 4822 ΑΒΘ

75 4828 83 4855 ⁸
191 4832 220 4885 tt)
235 4842 258 4885 et
271 4836 313 4884 iiia
330 4837 412 4887 tarenis
431 4839 462 4887 sit
482 4838 554 4887 Alie
572 4848 596 4888 et
616 4840 658 4887 illo
678 4840 761 4888 breuis
778 4846 815 4889 eet
835 4840 856 4891 Θ
