3525 5600
352 371 392 438 12
908 377 1083 444 utuuotttt

377 483 542 541 ptentesii).

502 569 675 645 corniger
697 567 949 649 Hesperidum
973 568 1114 630 lluvius
1137 573 1317 646 regnator
1340 583 1512 646 aquarum

351 687 406 748 pro
427 667 523 730 lluvie.
560 670 770 731 nominativum
794 677 823 731 et
844 673 1005 733 vocativum
1029 669 1175 751 pluralem
1197 670 1316 748 generis
1339 667 1490 730 masculini
1512 675 1541 728 et
1556 667 1640 728 lemi-

350 771 414 830 nini
428 771 483 830 ini
504 770 586 841 lacit,
609 770 639 830 bi
656 781 716 832 eto
733 775 881 851 magistri,
905 773 960 834 bae
977 782 1006 834 et
1021 793 1038 834 o
1054 774 1169 834 iraxini.
1187 778 1227 814 -'
1251 770 1363 831 Casus
1386 779 1473 832 sunt
1494 788 1571 831 sex:
1596 777 1641 830 est

351 881 380 934 et
406 873 548 953 septimus
574 891 660 933 casus
687 873 806 936 ablativi
833 874 936 936 similis
964 878 1029 936 sine
1065 875 1296 954 praepositione,
1329 880 1361 932 ut
1390 869 1518 933 volocior
1546 889 1641 950 equus

350 993 442 1053 equo,
471 993 531 1035 non
559 973 596 1035 ab
621 992 707 1053 equo.
745 986 789 1038 est
816 987 847 1038 et
875 987 994 1040 octavus
1022 977 1110 1038 dativi
1138 975 1257 1045 similis,
1286 977 1337 1055 qni
1371 974 1527 1034 accusativi
1554 991 1669 1034 cususs

350 1084 555 1157 repraesentat
571 1079 701 1156 speciem
718 1090 747 1139 et
760 1080 831 1141 iacit
845 1079 1050 1149 elocutionem,
1067 1087 1099 1140 ut
1120 1079 1165 1138 ‘it
1186 1077 1324 1139 clamor
1346 1070 1481 1146 caelo’,'
1499 1075 1528 1136 id
1544 1084 1589 1137 εει
1604 1075 1642 1136 ad

236 1195 293 1256 sos,
308 1195 338 1243 11
353 1175 476 1240 caelum.
496 1212 533 1222 -
550 1178 794 1241 Nominativi:
814 1187 819 1257 Ι
839 1190 944 1246 neutra
967 1183 1085 1243 nomina
1107 1188 1167 1242 tam
1182 1181 1213 1240 in
1228 1178 1369 1257 singulari
1384 1197 1470 1258 quam
1487 1179 1516 1238 in
1533 1176 1641 1256 plurali

350 1299 475 1342 numero
498 1288 559 1341 tres
586 1299 671 1342 casus
697 1282 808 1344 similes
837 1284 959 1355 babent,
985 1285 1194 1346 nominativum
1230 1284 1432 1342 accusativum
1464 1279 1641 1341 oocotinam.

307 1390 394 1439 tt·-
414 1383 550 1444 Abhoc
578 1389 614 1444 et
635 1381 677 1442 ab
699 1382 765 1444 bac
788 1393 824 1447 et
845 1386 887 1446 ab
911 1387 977 1446 hoe
999 1385 1118 1446 ielici:
1150 1382 1294 1445 ablativus
1322 1381 1479 1460 singularis
1505 1383 1640 1442 inomni
1703 1447 1706 1454 Ι

350 1501 493 1563 generee
516 1491 545 1544 et
566 1484 576 1543 i
598 1502 786 1546 communem
816 1487 905 1548 babet
927 1495 1049 1568 propter
1071 1489 1240 1566 genetivum
1263 1483 1421 1563 pluralem,
1450 1485 1501 1564 qui
1524 1485 1555 1544 in
1578 1486 1641 1543 ium
1656 1505 1680 1542 ιο

351 1585 444 1647 vadet.
481 1592 511 1646 ει
532 1604 603 1647 sane
625 1587 779 1649 sciendum
807 1591 839 1648 in
862 1588 988 1650 ablativo
1010 1588 1153 1666 singulari
1175 1588 1329 1668 participia
1350 1587 1430 1646 iuxta
1452 1587 1640 1664 superiorem

349 1687 475 1748 formam
497 1690 528 1748 in
552 1707 569 1750 e
591 1690 687 1759 exire,
710 1692 883 1752 nominoio
907 1692 926 1751 i.

436 1789 606 1851 Praefectus
622 1790 704 1852 urbis
717 1792 923 1854 rationabilius
939 1792 1045 1854 dicitur
1059 1811 1147 1874 quam
1162 1792 1328 1872 praelectus
1342 1789 1425 1861 urbi,
1449 1793 1515 1872 quia
1531 1810 1641 1853 nomen

352 1898 397 1952 est
423 1892 586 1970 dignitatis,
622 1912 682 1953 non
710 1896 911 1975 participium.
956 1895 1005 1956 bic
1028 1897 1107 1955 enim
1134 1901 1179 1955 est
1205 1893 1388 1972 praelectus,
1423 1911 1510 1973 quem
1535 1893 1641 1955 Graeci

350 1986 503 2074 ὕπαρχον
524 1993 639 2064 dicunt,
664 2005 697 2056 ut
717 1996 851 2058 videatur
874 1998 992 2076 praeire
1016 2015 1134 2066 omnes,
1164 2012 1224 2057 non
1248 2013 1283 2056 ex
1307 2013 1342 2056 eo
1372 1995 1449 2075 quod
1472 1996 1642 2075 praelectus
1656 2011 1681 2051 ιε

350 2096 389 2155 sit
411 2097 529 2157 civitati.
567 2095 643 2157 adde
671 2097 748 2177 quod
772 2099 875 2160 Cicero
899 2100 1090 2160 verrinarum
1118 2099 1260 2179 septimo,
1290 2097 1320 2159 id
1349 2104 1395 2157 est
1416 2097 1640 2178 suppliciorum,

351 2197 422 2258 dicit
436 2199 543 2259 totiens
564 2199 749 2278 ‘praelectus
770 2199 889 2262 classis’
911 2209 940 2262 et
961 2201 1146 2281 ‘praelectus
1160 2199 1299 2262 classium
1315 2199 1509 2260 Cleomenes’.
1533 2199 1643 2260 deinde

353 2297 416 2378 lde
439 2300 539 2360 luturo
566 2301 717 2379 praelecto
744 2301 815 2383 quid
843 2303 942 2364 dices?
971 2303 1036 2363 ‘bic
1064 2303 1233 2382 praelectus
1256 2301 1409 2363 iaciendos
1438 2307 1484 2362 est
1511 2303 1643 2362 crastino

351 2401 424 2461 die’.
448 2419 507 2481 quo
521 2401 610 2462 modo
626 2401 684 2462 duo
699 2411 831 2484 tempora
848 2404 905 2466 sibi
919 2407 1067 2491 contraria
1083 2403 1254 2474 contundes,
1271 2404 1463 2484 praeteritum
1476 2403 1642 2480 perlectum

351 2512 381 2564 et
394 2504 546 2565 loturum?
566 2503 762 2566 tribus-enim
778 2503 964 2584 temporibus
980 2507 1133 2585 participia
1154 2513 1298 2570 constant.
1322 2506 1491 2586 praelectus
1508 2505 1533 2564 si
1549 2507 1641 2583 parti·
1656 2525 1682 2564 eo

350 2607 432 2686 pium
447 2605 556 2667 dixeris
568 2609 766 2682 praeteritum
775 2607 956 2684 perfectum,
979 2616 1007 2668 et
1028 2607 1159 2670 iutu'rum
1175 2616 1231 2679 est,
1256 2615 1286 2668 et
1300 2625 1359 2667 non
1375 2613 1468 2687 potes,
1484 2613 1643 2686 antequam

351 2709 409 2776 stat,
426 2707 527 2769 dicere
541 2709 661 2771 iactum.
672 2779 675 2786 .
686 2711 784 2770 eterit
797 2727 916 2780 nomen,
932 2729 994 2782 uon
1008 2712 1205 2791 participium,
1222 2729 1280 2792 quo
1294 2709 1475 2789 iungendum
1492 2717 1536 2769 est
1551 2727 1643 2787 gene-

352 2812 410 2872 tivo
425 2812 520 2880 casui,
545 2829 605 2872 non
619 2812 725 2874 dativo.
770 2831 839 2873 nam
855 2815 880 2874 si
895 2811 1023 2874 volueris
1045 2813 1129 2875 verbi
1144 2814 1237 2893 gratia
1253 2812 1325 2875 mibi
1341 2812 1441 2873 dicere
1457 2814 1576 2873 ‘neseio
1592 2830 1644 2872 ur·

351 2912 429 2983 bem,
445 2914 594 2974 civitatem
609 2915 677 2974 novi
692 2913 779 2983 dici’,
796 2922 826 2974 et
840 2916 1002 2995 quaesieris
1015 2935 1031 2977 a
1042 2934 1089 2976 me
1105 2917 1168 2996 ‘qui
1183 2916 1342 2985 transiitt’,
1359 2915 1498 2975 nimirum
1511 2914 1646 2975 dictonis

351 3014 404 3075 tibi
420 3033 486 3075 snm
500 3017 667 3095 praelectus
682 3017 815 3077 civitatis.
844 3017 989 3095 numquid
1012 3018 1089 3079 bene
1113 3016 1193 3088 dico,
1217 3019 1242 3077 si
1264 3016 1367 3078 dixero
1388 3017 1556 3097 praelectus
1571 3019 1643 3078 civi·
1659 3037 1683 3075 as

350 3118 421 3177 tati?
437 3116 573 3178 similiter
588 3120 676 3179 etiam
691 3118 858 3197 praelectus
873 3121 1014 3199 praetorii
1029 3119 1089 3180 dici
1105 3118 1208 3188 debet,
1226 3137 1285 3179 non
1300 3119 1467 3198 praelectus
1482 3121 1643 3198 praetorio,

350 3219 390 3278 ita
412 3226 445 3279 ut
466 3219 652 3299 praepositus
673 3218 814 3291 cubiculi,
838 3239 898 3281 non
922 3220 1068 3282 cubiculo.
1099 3220 1149 3282 ille
1171 3240 1239 3283 nam
1259 3218 1263 3303 Ι
1284 3219 1341 3281 dici
1364 3220 1453 3281 debet
1474 3221 1646 3301 praelectus

278 3338 282 3343 ·
351 3328 401 3381 aut
422 3322 531 3382 civitati
554 3329 605 3384 aut
625 3323 790 3401 praetorio,
818 3324 869 3403 qui
898 3324 1101 3403 superpositus
1123 3322 1212 3383 luerit
1233 3342 1249 3383 a
1272 3323 1421 3403 praelecto
1443 3320 1489 3383 vel
1510 3322 1646 3384 fabricae

350 3424 491 3503 praetorii
505 3422 550 3483 vel
565 3421 741 3485 victualibus
756 3425 889 3509 civitatis.
921 3444 980 3485 non
997 3426 1075 3485 anim
1090 3426 1201 3505 poteris
1223 3425 1324 3487 dicere
1347 3424 1383 3485 de
1405 3423 1541 3485 iaciendo
1556 3442 1644 3503 prae-

350 3524 428 3586 lecto
451 3526 535 3586 ‘cras
557 3526 613 3586 iste
634 3526 849 3605 praeficiendus
872 3536 917 3588 εει
939 3528 1074 3597 civitati',
1098 3526 1149 3587 sed
1173 3527 1247 3589 dicis
1270 3532 1353 3589 ‘cras
1374 3528 1431 3588 iste
1458 3526 1574 3588 futurus
1597 3534 1645 3587 est
1658 3548 1683 3585 ao

351 3627 529 3708 praelectus’
552 3634 602 3687 aut
624 3626 795 3689 ‘iaciendos
817 3636 862 3689 est
883 3631 1078 3709 praetectus’.

435 3728 598 3790 Proconsul
620 3746 636 3789 a
659 3729 776 3791 disertis
799 3730 876 3792 bene
899 3731 1015 3803 dicitur,
1039 3750 1099 3793 non
1121 3738 1154 3793 ut
1176 3730 1296 3809 quidam
1318 3736 1422 3809 putant
1443 3730 1492 3791 hic
1514 3748 1644 3811 procon-

350 3829 416 3892 sule
437 3830 511 3901 dici,
541 3832 610 3910 quia
632 3849 741 3892 nomen
769 3839 813 3892 est
840 3831 1002 3911 dignitatis,
1034 3852 1093 3895 non
1120 3830 1176 3893 sub
1199 3830 1311 3893 duabus
1332 3830 1468 3911 partibus
1490 3834 1643 3902 orationis,

350 3932 402 3994 sed
425 3933 481 3994 sub
503 3951 571 3994 una.
601 3952 669 3994 nam
692 3936 717 3994 si
739 3933 850 3995 dixeris
871 3934 1064 4013 proconsule,
1094 3935 1150 3996 erit
1178 3941 1372 4014 monoptoton
1396 3932 1561 3995 secundum
1585 3934 1642 3995 llo-

351 4044 452 4096 natum
475 4042 505 4095 et
526 4034 614 4105 alios,
638 4037 688 4116 qui
712 4036 814 4097 dicunt
835 4055 870 4097 ea
892 4044 976 4117 parte
999 4035 1141 4097 declinari
1164 4055 1287 4106 nomeu,
1317 4055 1372 4116 qua
1395 4037 1536 4097 fueritin
1560 4055 1641 4097 com·
1657 4059 1683 4095 at

350 4139 498 4219 positione
524 4155 610 4199 casus
637 4140 841 4199 nominativus.
888 4137 1046 4203 absurdum
1081 4140 1170 4217 igitur
1204 4140 1261 4199 erit
1292 4138 1392 4199 dicere
1425 4142 1459 4198 ‘a
1492 4140 1644 4217 praetorio

420 4342 733 4395 ood.Bem.15—d*.
806 4344 991 4409 lesperidnm
1067 4346 1149 4409 2pro
1171 4343 1265 4393 duuiao
1335 4341 1400 4392 bio
1426 4358 1472 4395 om,
1546 4344 1643 4393 teto

353 4414 467 4479 magistri
484 4413 548 4464 ltaec
569 4419 594 4462 et
609 4412 657 4463 lroc
676 4414 702 4462 .i.
722 4420 747 4464 et
764 4429 779 4461 o
797 4414 892 4464 fraxini
963 4419 1043 4463 etesi
1111 4417 1128 4463 4
1147 4412 1275 4463 abletiuus
1294 4413 1385 4462 similis
1456 4414 1472 4464 5
1488 4414 1548 4478 quie
1566 4427 1643 4461 erou-

351 4486 450 4534 satinus
520 4482 742 4547 deloquutiooem
811 4482 840 4549 it]
857 4485 887 4533 iit
957 4484 985 4533 id
1001 4481 1051 4549 est]
1067 4491 1093 4533 ut
1109 4493 1148 4533 est
1216 4482 1643 4533 8accusatiuumnocstiuumom.

421 4554 454 4603 10
467 4553 561 4603 habeut
631 4553 664 4603 14
684 4551 738 4619 hic]
756 4553 804 4605 boc
875 4554 907 4604 tt
926 4551 1122 4618 classim-clasis
1193 4554 1227 4603 20
1241 4562 1356 4602 contraut
1426 4554 1457 4603 21
1478 4554 1643 4619 praeteritum

353 4623 493 4689 perfeetum
512 4638 557 4676 om.
629 4623 663 4673 34
680 4632 855 4689 monoptoton
876 4640 945 4675 corr.
969 4638 1014 4673 ·on
1087 4624 1119 4673 36
1137 4623 1285 4675 nominatini

422 4795 439 4847 θ
456 4793 486 4862 it]
509 4798 588 4862 Verg.
605 4796 671 4850 Aen.
691 4798 713 4845 V
730 4797 779 4849 451
869 4799 903 4847 22
922 4795 989 4859 quod
1007 4795 1164 4861 iungendum
1182 4803 1220 4847 est
1239 4794 1374 4846 Pntscbitts
1463 4795 1497 4846 23
1515 4796 1643 4845 civitatem

354 4882 404 4917 non
421 4868 490 4932 novi,
506 4866 548 4916 dic
564 4869 669 4918 conbcit
685 4868 808 4932 Hagecns
877 4867 911 4918 34
930 4865 1069 4917 secandum
1085 4863 1223 4931 Donatum]
1241 4880 1267 4929 p.
1281 4864 1343 4924 377,
1362 4864 1393 4915 11
