3525 5600
496 381 689 444 excuncta
714 381 763 442 EX
785 381 901 443 cuttu
923 380 961 442 ΙΝ
983 381 1069 443 bun.
1366 377 1430 442 325

537 585 592 661 Ex
617 587 738 663 codice
764 587 933 660 Leidensi
963 589 1032 658 122

227 725 339 786 Artium
367 724 471 784 llonati
499 722 574 784 liber
603 725 643 784 ita
671 742 688 784 a
715 721 864 802 plerisque
892 724 1009 782 uitiatus
1037 729 1083 783 est
1109 729 1139 783 et
1159 731 1331 801 corruptus,
1360 721 1430 783 dum

152 845 220 886 tanus
249 827 374 905 spirisque
401 844 456 904 pro
484 823 567 886 libitu
595 843 650 886 suo
679 826 739 886 sive
769 843 804 886 ex
834 823 899 886 aliis
925 823 1096 886 auctoribus
1117 823 1195 904 quod
1219 825 1247 884 ei
1268 825 1361 884 vbum
1386 829 1432 885 est

152 927 269 997 addidit,
292 929 353 988 sive
369 925 581 988 declinationes
596 935 647 988 aut
662 927 886 1005 coniugationes
908 937 937 987 et
959 933 1057 988 cetera
1081 927 1168 988 buius
1190 924 1271 986 modi
1292 926 1429 994 inseruit,

130 1039 180 1090 aut
203 1031 256 1090 nisi
284 1031 314 1089 in
344 1030 473 1108 antiquis
500 1027 651 1090 codicibus
681 1031 726 1089 vix
756 1046 849 1109 purus
877 1035 907 1090 et
933 1030 1063 1107 integer,
1088 1036 1120 1089 ut
1140 1027 1178 1088 ab
1200 1046 1235 1088 eo
1258 1035 1304 1088 est
1325 1026 1430 1096 editus,

150 1133 315 1212 reperiatur.
345 1131 423 1211 quod
446 1149 484 1192 ne
506 1150 560 1192 nos
582 1150 700 1212 quoque
723 1133 829 1192 iecisse
851 1129 1018 1200 videamur,
1041 1149 1098 1210 qua
1121 1149 1156 1190 ex
1178 1147 1267 1190 causa
1291 1147 1432 1210 praesens

151 1234 351 1312 digesserimus
379 1232 571 1313 opusculum,
602 1232 730 1295 breuiter
760 1235 790 1294 in
819 1233 882 1294 elus
909 1231 1038 1293 liminari
1063 1230 1200 1310 paginola
1222 1231 1431 1310 exponendum

151 1355 209 1396 esse
231 1337 413 1396 censuimus.
458 1345 605 1397 noverunt
632 1354 735 1397 omnes
763 1335 814 1416 qui
842 1336 915 1395 artis
940 1333 1031 1394 buius
1061 1333 1237 1414 ampliorem
1259 1353 1348 1412 qoam
1376 1353 1431 1394 nos

151 1437 295 1498 scientiam
324 1440 451 1499 assecuti
477 1448 546 1500 sunt
574 1437 652 1516 quod
680 1439 812 1516 priorem
840 1444 935 1498 artem
956 1435 1126 1516 praedictus
1147 1436 1305 1514 artigraius
1326 1434 1365 1495 ob
1387 1437 1432 1497 in·

120 1540 335 1600 restructionem
357 1558 517 1619 puerorum
533 1539 589 1600 sub
604 1540 846 1618 interrogationis
869 1546 899 1599 et
921 1539 1123 1618 responsionis
1145 1539 1244 1618 specie
1267 1537 1432 1618 descripse-

151 1643 202 1711 rit,
224 1649 312 1722 prout
332 1641 444 1703 scilicet
466 1643 593 1720 ingeniis
608 1649 637 1702 et
652 1642 755 1704 studiis
770 1643 815 1702 sui
831 1642 975 1721 temporis
989 1639 1129 1702 sulllcere
1150 1639 1296 1701 iudicavit.
1329 1659 1432 1701 verum

150 1746 212 1823 qula
232 1763 286 1805 nos
308 1745 461 1822 nostrique
483 1743 594 1806 similes
621 1743 696 1805 adeo
724 1744 843 1806 obtunsi
866 1761 971 1806 sumus
993 1749 1022 1803 et
1043 1741 1181 1813 hebetes,
1205 1749 1238 1802 ut
1258 1740 1432 1836 plerqmque

152 1845 224 1922 quod
246 1843 424 1924 regulariter
439 1845 483 1908 vel
499 1849 684 1926 interrogare
706 1845 751 1908 vel
774 1844 958 1926 respondere
979 1847 1127 1924 possimus
1148 1846 1331 1922 ignoremus,
1347 1843 1432 1906 libel·

149 1947 203 2007 lum
224 1947 302 2008 bunc
325 1949 404 2008 iuxta
426 1949 599 2027 parvitatem
621 1967 727 2010 sensus
749 1949 843 2008 nostri
865 1945 1040 2025 collegimus
1060 1945 1240 2010 acutioribus
1262 1946 1382 2026 (quidem
1405 1953 1435 2006 et

118 2067 138 2105 rs
149 2049 344 2128 capacioribus
367 2050 488 2110 minime
511 2053 729 2122 necessarium,
753 2049 984 2130 simplicioribus
1013 2067 1083 2109 vero
1105 2055 1135 2108 et
1156 2049 1255 2110 miuus
1277 2049 1431 2129 promptis,

149 2157 283 2226 quantum
312 2153 527 2223 existimamus
557 2152 668 2214 utilem.
714 2153 826 2231 inquo
856 2159 886 2212 et
915 2151 1051 2213 ordinem
1073 2151 1199 2230 praelati
1220 2151 1351 2228 artigrali
1375 2159 1433 2210 tam

149 2253 177 2312 lo
200 2252 410 2331 interrogando
433 2272 521 2334 quam
550 2255 580 2316 in
608 2252 815 2334 respondendo
838 2255 1001 2324 tenuimus,
1031 2260 1062 2313 et
1082 2251 1273 2332 probationes
1294 2251 1435 2330 quasdam

148 2354 270 2431 parvulis
294 2363 324 2416 et
344 2356 553 2437 incipientibus
575 2358 756 2418 necessarias
779 2375 814 2417 ex
837 2355 929 2418 latere
952 2353 1168 2435 copulavimus,
1192 2362 1222 2414 et
1243 2361 1342 2414 cetera
1358 2373 1434 2434 quae

148 2455 230 2518 huius
255 2458 338 2518 modi
364 2459 521 2519 instructio
550 2465 689 2539 expetere
712 2455 880 2527 videbatur,
910 2459 1049 2538 quatinus
1070 2455 1185 2536 parvuli
1210 2455 1305 2517 bonae
1327 2454 1434 2516 indolis

116 2557 181 2617 asad
202 2560 286 2620 istium
313 2561 386 2621 artis
412 2579 445 2620 se
473 2559 604 2623 studium
633 2560 821 2622 conferentes
850 2579 885 2620 ea
907 2559 944 2621 de
966 2559 1075 2638 quibus
1097 2560 1310 2636 interrogaturi
1333 2567 1434 2618 essunt

148 2667 175 2720 et
195 2663 368 2740 responsuri
396 2663 452 2742 ipsi
479 2661 534 2724 sibi
563 2661 747 2742 aliquatenus
774 2661 901 2742 probare
930 2671 960 2722 et
986 2659 1141 2741 probando
1164 2659 1278 2722 lucilius
1300 2662 1433 2721 invenire

148 2771 276 2841 possent,
306 2771 335 2825 et
362 2763 419 2826 lroc
446 2766 529 2845 quasi
556 2763 626 2827 ludo
655 2764 808 2826 exercitati
824 2772 865 2837 ‚et
893 2765 1034 2827 exercitio
1063 2763 1182 2825 excitati
1211 2761 1248 2825 ad
1269 2763 1382 2825 maiora
1404 2770 1434 2824 et

148 2864 275 2945 pleniora
298 2866 442 2948 captanda
465 2868 572 2929 tierent
593 2866 802 2948 promptiores.

529 3122 583 3197 Ex
610 3124 731 3199 codice
756 3124 965 3197 Laurentino
992 3126 1040 3197 24

115 3274 136 3313 u
227 3260 286 3321 Sed
315 3258 449 3322 Valerius
477 3262 518 3321 ait
545 3259 790 3322 consuetudinem
818 3260 1001 3338 antiquitatis
1031 3260 1118 3321 etiam
1145 3259 1252 3326 luisse,
1280 3267 1314 3319 ut
1340 3275 1435 3337 paene

185 3398 315 3407 ...ψ--

214 3466 226 3515 1
248 3466 338 3517 Codex
357 3464 566 3515 commiretur.
584 3464 652 3527 publ,
672 3464 720 3515 122
743 3478 812 3515 socc.
833 3462 872 3513 X:
891 3464 926 3521 cs.
941 3464 1031 3527 praef.
1047 3480 1152 3529 prorum.
1167 3480 1191 3517 o.
1206 3464 1239 3513 lV
1254 3478 1283 3526 p.
1298 3461 1434 3525 xxxin

148 3534 179 3583 ll8
197 3536 294 3585 Anium
313 3534 402 3584 Donati
422 3535 484 3584 liber
505 3562 536 3571 —
557 3538 645 3584 tierent
663 3535 841 3601 promptiores.
863 3532 868 3600 Ι
889 3549 1016 3584 conannas
1032 3549 1212 3616 ons'xsrrcaa
1231 3550 1302 3583 sarrs
1323 3532 1328 3597 Ι
1349 3532 1435 3582 Partes

148 3607 264 3655 orationis
284 3613 346 3668 quot
364 3606 441 3655 suot?
461 3613 525 3654 octo.
545 3606 627 3668 quae?
645 3619 735 3654 nomeu
751 3618 890 3669 pronomen
910 3604 1016 3653 uerbum
1028 3604 1177 3654 aduerbium
1194 3602 1355 3670 participium
1374 3618 1434 3652 eon-

149 3676 235 3725 iunetio
254 3676 413 3741 praepositio
436 3676 585 3728 interiectio.
615 3675 728 3725 Donatus
747 3689 812 3737 quae
830 3688 889 3738 pars
908 3674 1030 3723 orationis
1048 3677 1104 3724 est?
1127 3689 1226 3727 nomeu.
1262 3688 1353 3722 nomeu
1373 3674 1435 3735 quid

148 3753 182 3793 est
199 3770 233 3783 -
248 3746 273 3805 f.
297 3746 345 3795 107
365 3754 424 3794 sunt
442 3752 467 3795 et
485 3744 548 3794 uliae
568 3742 691 3810 plurimae
715 3744 918 3793 interlectionum
938 3743 1138 3807 signilleationes
1154 3760 1219 3808 quoe
1238 3753 1322 3795 tamen
1342 3745 1380 3792 ex'
1395 3742 1435 3791 lrls

147 3824 260 3877 quattuor
279 3814 357 3864 ueluti
377 3814 528 3878 quibusdam
547 3816 765 3879 perturbationum
782 3812 895 3864 lontibus
913 3814 1044 3863 dimanare
1065 3824 1210 3864 noscuntur.
1248 3814 1435 3863 conuocaturum

148 3886 170 3934 ba
187 3886 280 3935 Donati
298 3892 378 3936 arten
392 3888 508 3937 sonorem

213 3972 244 4021 24
260 3970 350 4021 Godeo
366 3972 525 4022 Larentinam
542 3972 575 4021 24
593 3970 645 4035 (L)
664 3984 732 4020 aoec.
754 3970 803 4019 rx:
822 3970 857 4032 cf.
875 3971 961 4033 praes.
978 3986 1082 4035 prowm,
1102 3987 1125 4023 a.
1146 3970 1180 4019 ll'
1197 3988 1225 4034 p.
1246 3970 1327 4019 xllx
1345 3971 1367 4032 s.
1385 3968 1436 4021 at*

148 4043 171 4089 lu
188 4043 289 4091 nomine
304 4050 406 4091 sanctae
426 4042 546 4093 trinitatis
565 4042 655 4105 incipit
672 4041 798 4104 expositio
812 4040 944 4090 latinitatis
959 4038 965 4107 Ι
980 4042 1053 4090 tertia
1071 4040 1138 4105 incip
1153 4043 1275 4105 exposta
1290 4041 1384 4091 donato
1396 4039 1435 4103 (t)

149 4110 152 4175 l
168 4110 272 4161 Domine
290 4112 346 4161 lesu
366 4110 469 4171 christo,
487 4112 530 4175 qui
549 4126 596 4161 nos
609 4119 664 4160 octo
678 4120 734 4160 tuas
753 4110 886 4175 discipulis
905 4124 961 4159 cum
980 4113 1031 4159 tuis
1049 4110 1218 4159 beatitudines
1235 4112 1326 4160 docere
1344 4108 1435 4175 digno·

147 4192 184 4231 tus
202 4196 239 4241 es,
261 4182 384 4231 orationis
401 4183 509 4247 porticam
529 4183 632 4231 totidem
650 4180 741 4230 Donati
759 4180 920 4245 grammatici
940 4179 1002 4229 milri
1021 4181 1153 4231 scientium
1173 4181 1206 4231 ad
1224 4190 1282 4229 triae
1301 4194 1435 4230 ornamen-

147 4260 194 4299 tum
214 4246 355 4316 aapientiae
377 4261 402 4301 et
423 4252 531 4317 proximi
552 4252 693 4317 proiectum
711 4250 803 4300 uolenti
822 4250 1056 4314 expossittuucarlaa
1075 4265 1146 4299 meae
1166 4250 1285 4301 stillulam
1300 4250 1435 4299 infundere

148 4320 240 4383 gratiae
258 4330 316 4369 tuae
337 4334 383 4385 per
402 4322 520 4386 spiritum
541 4322 605 4371 scire
623 4320 655 4385 (t.
674 4318 801 4381 sanctum)
821 4329 920 4383 prestes
938 4347 969 4356 —
986 4320 1007 4381 s.
1024 4322 1058 4370 42
1076 4319 1160 4369 nolitis
1183 4335 1275 4382 quesso
1294 4329 1354 4386 post
1372 4334 1435 4381 quo-

149 4390 256 4439 rumdam
278 4390 439 4453 eloquentiae
459 4391 553 4440 eximla
571 4401 595 4440 et
619 4391 739 4440 scientiae
758 4390 863 4439 llumiua
885 4404 967 4438 meam
988 4390 1109 4439 stillulam
1128 4390 1153 4438 ln
1172 4390 1262 4439 Donati
1282 4400 1349 4439 artes
1367 4388 1434 4438 deci-
1465 4391 1473 4405 ⁰

148 4460 218 4508 duam
248 4460 343 4509 lrabere
372 4462 535 4526 contemptui.
572 4462 725 4525 quicumque
754 4460 820 4509 enim
845 4460 946 4508 lectioni
966 4460 1068 4510 deditus
1091 4459 1154 4507 lraec
1179 4459 1268 4509 eadem
1296 4460 1436 4521 eodemque

149 4530 230 4592 passui
253 4530 341 4580 sensui
363 4530 532 4579 intellexerint
554 4530 585 4595 (l.
605 4531 694 4580 eodem
718 4545 767 4593 quo
791 4531 864 4596 posui
883 4545 960 4579 sensu
980 4530 1158 4590 intellexerit),
1177 4529 1316 4593 quaerendi
1334 4529 1384 4578 alia
1403 4529 1436 4577 ad

150 4598 234 4648 Donati
253 4600 391 4649 editionem
408 4600 593 4666 explanandam
611 4601 769 4667 grammatici
788 4600 926 4649 secundam
946 4615 1050 4648 seerrrus
1069 4607 1136 4649 esset
1149 4599 1174 4663 (l
1186 4601 1203 4649 l.
1215 4598 1286 4661 erit).
1306 4599 1356 4647 nisi
1370 4598 1436 4647 iorte

150 4676 203 4717 sunt
222 4670 325 4733 quidam
345 4670 490 4737 indigentes
505 4671 589 4733 corde,
605 4672 648 4733 qul
668 4672 740 4736 prius
754 4670 828 4719 troam
848 4672 915 4719 uitae
931 4670 1062 4718 inueniunt
1074 4684 1148 4733 quam
1166 4670 1351 4731 quaestionum.
1372 4682 1436 4731 quo·

149 4752 200 4787 rum
220 4754 284 4790 nnus
306 4780 353 4795 ...
369 4782 374 4794 .
390 4783 395 4795 .
474 4741 518 4803 alt,
538 4754 583 4805 pro
601 4741 674 4791 dolor
693 4741 794 4803 quando
814 4741 890 4805 incipi
909 4740 941 4802 (t.
960 4738 1064 4804 incipio)
1084 4740 1148 4787 scire
1167 4749 1226 4789 tone
1247 4740 1341 4803 incipio
1361 4738 1433 4792 mori.

150 4808 206 4857 lauit.
223 4811 299 4859 Prius
314 4810 479 4876 [augmentum
492 4826 506 4859 e
519 4812 683 4874 praefatione
695 4812 862 4863 comentariu·
874 4810 906 4859 rte
917 4812 1042 4860 latinitate
1052 4812 1152 4871 petitum
1165 4826 1179 4859 e
1195 4811 1283 4860 codice
1301 4809 1437 4869 descripsit

150 4877 273 4929 rllartixus
292 4878 429 4939 uerutus·
448 4883 552 4931 atterum
570 4882 660 4932 editum
678 4890 716 4931 eat
737 4884 807 4932 anat.
823 4896 926 4946 gramm
951 4879 1060 4933 Vindob.
1075 4894 1104 4943 p.
1125 4880 1176 4931 ota
1253 4880 1287 4929 25
1305 4876 1432 4945 Valerius]
