3525 5600
516 402 716 465 Excutiens
739 401 942 464 sustulisti
967 398 1058 462 1-6
1366 398 1428 462 635

329 545 333 552 .
1243 507 1403 560 umus

136 605 247 664 graeco
269 607 305 650 ex
327 590 408 649 lonte
430 590 605 658 demamus,
637 598 671 651 ut
691 599 761 650 sunt
781 589 847 658 illa,
883 581 945 668 χρὴ
968 582 1088 666 πρέπει
1108 582 1212 667 μέλει,
1235 579 1297 667 χρὴ
1320 587 1429 665 πλεῖν,

136 682 200 768 χρὴ
229 685 468 764 παιδεύεσθαι,
497 685 558 771 χρή
582 691 752 771 πολεμεῖν,
780 685 901 771 πρέπει
923 695 1126 768 σωφρονεῖν,
1154 684 1273 768 πρέπει
1294 684 1428 768 νήφειν.

136 793 168 851 in
190 791 240 852 his
261 795 341 853 enim
363 811 419 852 uec
440 811 584 854 numerus
605 811 661 853 nec
682 810 810 872 persona
832 793 1032 870 significatur,
1061 791 1112 852 sed
1135 810 1184 851 res
1205 798 1319 851 tantum
1342 790 1429 851 modo

136 893 322 963 declaratur,
351 914 440 974 quam
466 895 533 955 lieri
561 901 705 973 oporteat.
730 916 749 952 a
779 894 868 954 buius
897 894 977 954 modi
1006 895 1093 954 etiam
1121 887 1238 954 illorum
1265 893 1430 954 locutiones

109 1005 216 1065 nsunt,
247 989 361 1073 ἐπειδὴ
389 983 512 1076 prisco,
535 989 650 1074 ἐπειδὴ
680 988 800 1075 ἄριστα
825 989 1079 1074 παρεσκεύαστο
1102 990 1157 1054 sul
1192 989 1428 1074 ἐβεβούλενιο;

134 1097 247 1158 nullius
274 1098 325 1158 hic
351 1116 468 1177 quoque
496 1117 641 1177 personae
668 1098 714 1158 vel
736 1099 854 1158 numeri
880 1116 936 1158 vox
958 1100 1023 1177 ipsa
1046 1098 1178 1158 continet
1200 1115 1329 1157 sensum.
1373 1097 1429 1156 hoc

133 1205 236 1260 tamen
265 1199 330 1259 solo
359 1199 470 1260 distant
497 1220 513 1260 a
541 1202 658 1278 graecis
684 1199 885 1279 inpersonalia
913 1200 1100 1268 Latinorum,
1128 1199 1206 1279 quod
1234 1217 1287 1279 per
1317 1199 1429 1268 modos,

131 1307 166 1360 ut
196 1303 258 1361 iam
285 1301 428 1370 diximus,
459 1311 584 1363 currunt
606 1309 636 1362 et
659 1309 808 1381 tempora,
838 1301 917 1380 quod
941 1301 1018 1380 apud
1042 1301 1169 1362 Graecos
1191 1300 1359 1362 nullatenus
1381 1319 1428 1360 rc·

132 1405 265 1481 peritur.
907 1401 912 1415 '

95 1525 121 1561 ro
219 1503 254 1565 ln
276 1505 461 1585 temporibus
482 1525 600 1587 quoque
621 1525 680 1566 non
703 1506 804 1586 dispar
826 1504 993 1566 observatio
1016 1512 1075 1586 est,
1107 1508 1164 1566 nisi
1187 1505 1265 1586 quod
1288 1505 1350 1566 sola
1374 1505 1423 1564 de·
1442 1521 1544 1580 sossi-t

132 1607 300 1666 minutione
323 1595 482 1686 superetur
503 1617 534 1668 et
555 1609 706 1687 discrepet
727 1625 820 1686 eoque
843 1606 951 1668 lrabeat
973 1609 1124 1686 pauciora.
1169 1625 1324 1694 namnum
1352 1607 1429 1686 apud

131 1707 201 1768 illos
228 1727 322 1788 prope
352 1690 491 1770 universa
513 1709 643 1790 duplicia
666 1713 737 1779 sint,
760 1709 933 1770 Latinorum
960 1709 1087 1788 loquella
1117 1709 1316 1788 simplicitatis
1350 1728 1428 1768 conr-

132 1809 244 1888 pendio
272 1811 364 1870 semel
391 1813 506 1888 singula
532 1813 669 1890 prolerre
698 1817 838 1872 contenta
864 1829 920 1872 neo
948 1814 1143 1889 praeteritum
1177 1813 1344 1889 perlectum
1373 1829 1429 1872 nec

131 1914 332 1988 praeteritum
354 1913 677 1994 plusquamperfectum
699 1932 755 1974 nou
785 1914 918 1974 luturum
940 1913 1104 1975 secundum
1126 1921 1176 1974 aut
1198 1913 1328 1973 medium
1350 1910 1356 1993 l
1380 1895 1430 1972 aut

95 2034 119 2071 ιι
132 2031 203 2072 mox
225 2015 360 2074 futurum
386 2015 520 2086 admisit;
549 2008 709 2095 ἀόριστον
729 2018 803 2094 quin
825 2016 914 2076 etiam
937 2014 1053 2076 illorum
1076 2017 1197 2096 penitus
1218 2017 1344 2094 ignorat.
1383 2015 1430 2074 his

130 2117 266 2194 quinque
295 2115 481 2195 temporibus
503 2118 582 2178 modi
605 2117 715 2195 singuli
743 2117 930 2178 declinantur
958 2124 1008 2177 aut
1036 2120 1195 2201 separatim
1225 2097 1290 2177 uno‘
1311 2134 1428 2196 quoque

131 2235 239 2277 sonum
272 2221 428 2298 proprium
456 2202 656 2299 erprinrente,
692 2227 743 2279 aut
769 2221 908 2288 iunctim,
945 2218 1024 2280 binis
1052 2219 1176 2280 eandem
1209 2217 1429 2299 possidentibus

130 2336 237 2378 vocem
265 2326 296 2378 et
323 2337 509 2382 communem
536 2321 743 2382 emittentibus
772 2339 886 2392 sonum,
919 2323 1078 2400 separatim
1102 2321 1279 2382 indicativus
1300 2323 1427 2400 impera·

130 2424 209 2482 tirus
230 2422 451 2492 subiunctivus,
484 2425 610 2484 iunctim
631 2425 780 2502 optativus
801 2430 832 2482 et
860 2423 1003 2484 infinitus.
1048 2443 1084 2484 ex
1101 2415 1223 2503 'quibus
1251 2423 1429 2484 indicativus

91 2525 256 2603 sequidem
284 2532 315 2585 et
336 2523 540 2585 subiunctivus
561 2527 660 2586 omnia
682 2533 870 2604 receperunt,
893 2543 1035 2605 praesens
1058 2545 1138 2593 amo,
1165 2527 1361 2604 praeteritum
1382 2528 1428 2585 in·
1493 2597 1496 2604 ¹

131 2627 303 2704 perlectum
326 2625 475 2695 amabam,
498 2630 694 2706 praeteritum
720 2627 886 2706 perlectum
915 2628 1019 2697 amavi,
1042 2629 1239 2706 praeteritum
1261 2627 1428 2707 plusquam-

130 2728 299 2808 perfectum
322 2746 498 2798 amareram,
520 2731 653 2789 futurum
676 2729 796 2788 amabo:
819 2731 892 2790 item
914 2729 1119 2790 subiunctivus
1141 2747 1208 2790 oum
1233 2747 1337 2800 amem,
1361 2747 1428 2790 cum

131 2848 276 2899 amarem,
301 2848 368 2891 cum
391 2834 560 2901 amaverim,
584 2850 651 2892 cum
674 2832 856 2901 amavissem,
880 2850 947 2893 oum
971 2850 1121 2893 amavero:
1145 2833 1338 2911 imperativus
1360 2852 1430 2893 vero

130 2932 192 2993 duo
225 2940 341 2993 tantum
367 2934 470 3003 modo,
504 2950 645 3012 praesens
677 2940 708 2993 et
727 2935 871 3004 luturum,
901 2953 965 2995 ama
993 2942 1090 2995 amato
1114 2955 1146 2992 a:
1176 2934 1338 2995 infinitivus
1360 2936 1426 3004 tria,

91 3055 118 3093 ιε
132 3052 293 3113 praesens,
322 3043 356 3093 ut
382 3053 496 3105 amare;
520 3038 715 3114 praeteritum
743 3054 802 3096 non
830 3037 976 3096 trifariam
1005 3035 1148 3105 divisum,
1181 3035 1232 3096 sed
1255 3036 1346 3095 semel
1373 3054 1428 3115 pro

127 3135 229 3197 tribus
251 3137 448 3206 enuntiamus,
470 3145 505 3197 ut
525 3139 683 3207 amarisse;
706 3138 848 3207 loturum,
873 3145 905 3197 ut
920 3146 1049 3199 amatum
1065 3140 1119 3197 ire.
1147 3139 1302 3217 quaeritur
1317 3144 1425 3209 autem,

130 3256 189 3297 cur
211 3238 261 3298 hio
283 3238 357 3299 ordo
379 3240 409 3297 in
433 3238 493 3300 illis
515 3240 568 3309 sit,
598 3247 630 3299 ut
655 3241 785 3318 primunr
808 3239 907 3299 locum
930 3239 1063 3301 obtineat
1084 3256 1241 3319 praesens
1264 3240 1426 3300 secundum

130 3342 331 3419 praeteritum
363 3340 576 3419 inperfectum,
609 3343 733 3401 tertium
771 3343 966 3420 praeteritum
1003 3342 1169 3421 perlectum
1203 3360 1236 3401 ao
1275 3342 1425 3421 deinceps.

130 3444 219 3502 euius
245 3441 319 3503 haec
346 3444 422 3506 ratio
450 3451 508 3503 est:
538 3451 644 3503 natura
671 3445 814 3521 temporis
841 3444 915 3503 haec
943 3450 1002 3511 est,
1034 3451 1066 3503 ut
1094 3460 1212 3521 semper
1246 3449 1376 3503 transeat
1398 3452 1428 3503 et

90 3571 118 3607 so
132 3544 220 3623 lapsu
252 3543 397 3621 celeriore
434 3544 574 3604 decurrat
606 3561 639 3604 ae
670 3546 718 3604 vix
747 3544 806 3604 ullo
828 3546 931 3623 puncti
960 3552 1109 3605 momento
1135 3547 1228 3624 possit
1254 3547 1426 3613 consistere,

131 3645 262 3724 ideoque
286 3652 337 3705 aut
358 3647 417 3705 iam
439 3648 640 3729 praeterierit,
655 3652 706 3706 aut
728 3654 912 3725 expectetur.
942 3647 1020 3707 unde
1043 3646 1162 3726 quidam
1185 3646 1258 3707 haec
1281 3646 1339 3706 duo
1362 3656 1425 3707 tan-

129 3754 195 3806 tum
218 3745 306 3806 modo
329 3752 461 3825 tempora
484 3765 549 3807 esse
570 3749 719 3817 dixerunt,
742 3750 938 3827 praeteritum
958 3756 987 3809 et
1009 3750 1158 3818 luturum;
1181 3764 1323 3827 praesens
1346 3751 1426 3808 eninr

106 3866 169 3955 'e
192 3856 253 3908 tam
275 3848 328 3907 diu
350 3849 470 3927 quidem
491 3830 613 3911 manere
635 3868 733 3930 posse,
758 3850 826 3910 dum
850 3849 969 3919 dicitur,
993 3851 1045 3911 sed
1061 3849 1357 3929 incomprehensibili
1378 3870 1425 3909 vo·

130 3949 254 4010 locitate
283 3953 467 4011 transitionis
498 3954 563 4021 vix,
593 3952 662 4012 dum
689 3954 873 4020 nominatur,
903 3952 991 4013 elabi.
1037 3970 1158 4013 necesse
1181 3969 1253 4028 ergo
1274 3952 1372 4012 luerat
1395 3960 1427 4011 ut

90 4079 118 4117 ss
133 4053 206 4114 inde
221 4054 404 4132 principium
427 4044 606 4121 sumeretur,
630 4052 708 4113 undc
732 4056 876 4114 transitus
891 4056 1021 4132 cepisset
1041 4054 1206 4123 exordium,
1230 4060 1260 4113 et
1280 4052 1426 4130 gradatim

131 4160 235 4213 cetera
258 4155 464 4230 iungerentur,
488 4173 523 4213 eo
537 4173 656 4235 semper
677 4157 853 4233 posteriore,
877 4156 955 4233 quod
971 4154 1037 4233 plus
1052 4154 1191 4219 babuerit
1205 4156 1427 4241 praeteritionis

130 4263 222 4334 atque
250 4258 497 4325 transcursiouis,
528 4266 558 4317 et
585 4277 619 4317 ea
642 4276 717 4336 quae
740 4260 798 4317 iarn
821 4258 960 4316 venerint
987 4259 1108 4317 minime
1137 4256 1332 4335 praecedente
1356 4274 1425 4315 ven·

107 4366 210 4417 otnro.
256 4360 423 4418 communis
450 4362 540 4419 etiam
568 4362 600 4419 in
627 4359 723 4419 modis
750 4357 824 4418 haec
854 4356 1004 4417 subtilitas
1038 4360 1230 4438 quaestionis.
1280 4376 1347 4419 nam
1381 4356 1425 4417 ibi

195 4494 219 4501 .-
231 4494 293 4501 --—
322 4495 440 4503 —.—-—-

199 4544 217 4592 4
234 4553 350 4609 oportent
363 4545 396 4594 ed
412 4544 489 4593 huius
507 4545 575 4594 modi
588 4544 623 4595 B.
642 4548 681 4595 oet
698 4546 861 4609 excerptoris
878 4547 1037 4609 neglegentia
1054 4546 1093 4594 aet
1110 4545 1209 4595 librarii
1226 4558 1316 4595 more
1335 4545 1425 4594 omissa

128 4618 169 4661 est
189 4610 333 4663 obseruatio
351 4614 384 4662 de
401 4613 603 4677 inperoonulibus
621 4615 707 4662 latinis
724 4615 750 4661 in
768 4622 808 4660 tur
822 4614 903 4675 fluitis
955 4615 971 4662 5
988 4623 1048 4661 sunt
1065 4629 1110 4664 om.
1124 4612 1150 4661 B
1201 4608 1369 4677 βεβουλεντο
1380 4610 1405 4659 Β

127 4678 340 4729 8uullstinusB
386 4681 416 4729 11
431 4680 548 4744 euqueB
594 4682 625 4729 12
637 4678 794 4742 Latinorum]
807 4679 893 4729 latoris
905 4696 972 4730 corr.
987 4680 1113 4729 latiorisB
1130 4680 1194 4729 Latii
1207 4680 1257 4729 oris
1270 4682 1353 4730 editor
1362 4680 1424 4729 Vin·

128 4746 287 4797 dobonenris
336 4749 369 4797 15
380 4748 483 4797 admisit
498 4764 567 4798 corr.
579 4747 688 4797 admittit
699 4748 725 4797 Β
772 4750 802 4797 ll
814 4749 917 4797 iunctim
936 4748 1002 4797 binis
1015 4748 1120 4797 eundem
1132 4748 1423 4800 editorViudoboneasir

128 4816 212 4863 iuncti
225 4816 292 4864 binis
305 4816 394 4865 eadem
406 4814 432 4863 B
488 4818 522 4865 24
533 4821 624 4866 tamna
641 4832 713 4881 quam
731 4818 841 4866 indicavi
857 4817 970 4880 definitio
990 4824 1127 4880 temporum
1145 4818 1254 4881 optativi
1271 4818 1368 4866 excidit

128 4886 165 4933 34
177 4882 262 4931 luerat
273 4884 342 4932 uude
354 4899 422 4935 corr,
436 4884 517 4933 iuerat
529 4894 557 4933 ut
568 4884 628 4933 inde
639 4884 665 4933 B
734 4885 767 4934 35
780 4883 906 4949 coepisset
917 4883 943 4933 B

1154 4966 1222 5029 41*
