3525 5600
380 383 443 448 sta
952 385 1091 468 [esrai]

406 507 427 548 p.
441 495 542 535 tras-at
555 493 577 534 r.
1406 494 1411 509 ¹
1485 505 1505 547 p.
1517 495 1557 535 tce.
1569 495 1619 537 tot.

381 593 415 644 x,
440 577 519 636 oliae
541 581 649 642 mutae,
674 593 777 634 norem
801 572 820 633 b
843 594 858 633 c
881 573 900 633 d
922 592 941 650 g
963 575 983 634 b
1005 574 1024 634 lt
1046 593 1065 653 p
1088 595 1107 654 ty
1129 581 1152 634 ι.
1196 576 1268 634 item
1290 574 1310 634 b
1333 575 1365 634 in
1387 591 1489 634 earum
1509 591 1638 636 numerum

381 661 537 737 redigitur,
560 659 678 739 quando
700 678 758 720 non
782 661 987 738 aspirationis,
1017 659 1069 720 sed
1091 659 1209 720 litterae
1230 659 1295 720 loco
1316 662 1449 738 ponitur.
1491 658 1580 718 littera
1596 665 1638 720 tri-

382 745 437 805 bus
458 745 553 804 modis
574 744 765 822 intelligitur,
788 747 907 816 nomine
922 763 981 824 quo
996 746 1189 814 enttnciatur,
1213 751 1358 824 potestate
1381 763 1441 824 qua
1462 743 1547 814 valet,
1565 747 1639 822 tgna

290 849 293 858 “
380 849 438 911 qua
460 829 603 892 scribitur
625 837 669 900 et,
693 837 725 890 ut
746 829 814 900 alii,
837 830 942 890 ordine
965 847 1024 910 quo
1045 837 1171 890 constat.

906 998 955 1061 DE
977 999 1146 1060 situnne
1648 1019 1657 1056 s

466 1117 582 1198 Syllaba
605 1126 651 1179 est
673 1118 839 1178 litterarum
855 1120 934 1178 inter
949 1138 981 1178 se
996 1120 1167 1178 coeuntium
1191 1137 1248 1178 una
1271 1121 1410 1178 iunctura
1433 1116 1479 1177 vel
1500 1120 1641 1178 enuntiatio

380 1205 547 1265 litterarum
571 1223 637 1264 cum
660 1203 825 1263 adiectione
847 1206 1002 1282 temporis
1046 1203 1157 1283 syllaba
1179 1212 1279 1264 autent
1301 1206 1366 1263 sine
1389 1201 1480 1261 vocali
1502 1201 1589 1262 littera
1607 1204 1640 1262 ul

381 1291 489 1351 litteris
511 1307 569 1348 uon
593 1295 692 1366 potest
713 1290 787 1348 lieri
832 1287 1021 1370 syllabalrum
1047 1288 1124 1349 aliae
1152 1289 1272 1366 longae,
1294 1288 1377 1347 'aliae
1408 1287 1522 1347 breves.
1560 1287 1640 1363 lemae

381 1383 431 1436 aut
459 1381 562 1434 natura
590 1374 665 1433 liunt
691 1379 741 1433 aut
770 1375 917 1452 positione
947 1381 979 1433 et
1004 1373 1116 1434 babent
1144 1373 1213 1433 bina
1242 1382 1385 1452 tempora.
1430 1379 1534 1432 natura
1553 1372 1642 1431 duabu

380 1459 477 1520 modis
500 1458 690 1536 intelligitur,
713 1477 780 1518 cum
802 1457 912 1519 vocalis
936 1457 948 1538 l]
972 1477 1026 1538 per
1048 1477 1080 1519 se
1103 1458 1188 1536 longa
1211 1466 1272 1528 est,
1295 1466 1347 1519 aut
1367 1475 1436 1517 cum
1458 1455 1668 1516 rocalesdme1==

381 1545 460 1605 inter
481 1563 512 1603 se
534 1546 652 1604 iunctae
675 1542 894 1622 producuntur,
924 1551 957 1604 ut
979 1561 1023 1604 ae.
1067 1544 1213 1623 positione
1236 1543 1340 1620 longae
1363 1541 1492 1622 syllabae
1514 1542 1580 1601 liunt
1597 1560 1643 1600 mo·

381 1630 427 1690 dis
455 1637 535 1689 octo:
565 1629 662 1708 primo
690 1627 793 1698 modo,
822 1630 939 1708 quoties
965 1628 1072 1689 desinit
1099 1631 1131 1688 in
1159 1635 1371 1689 consonantem
1399 1634 1430 1686 et
1456 1627 1593 1705 excipitur
1616 1626 1643 1684 ab

382 1714 475 1774 altera
498 1721 695 1782 consonante,
719 1721 751 1773 ut
774 1717 892 1774 ‘arma
914 1716 1107 1792 virumque
1130 1714 1249 1773 cano’,
1287 1731 1320 1774 ar
1342 1714 1423 1772 enim
1445 1719 1549 1771 natura
1568 1711 1644 1770 brevis

381 1807 441 1869 est,
466 1807 563 1859 tamen
585 1799 731 1878 positione
754 1799 787 1859 fit
808 1797 910 1876 longa,
933 1801 1004 1877 ryuia
1026 1799 1136 1859 desinit
1150 1799 1181 1858 iu
1202 1804 1414 1858 consonantem
1435 1815 1452 1856 r
1473 1803 1505 1856 et
1525 1797 1644 1874 excipiuu

284 1901 285 1906 ’
382 1893 601 1946 aconsonante
629 1903 674 1944 m:
703 1884 744 1944 ita
773 1901 853 1944 anna
883 1885 911 1942 vi
939 1883 1087 1962 dactylus,
1117 1885 1168 1963 qui
1197 1890 1312 1943 constat
1339 1900 1376 1941 ex
1397 1881 1485 1958 longa
1507 1889 1537 1940 et
1556 1881 1645 1940 duabus
1654 1894 1670 1928 1³

381 1969 533 2030 luctibus.
572 1969 702 2029 secundo
725 1967 811 2028 modo
833 1969 865 2028 stt
887 1968 975 2046 longa
996 1967 1124 2048 syllaba,
1147 1970 1265 2048 quoties
1286 1968 1397 2028 desinit
1418 1968 1449 2026 in
1472 1966 1544 2027 duas
1564 1985 1644 2024 conso

381 2061 502 2122 nautae,
531 2059 564 2113 ut
592 2057 669 2114 ‘ast
691 2071 774 2130 ego,
797 2071 891 2132 quae
920 2053 1047 2113 divum
1074 2053 1208 2114 incedo
1235 2055 1366 2130 regina
1394 2051 1588 2129 lorisque’.
1613 2059 1646 2108 ast

381 2141 460 2200 enim
483 2140 630 2218 positione
653 2138 740 2214 longa
763 2146 823 2208 est,
846 2139 916 2216 qnia
939 2138 1050 2198 desinit
1072 2140 1103 2198 in
1126 2158 1141 2199 s
1163 2147 1193 2198 et
1215 2145 1227 2198 t
1248 2137 1350 2198 ambas
1372 2143 1573 2196 consonantes.
1601 2143 1644 2193 ter-

381 2226 423 2285 tio
452 2223 538 2284 modo
564 2222 651 2300 longa
679 2222 791 2302 syllaba
821 2231 866 2282 est
893 2225 1056 2301 positione,
1084 2223 1201 2301 quoties
1222 2224 1371 2302 excipitur
1392 2241 1410 2282 a
1432 2219 1545 2281 duabus
1564 2237 1645 2279 ronse
1710 2254 1711 2279 ;

382 2307 537 2378 nautibus,
562 2314 595 2369 ut
617 2307 789 2368 ‘Atrides
812 2307 952 2379 Proti';
976 2327 1044 2368 nam
1059 2311 1116 2368 etsi
1132 2327 1147 2368 a
1164 2316 1301 2388 correpta
1317 2317 1380 2376 est,
1403 2314 1502 2366 tamen
1522 2308 1669 2383 positione

381 2396 413 2455 stt
434 2394 535 2471 longa,
558 2394 628 2472 quia
652 2399 816 2472 sequuntur
838 2400 850 2452 t
872 2400 955 2454 etr:
978 2401 1085 2472 quarto
1107 2393 1209 2463 modo,
1233 2393 1352 2472 quoties
1374 2391 1486 2451 desinit
1507 2389 1646 2468 syllabain

381 2479 527 2558 duplicem
555 2477 698 2546 litteram,
727 2487 760 2537 ut
788 2478 849 2538 ‘ex
878 2477 944 2538 illo
973 2477 1197 2539 celebratus
1223 2478 1374 2538 bonor’:
1405 2478 1525 2555 quinto,
1551 2476 1646 2554 quoties

381 2563 492 2643 syllaba
520 2565 668 2642 excipitur
696 2583 712 2622 a
745 2562 856 2642 duplici
889 2562 1001 2632 littera,
1035 2570 1068 2622 ut
1094 2562 1337 2624 ‘exulibusue
1365 2560 1476 2621 datur
1505 2558 1644 2619 ducenda

380 2648 535 2708 Lavinia
563 2647 756 2708 'leucris':
785 2655 885 2718 sexto,
914 2650 1033 2727 quoties
1060 2649 1208 2726 excipitur
1235 2668 1251 2708 a
1279 2646 1373 2706 vocali
1395 2646 1580 2705 consonantis
1596 2645 1646 2703 loto

381 2735 492 2813 posita,
530 2739 563 2793 ut
598 2733 651 2793 ‘at
687 2751 773 2793 vcro
810 2734 1004 2811 ingentem
1039 2736 1215 2812 quatiens
1250 2732 1461 2793 Mezentius
1496 2730 1671 2790 bastam’m·

381 2821 521 2898 septimo,
550 2820 668 2898 quoties
695 2818 802 2879 desiuit
829 2817 939 2897 syllaba
967 2821 998 2879 in
1027 2820 1156 2880 vocalem
1184 2818 1248 2879 loco
1277 2818 1468 2877 consonantis
1496 2818 1607 2895 positam
1625 2822 1647 2871 rt

381 2906 529 2982 excipitur
561 2922 576 2963 a
611 2910 806 2971 consonante,
840 2909 872 2962 ut
901 2904 1095 2964 ‘audieras
1122 2905 1278 2964 etfama
1306 2903 1412 2963 iuit':
1437 2909 1545 2969 ,muro
1568 2899 1645 2963 nodo,

380 2991 498 3069 quoties
520 2987 632 3067 syllaba
655 2990 801 3068 excipitur
824 3008 839 3048 a
863 2988 956 3049 vocali
982 2990 1173 3049 consonantis
1194 2988 1259 3048 loro
1281 2989 1390 3068 posita,
1414 2993 1448 3047 ut
1470 2984 1646 3063 ‘Troiaque

380 3092 476 3134 nunc
498 3080 620 3133 stares
643 3072 855 3151 Priamique
878 3092 943 3134 arx
966 3073 1044 3133 alta
1072 3076 1269 3134 maneres’.
1314 3071 1421 3132 breves
1442 3079 1511 3132 sunt
1531 3069 1645 3149 syllabae,

383 3175 458 3239 quae
482 3157 576 3218 vocali
599 3166 737 3237 correpta
761 3158 928 3219 elleruntur
951 3165 981 3218 et
1002 3158 1113 3219 habeut
1135 3166 1269 3237 tempora
1291 3156 1417 3236 singula.
1662 3164 1666 3167 ’

907 3324 957 3388 ΒΕ
978 3326 1137 3389 Puntnvs

1653 3143 1710 3220 rl

465 3461 560 3523 Pedes
588 3460 738 3541 simplices
766 3471 835 3524 sunt
862 3463 1034 3523 duodecim:
1064 3462 1218 3543 bisyllabi,
1241 3463 1297 3523 boe
1319 3470 1365 3522 est
1387 3460 1523 3523 binarum
1543 3457 1644 3537 syllaba·
1709 3497 1711 3546 y

381 3566 462 3615 rum,
492 3553 633 3625 quatuor,
665 3544 677 3623 ἰΙ
707 3548 878 3627 pariambus
906 3548 1056 3628 spondeus
1082 3547 1200 3609 iambus
1221 3548 1387 3609 trochaeus
1432 3544 1583 3625 trisyllabi,
1601 3543 1644 3601 bor
1709 3548 1711 3572 ¹

381 3640 427 3693 est
449 3638 601 3694 ternarum
623 3631 817 3711 syllabarum,
841 3640 922 3703 octo,
945 3641 1123 3714 anapaestus
1144 3634 1277 3714 dactylus
1300 3630 1539 3713 bracbysyllabus
1557 3629 1643 3689 melos-

468 3902 810 3955 luliaeoutemutaeom.
834 3906 912 3961 VGs‘
1000 3902 1219 3973 novem]Vlll;
1304 3900 1593 3968 bprioretoeoomd

380 3988 485 4023 numero
505 3974 532 4023 V
619 3974 750 4037 bregitur
772 3976 799 4025 V
804 3976 826 4025 G
912 3976 977 4024 «let
994 3984 1022 4023 ut
1039 3974 1083 4024 alii
1101 3974 1190 4025 ordine
1206 3990 1256 4038 quo
1277 3982 1375 4024 coastat
1390 3974 1419 4023 V
1434 3984 1463 4021 ut
1480 3972 1522 4021 alii
1539 3980 1561 4021 et
1576 3970 1643 4019 ordine

381 4052 479 4094 constat
499 4044 528 4103 (ι’,
545 4058 590 4093 om.
610 4055 627 4098 ς
679 4044 696 4096 6
713 4046 854 4095 enunciatiu
873 4045 960 4095 literae
977 4045 1074 4095 uocalis
1091 4043 1158 4109 (tum
1177 4046 1238 4099 odd.
1259 4046 1293 4107 G)
1310 4044 1474 4093 adiunctione
1489 4042 1599 4106 temporis
1611 4038 1642 4091 (is

448 4111 466 4162 9
481 4112 553 4177 flunt]
573 4119 632 4161 sunt
647 4126 664 4169 ς
723 4113 756 4165 10
774 4114 922 4179 intelligitur
939 4115 1012 4163 cuius
1029 4114 1128 4165 uocalis
1147 4130 1194 4180 per
1211 4130 1239 4165 se
1257 4115 1335 4179 longa
1349 4123 1388 4162 est
1406 4122 1451 4161 aut
1468 4128 1523 4161 tum
1536 4111 1643 4159 uocalesue

379 4184 445 4232 inter
470 4196 497 4230 se
518 4184 618 4232 iunctae
637 4182 811 4248 producuntur
828 4186 849 4234 G
867 4184 1019 4249 intelligitur
1038 4195 1081 4233 tut
1100 4200 1157 4233 cnm
1176 4183 1272 4235 uocalis
1289 4199 1335 4249 per
1356 4198 1385 4231 se
1403 4183 1483 4249 longa
1500 4192 1537 4232 est
1553 4190 1589 4229 aut
1601 4192 1642 4227 rou

380 4250 477 4302 uocalis
493 4253 575 4303 uocali
592 4254 658 4301 inter
676 4268 703 4301 se
720 4255 820 4303 iunctae
839 4255 982 4320 producunt
1000 4266 1018 4309 ς
1036 4252 1185 4319 intelligitur
1206 4270 1263 4303 eum
1280 4253 1382 4302 uocales
1399 4254 1467 4302 iuter
1482 4268 1511 4301 te
1526 4251 1642 4316 producut·

380 4333 421 4371 tur
443 4324 471 4372 V
539 4322 571 4373 13
588 4336 617 4371 ar
637 4322 704 4371 euim
723 4323 819 4390 syllaba
836 4326 963 4389 positione
979 4323 1006 4371 nt
1022 4324 1128 4389 longae
1180 4321 1280 4390 nutura]
1301 4325 1396 4374 eumG
1468 4322 1500 4372 14
1517 4338 1529 4370 r
1544 4320 1643 4384 excipitur

384 4392 411 4441 V
478 4392 510 4443 la
529 4393 563 4442 ita
581 4402 605 4441 et
624 4406 694 4441 arma
713 4392 758 4451 θς
829 4394 860 4443 17
879 4390 929 4457 ast]
948 4394 1028 4459 Verp.
1046 4394 1112 4446 Aen.
1132 4393 1196 4445 146
1264 4394 1355 4458 regina
1373 4392 1492 4457 lorisque
1509 4406 1551 4443 ott.
1568 4392 1608 4445 ds

381 4460 414 4513 18
427 4462 552 4527 positione
570 4469 609 4511 est
631 4463 659 4511 V
723 4463 758 4513 20
773 4462 887 4529 Atrides]
909 4464 991 4529 Verp.
1009 4464 1074 4514 Aen.
1092 4462 1128 4512 Xl
1144 4462 1196 4514 262
1247 4464 1315 4513 Preti
1333 4478 1380 4515 otu.
1404 4464 1452 4519 νς
1501 4476 1557 4510 uam
1572 4461 1590 4507 si
1608 4456 1643 4507 Vd

450 4532 483 4581 22
502 4546 534 4581 ex
550 4528 605 4599 illu]
632 4534 710 4598 Verp.
725 4534 790 4587 Aen.
810 4532 867 4583 Vlll
887 4532 938 4583 268
1007 4532 1122 4589 Ιιοιιοες
1203 4533 1238 4583 23
1256 4530 1417 4598 exulibusue]
1442 4532 1520 4596 Verp.
1538 4528 1643 4579 Aestii

379 4600 431 4652 359
500 4602 534 4651 24
551 4602 688 4655 luuiueaO
757 4603 860 4653 Teucris
877 4618 925 4653 om.
949 4604 976 4652 V
982 4602 1004 4657 G
1073 4604 1108 4653 25
1126 4611 1153 4652 ut
1169 4600 1239 4670 vero]
1260 4604 1339 4669 Verg.
1360 4604 1426 4656 Aen.
1446 4601 1471 4651 X
1488 4602 1538 4653 262
1597 4613 1643 4661 qiu-

379 4666 455 4736 tieus]
475 4672 590 4733 quotiens
612 4674 637 4723 V
643 4672 665 4723 G
734 4672 768 4723 26
787 4680 811 4722 et
829 4673 921 4727 omdl
989 4672 1023 4722 27
1038 4671 1168 4739 audieras]
1188 4676 1266 4738 Vetyy.
1281 4673 1363 4723 tueot
1377 4673 1403 4731 9,
1420 4673 1449 4724 ll
1520 4670 1552 4721 26
1568 4667 1643 4733 syllal·

380 4756 394 4789 a
419 4740 503 4790 uocali
526 4742 653 4806 excipitur
676 4744 839 4793 consonantis
863 4741 919 4792 loeo
942 4742 1061 4808 positus
1084 4744 1211 4810 excipitur
1232 4741 1333 4806 syllaba
1350 4759 1365 4791 a
1382 4742 1464 4793 uoculi
1487 4734 1645 4805 composittV

380 4808 478 4872 syllaba
496 4825 511 4859 u
529 4810 612 4863 trocali
630 4814 685 4862 loco
703 4814 826 4877 poeitaG
896 4810 1034 4879 Troiaque]
1059 4816 1139 4877 Verg,
1160 4816 1227 4863 Aea.
1246 4813 1268 4862 ll
1286 4812 1321 4865 56
1389 4811 1425 4861 26
1449 4808 1591 4861 maneret&

380 4878 414 4931 33
433 4878 590 4948 pariambus]
613 4880 791 4948 pyrrichiuss
862 4884 986 4947 spondius
1011 4884 1040 4933 V
1107 4882 1218 4934 troobitts
1243 4882 1274 4932 V
1339 4882 1374 4933 at
1397 4880 1561 4931 triuammd
