<?xml version="1.0" encoding="UTF-8"?>
<!DOCTYPE html PUBLIC "-//W3C//DTD XHTML 1.0 Transitional//EN"
    "http://www.w3.org/TR/xhtml1/DTD/xhtml1-transitional.dtd">
<html xmlns="http://www.w3.org/1999/xhtml" xml:lang="en" lang="en">
 <head>
  <title>
</title>
<meta http-equiv="Content-Type" content="text/html;charset=utf-8" />
  <meta name='ocr-system' content='tesseract 3.04.00' />
  <meta name='ocr-capabilities' content='ocr_page ocr_carea ocr_par ocr_line ocrx_word'/>
</head>
<body>
  <div class='ocr_page' id='page_1' title='image "./grammaticilatin03hagagoog_0321.png"; bbox 0 0 3525 5600; ppageno 0'>
   <div class='ocr_carea' id='block_1_1' title="bbox 289 1387 1268 1681">
    <p class='ocr_par' dir='ltr' id='par_1_1' title="bbox 289 1387 1268 1681">
     <span class='ocr_line' id='line_1_1' title="bbox 604 1387 965 1486; baseline 0 -2"><span class='ocrx_word' id='word_1_1' title='bbox 604 1387 965 1486; x_wconf 83' lang='lat' dir='ltr'>EXCERPTA</span> 
     </span>
     <span class='ocr_line' id='line_1_2' title="bbox 289 1591 1268 1681; baseline 0 -3"><span class='ocrx_word' id='word_1_2' title='bbox 289 1595 367 1678; x_wconf 82' lang='lat' dir='ltr'>EX</span> <span class='ocrx_word' id='word_1_3' title='bbox 399 1591 852 1680; x_wconf 76' lang='lat' dir='ltr'>COMMENTARIIS</span> <span class='ocrx_word' id='word_1_4' title='bbox 885 1595 947 1677; x_wconf 91' lang='lat' dir='ltr'>IN</span> <span class='ocrx_word' id='word_1_5' title='bbox 977 1593 1268 1681; x_wconf 79' lang='lat' dir='ltr'>DONATVM</span> 
     </span>
    </p>
   </div>
   <div class='ocr_carea' id='block_1_2' title="bbox 141 1945 1482 4070">
    <p class='ocr_par' dir='ltr' id='par_1_2' title="bbox 141 1945 1482 4070">
     <span class='ocr_line' id='line_1_3' title="bbox 226 1945 1426 2034; baseline -0.003 -20"><span class='ocrx_word' id='word_1_6' title='bbox 226 1949 482 2014; x_wconf 78' lang='lat' dir='ltr'><strong>Commentarius</strong></span> <span class='ocrx_word' id='word_1_7' title='bbox 511 1949 545 2012; x_wconf 88' lang='lat' dir='ltr'>in</span> <span class='ocrx_word' id='word_1_8' title='bbox 567 1947 735 2013; x_wconf 85' lang='lat' dir='ltr'><strong>Donatum</strong></span> <span class='ocrx_word' id='word_1_9' title='bbox 762 1947 892 2012; x_wconf 88' lang='lat' dir='ltr'>nomine</span> <span class='ocrx_word' id='word_1_10' title='bbox 919 1945 1037 2012; x_wconf 86' lang='lat' dir='ltr'>Iuliani</span> <span class='ocrx_word' id='word_1_11' title='bbox 1064 1946 1217 2013; x_wconf 82' lang='lat' dir='ltr'>Toletani</span> <span class='ocrx_word' id='word_1_12' title='bbox 1249 1947 1426 2034; x_wconf 87' lang='lat' dir='ltr'>inscriptus</span> 
     </span>
     <span class='ocr_line' id='line_1_4' title="bbox 154 2048 1429 2136; baseline 0 -22"><span class='ocrx_word' id='word_1_13' title='bbox 154 2053 259 2135; x_wconf 81' lang='lat' dir='ltr'>legitur</span> <span class='ocrx_word' id='word_1_14' title='bbox 279 2052 311 2113; x_wconf 92' lang='lat' dir='ltr'>in</span> <span class='ocrx_word' id='word_1_15' title='bbox 334 2049 445 2116; x_wconf 90' lang='lat' dir='ltr'>codice</span> <span class='ocrx_word' id='word_1_16' title='bbox 461 2049 621 2115; x_wconf 83' lang='lat' dir='ltr'>Vaticano</span> <span class='ocrx_word' id='word_1_17' title='bbox 644 2049 861 2114; x_wconf 72' lang='lat' dir='ltr'>bibliothecae</span> <span class='ocrx_word' id='word_1_18' title='bbox 879 2048 1049 2114; x_wconf 80' lang='lat' dir='ltr'>Palatinae</span> <span class='ocrx_word' id='word_1_19' title='bbox 1073 2049 1169 2130; x_wconf 82' lang='lat'>1746,</span> <span class='ocrx_word' id='word_1_20' title='bbox 1193 2073 1235 2114; x_wconf 83' lang='lat' dir='ltr'>cx</span> <span class='ocrx_word' id='word_1_21' title='bbox 1256 2072 1321 2136; x_wconf 92' lang='lat' dir='ltr'>quo</span> <span class='ocrx_word' id='word_1_22' title='bbox 1344 2049 1429 2114; x_wconf 85' lang='lat' dir='ltr'>libor</span> 
     </span>
     <span class='ocr_line' id='line_1_5' title="bbox 153 2151 1429 2232; baseline 0 -16"><span class='ocrx_word' id='word_1_23' title='bbox 153 2153 246 2217; x_wconf 84' lang='lat' dir='ltr'>editus</span> <span class='ocrx_word' id='word_1_24' title='bbox 278 2164 329 2218; x_wconf 83' lang='lat' dir='ltr'>est</span> <span class='ocrx_word' id='word_1_25' title='bbox 354 2153 479 2218; x_wconf 82' lang='lat' dir='ltr'>Romae</span> <span class='ocrx_word' id='word_1_26' title='bbox 506 2175 535 2218; x_wconf 85' lang='lat' dir='ltr'>a.</span> <span class='ocrx_word' id='word_1_27' title='bbox 561 2153 641 2216; x_wconf 76' lang='lat'>1797</span> <span class='ocrx_word' id='word_1_28' title='bbox 670 2151 744 2232; x_wconf 86' lang='lat' dir='ltr'>fol,</span> <span class='ocrx_word' id='word_1_29' title='bbox 776 2155 885 2216; x_wconf 81' lang='lat' dir='ltr'>Sancti</span> <span class='ocrx_word' id='word_1_30' title='bbox 908 2155 1025 2216; x_wconf 84' lang='lat' dir='ltr'>Iuliani</span> <span class='ocrx_word' id='word_1_31' title='bbox 1048 2158 1182 2230; x_wconf 78' lang='lat' dir='ltr'>episcopi</span> <span class='ocrx_word' id='word_1_32' title='bbox 1210 2155 1344 2214; x_wconf 81' lang='lat' dir='ltr'>Toletani</span> <span class='ocrx_word' id='word_1_33' title='bbox 1375 2171 1429 2216; x_wconf 89' lang='lat' dir='ltr'>ars</span> 
     </span>
     <span class='ocr_line' id='line_1_6' title="bbox 149 2259 1427 2336; baseline 0.002 -20"><span class='ocrx_word' id='word_1_34' title='bbox 149 2263 334 2332; x_wconf 76' lang='lat' dir='ltr'>prammatica</span> <span class='ocrx_word' id='word_1_35' title='bbox 345 2261 463 2336; x_wconf 87' lang='lat' dir='ltr'>poetica</span> <span class='ocrx_word' id='word_1_36' title='bbox 477 2270 506 2319; x_wconf 91' lang='lat' dir='ltr'>et</span> <span class='ocrx_word' id='word_1_37' title='bbox 519 2259 670 2319; x_wconf 78' lang='lat' dir='ltr'>rhetorica</span> <span class='ocrx_word' id='word_1_38' title='bbox 685 2275 701 2318; x_wconf 85' lang='lat' dir='ltr'>a</span> <span class='ocrx_word' id='word_1_39' title='bbox 715 2259 895 2318; x_wconf 79' lang='lat' dir='ltr'>membranis</span> <span class='ocrx_word' id='word_1_40' title='bbox 909 2259 1038 2332; x_wconf 76' lang='lat' dir='ltr'>antiquis</span> <span class='ocrx_word' id='word_1_41' title='bbox 1053 2259 1242 2318; x_wconf 78' lang='lat' dir='ltr'>bibliothecae</span> <span class='ocrx_word' id='word_1_42' title='bbox 1260 2259 1427 2318; x_wconf 79' lang='lat' dir='ltr'>Vaticano-</span> 
     </span>
     <span class='ocr_line' id='line_1_7' title="bbox 152 2360 1427 2437; baseline 0.002 -19"><span class='ocrx_word' id='word_1_43' title='bbox 152 2361 297 2420; x_wconf 81' lang='lat' dir='ltr'>l’alotinac</span> <span class='ocrx_word' id='word_1_44' title='bbox 318 2379 398 2423; x_wconf 86' lang='lat' dir='ltr'>nane</span> <span class='ocrx_word' id='word_1_45' title='bbox 416 2363 547 2437; x_wconf 86' lang='lat' dir='ltr'>primam</span> <span class='ocrx_word' id='word_1_46' title='bbox 569 2363 600 2421; x_wconf 89' lang='lat' dir='ltr'>ia</span> <span class='ocrx_word' id='word_1_47' title='bbox 621 2363 716 2420; x_wconf 85' lang='lat' dir='ltr'>lacem</span> <span class='ocrx_word' id='word_1_48' title='bbox 737 2360 829 2420; x_wconf 82' lang='lat' dir='ltr'>edita.</span> <span class='ocrx_word' id='word_1_49' title='bbox 873 2361 1043 2419; x_wconf 80' lang='lat' dir='ltr'>auctarium</span> <span class='ocrx_word' id='word_1_50' title='bbox 1064 2362 1219 2420; x_wconf 82' lang='lat' dir='ltr'>voluminis</span> <span class='ocrx_word' id='word_1_51' title='bbox 1239 2360 1283 2420; x_wconf 92' lang='lat' dir='ltr'>II.</span> <span class='ocrx_word' id='word_1_52' title='bbox 1301 2368 1427 2436; x_wconf 84' lang='lat' dir='ltr'>patrum</span> 
     </span>
     <span class='ocr_line' id='line_1_8' title="bbox 155 2461 1430 2540; baseline 0.001 -18"><span class='ocrx_word' id='word_1_53' title='bbox 155 2461 356 2524; x_wconf 79' lang='lat' dir='ltr'>Toletaaormm.</span> <span class='ocrx_word' id='word_1_54' title='bbox 385 2481 478 2540; x_wconf 90' lang='lat' dir='ltr'>opera</span> <span class='ocrx_word' id='word_1_55' title='bbox 500 2467 676 2524; x_wconf 83' lang='lat' dir='ltr'>auctoritate</span> <span class='ocrx_word' id='word_1_56' title='bbox 696 2469 725 2522; x_wconf 88' lang='lat' dir='ltr'>et</span> <span class='ocrx_word' id='word_1_57' title='bbox 745 2465 884 2539; x_wconf 78' lang='lat' dir='ltr'>expensis</span> <span class='ocrx_word' id='word_1_58' title='bbox 904 2464 1126 2522; x_wconf 62' lang='lat' dir='ltr'>eminentissimi</span> <span class='ocrx_word' id='word_1_59' title='bbox 1144 2463 1257 2522; x_wconf 81' lang='lat' dir='ltr'>domini</span> <span class='ocrx_word' id='word_1_60' title='bbox 1269 2464 1430 2524; x_wconf 84' lang='lat' dir='ltr'>Francr&#39;sci</span> 
     </span>
     <span class='ocr_line' id='line_1_9' title="bbox 150 2564 1429 2642; baseline 0 -18"><span class='ocrx_word' id='word_1_61' title='bbox 150 2567 302 2625; x_wconf 84' lang='lat' dir='ltr'>cardinalis</span> <span class='ocrx_word' id='word_1_62' title='bbox 329 2567 366 2626; x_wconf 86' lang='lat' dir='ltr'>cle</span> <span class='ocrx_word' id='word_1_63' title='bbox 387 2565 568 2627; x_wconf 76' lang='lat' dir='ltr'>lorenzana</span> <span class='ocrx_word' id='word_1_64' title='bbox 596 2566 817 2641; x_wconf 77' lang='lat' dir='ltr'>archiepiscopi</span> <span class='ocrx_word' id='word_1_65' title='bbox 840 2564 975 2625; x_wconf 85' lang='lat' dir='ltr'>Toletani</span> <span class='ocrx_word' id='word_1_66' title='bbox 999 2565 1218 2640; x_wconf 77' lang='lat' dir='ltr'>Hispaniarum</span> <span class='ocrx_word' id='word_1_67' title='bbox 1239 2567 1381 2642; x_wconf 86' lang='lat' dir='ltr'>primatis</span> <span class='ocrx_word' id='word_1_68' title='bbox 1400 2571 1429 2624; x_wconf 86' lang='lat' dir='ltr'>et</span> 
     </span>
     <span class='ocr_line' id='line_1_10' title="bbox 148 2666 1426 2744; baseline -0.002 -18"><span class='ocrx_word' id='word_1_69' title='bbox 148 2669 285 2740; x_wconf 74' lang='lat' dir='ltr'>panaalis</span> <span class='ocrx_word' id='word_1_70' title='bbox 311 2669 502 2742; x_wconf 78' lang='lat' dir='ltr'>inquisitoris.</span> <span class='ocrx_word' id='word_1_71' title='bbox 546 2669 631 2744; x_wconf 85' lang='lat' dir='ltr'>apud</span> <span class='ocrx_word' id='word_1_72' title='bbox 662 2669 819 2726; x_wconf 81' lang='lat' dir='ltr'>Antoniam</span> <span class='ocrx_word' id='word_1_73' title='bbox 851 2668 1031 2741; x_wconf 83' lang='lat' dir='ltr'>Faipoaiam</span> <span class='ocrx_word' id='word_1_74' title='bbox 1063 2667 1239 2742; x_wconf 82' lang='lat' dir='ltr'>praesidum</span> <span class='ocrx_word' id='word_1_75' title='bbox 1268 2666 1426 2739; x_wconf 76' lang='lat' dir='ltr'>facultate.</span> 
     </span>
     <span class='ocr_line' id='line_1_11' title="bbox 150 2763 1426 2853; baseline 0 -23"><span class='ocrx_word' id='word_1_76' title='bbox 150 2763 301 2847; x_wconf 82' lang='lat' dir='ltr'>codicem,</span> <span class='ocrx_word' id='word_1_77' title='bbox 331 2764 387 2853; x_wconf 92' lang='lat' dir='ltr'>qui</span> <span class='ocrx_word' id='word_1_78' title='bbox 413 2764 490 2831; x_wconf 91' lang='lat' dir='ltr'>olim</span> <span class='ocrx_word' id='word_1_79' title='bbox 518 2763 582 2831; x_wconf 88' lang='lat' dir='ltr'>fuit</span> <span class='ocrx_word' id='word_1_80' title='bbox 602 2765 791 2832; x_wconf 82' lang='lat' dir='ltr'>monasterii</span> <span class='ocrx_word' id='word_1_81' title='bbox 812 2764 846 2831; x_wconf 87' lang='lat' dir='ltr'>S.</span> <span class='ocrx_word' id='word_1_82' title='bbox 869 2764 1004 2830; x_wconf 84' lang='lat' dir='ltr'>Nazarii</span> <span class='ocrx_word' id='word_1_83' title='bbox 1026 2763 1316 2831; x_wconf 83' lang='lat' dir='ltr'>Laureshamcnsis</span> <span class='ocrx_word' id='word_1_84' title='bbox 1338 2772 1371 2830; x_wconf 89' lang='lat' dir='ltr'>et</span> <span class='ocrx_word' id='word_1_85' title='bbox 1392 2764 1426 2830; x_wconf 92' lang='lat' dir='ltr'>in</span> 
     </span>
     <span class='ocr_line' id='line_1_12' title="bbox 150 2866 1426 2954; baseline -0.002 -21"><span class='ocrx_word' id='word_1_86' title='bbox 150 2878 249 2933; x_wconf 86' lang='lat' dir='ltr'>vetere</span> <span class='ocrx_word' id='word_1_87' title='bbox 270 2867 379 2933; x_wconf 89' lang='lat' dir='ltr'>indice</span> <span class='ocrx_word' id='word_1_88' title='bbox 401 2868 551 2935; x_wconf 89' lang='lat' dir='ltr'>codicum</span> <span class='ocrx_word' id='word_1_89' title='bbox 573 2868 903 2933; x_wconf 83' lang='lat' dir='ltr'>Laureshamensium</span> <span class='ocrx_word' id='word_1_90' title='bbox 924 2868 967 2933; x_wconf 85' lang='lat' dir='ltr'>ab</span> <span class='ocrx_word' id='word_1_91' title='bbox 990 2868 1031 2933; x_wconf 90' lang='lat' dir='ltr'>A.</span> <span class='ocrx_word' id='word_1_92' title='bbox 1051 2866 1140 2931; x_wconf 83' lang='lat' dir='ltr'>Maio</span> <span class='ocrx_word' id='word_1_93' title='bbox 1162 2867 1309 2954; x_wconf 85' lang='lat' dir='ltr'>spicileg.</span> <span class='ocrx_word' id='word_1_94' title='bbox 1331 2868 1426 2933; x_wconf 89' lang='lat' dir='ltr'>Rom.</span> 
     </span>
     <span class='ocr_line' id='line_1_13' title="bbox 150 2967 1426 3057; baseline 0.001 -24"><span class='ocrx_word' id='word_1_95' title='bbox 150 2967 205 3034; x_wconf 84' lang='lat' dir='ltr'>vol.</span> <span class='ocrx_word' id='word_1_96' title='bbox 221 2970 250 3033; x_wconf 86' lang='lat' dir='ltr'>V</span> <span class='ocrx_word' id='word_1_97' title='bbox 270 2993 300 3056; x_wconf 91' lang='lat' dir='ltr'>p.</span> <span class='ocrx_word' id='word_1_98' title='bbox 313 2970 379 3039; x_wconf 78' lang='grc'>,161</span> <span class='ocrx_word' id='word_1_99' title='bbox 396 2992 466 3057; x_wconf 86' lang='lat' dir='ltr'>sqq.</span> <span class='ocrx_word' id='word_1_100' title='bbox 490 2968 579 3036; x_wconf 91' lang='lat' dir='ltr'>edito</span> <span class='ocrx_word' id='word_1_101' title='bbox 602 2970 765 3036; x_wconf 84' lang='lat' dir='ltr'>indicatus</span> <span class='ocrx_word' id='word_1_102' title='bbox 781 2981 831 3036; x_wconf 86' lang='lat' dir='ltr'>cst</span> <span class='ocrx_word' id='word_1_103' title='bbox 845 2969 867 3034; x_wconf 94' lang='lat' dir='ltr'>l.</span> <span class='ocrx_word' id='word_1_104' title='bbox 883 2991 912 3036; x_wconf 90' lang='lat' dir='ltr'>c.</span> <span class='ocrx_word' id='word_1_105' title='bbox 928 2993 960 3056; x_wconf 92' lang='lat' dir='ltr'>p.</span> <span class='ocrx_word' id='word_1_106' title='bbox 978 2970 1050 3051; x_wconf 82' lang='lat'>190,</span> <span class='ocrx_word' id='word_1_107' title='bbox 1074 2968 1250 3056; x_wconf 82' lang='lat' dir='ltr'>descripsit</span> <span class='ocrx_word' id='word_1_108' title='bbox 1263 2968 1426 3034; x_wconf 82' lang='lat' dir='ltr'>Arevslus</span> 
     </span>
     <span class='ocr_line' id='line_1_14' title="bbox 148 3069 1470 3159; baseline 0.001 -26"><span class='ocrx_word' id='word_1_109' title='bbox 148 3070 271 3136; x_wconf 88' lang='lat' dir='ltr'>inIsid.</span> <span class='ocrx_word' id='word_1_110' title='bbox 295 3071 360 3137; x_wconf 88' lang='lat' dir='ltr'>vol.</span> <span class='ocrx_word' id='word_1_111' title='bbox 384 3072 419 3137; x_wconf 95' lang='lat' dir='ltr'>II</span> <span class='ocrx_word' id='word_1_112' title='bbox 440 3094 472 3157; x_wconf 91' lang='lat' dir='ltr'>p.</span> <span class='ocrx_word' id='word_1_113' title='bbox 489 3072 553 3136; x_wconf 78' lang='lat'>370</span> <span class='ocrx_word' id='word_1_114' title='bbox 567 3094 638 3159; x_wconf 86' lang='lat' dir='ltr'>sqq.</span> <span class='ocrx_word' id='word_1_115' title='bbox 660 3072 738 3135; x_wconf 88' lang='lat' dir='ltr'>mihi</span> <span class='ocrx_word' id='word_1_116' title='bbox 761 3094 832 3137; x_wconf 87' lang='lat' dir='ltr'>eam</span> <span class='ocrx_word' id='word_1_117' title='bbox 853 3081 981 3158; x_wconf 84' lang='lat' dir='ltr'>partem</span> <span class='ocrx_word' id='word_1_118' title='bbox 1003 3069 1142 3155; x_wconf 88' lang='lat' dir='ltr'>codicis,</span> <span class='ocrx_word' id='word_1_119' title='bbox 1166 3072 1200 3135; x_wconf 91' lang='lat' dir='ltr'>in</span> <span class='ocrx_word' id='word_1_120' title='bbox 1222 3092 1288 3157; x_wconf 85' lang='lat' dir='ltr'>qua</span> <span class='ocrx_word' id='word_1_121' title='bbox 1308 3070 1428 3136; x_wconf 85' lang='lat' dir='ltr'>Iuliani</span> <span class='ocrx_word' id='word_1_122' title='bbox 1461 3074 1470 3083; x_wconf 89' lang='lat'><em>&#39;</em></span> 
     </span>
     <span class='ocr_line' id='line_1_15' title="bbox 148 3170 1427 3260; baseline 0.003 -27"><span class='ocrx_word' id='word_1_123' title='bbox 148 3170 222 3237; x_wconf 87' lang='lat' dir='ltr'>liber</span> <span class='ocrx_word' id='word_1_124' title='bbox 243 3174 384 3260; x_wconf 88' lang='lat' dir='ltr'>scriptus</span> <span class='ocrx_word' id='word_1_125' title='bbox 406 3184 472 3255; x_wconf 90' lang='lat' dir='ltr'>ost,</span> <span class='ocrx_word' id='word_1_126' title='bbox 501 3174 684 3239; x_wconf 83' lang='lat' dir='ltr'>accuratius</span> <span class='ocrx_word' id='word_1_127' title='bbox 708 3172 867 3239; x_wconf 87' lang='lat' dir='ltr'>indicavit</span> <span class='ocrx_word' id='word_1_128' title='bbox 887 3171 1110 3237; x_wconf 84' lang='lat' dir='ltr'>Detlelscnus.</span> <span class='ocrx_word' id='word_1_129' title='bbox 1154 3173 1295 3259; x_wconf 88' lang='lat' dir='ltr'>scriptus</span> <span class='ocrx_word' id='word_1_130' title='bbox 1318 3182 1427 3237; x_wconf 85' lang='lat' dir='ltr'>autem</span> 
     </span>
     <span class='ocr_line' id='line_1_16' title="bbox 149 3272 1427 3355; baseline 0.002 -18"><span class='ocrx_word' id='word_1_131' title='bbox 149 3284 192 3337; x_wconf 90' lang='lat' dir='ltr'>est</span> <span class='ocrx_word' id='word_1_132' title='bbox 216 3275 321 3340; x_wconf 82' lang='lat' dir='ltr'>codex</span> <span class='ocrx_word' id='word_1_133' title='bbox 348 3274 381 3339; x_wconf 90' lang='lat' dir='ltr'>in</span> <span class='ocrx_word' id='word_1_134' title='bbox 414 3275 611 3341; x_wconf 85' lang='lat' dir='ltr'>membranis</span> <span class='ocrx_word' id='word_1_135' title='bbox 643 3275 767 3340; x_wconf 81' lang='lat' dir='ltr'>formae</span> <span class='ocrx_word' id='word_1_136' title='bbox 803 3274 967 3340; x_wconf 83' lang='lat' dir='ltr'>maximae</span> <span class='ocrx_word' id='word_1_137' title='bbox 995 3272 1143 3355; x_wconf 81' lang='lat' dir='ltr'>sacculo,</span> <span class='ocrx_word' id='word_1_138' title='bbox 1171 3286 1208 3339; x_wconf 89' lang='lat' dir='ltr'>ut</span> <span class='ocrx_word' id='word_1_139' title='bbox 1234 3273 1427 3340; x_wconf 82' lang='lat' dir='ltr'>Detlcfsono</span> 
     </span>
     <span class='ocr_line' id='line_1_17' title="bbox 148 3374 1428 3460; baseline 0.002 -21"><span class='ocrx_word' id='word_1_140' title='bbox 148 3378 245 3440; x_wconf 84' lang='lat' dir='ltr'>visum</span> <span class='ocrx_word' id='word_1_141' title='bbox 268 3386 332 3458; x_wconf 84' lang='lat' dir='ltr'>est,</span> <span class='ocrx_word' id='word_1_142' title='bbox 356 3378 541 3455; x_wconf 88' lang='lat' dir='ltr'>undecimo,</span> <span class='ocrx_word' id='word_1_143' title='bbox 564 3388 602 3441; x_wconf 91' lang='lat' dir='ltr'>ut</span> <span class='ocrx_word' id='word_1_144' title='bbox 623 3376 786 3443; x_wconf 84' lang='lat' dir='ltr'>Arcvslus</span> <span class='ocrx_word' id='word_1_145' title='bbox 809 3378 910 3460; x_wconf 83' lang='lat' dir='ltr'>dixit,</span> <span class='ocrx_word' id='word_1_146' title='bbox 933 3398 1017 3443; x_wconf 91' lang='lat' dir='ltr'>nono</span> <span class='ocrx_word' id='word_1_147' title='bbox 1038 3374 1093 3440; x_wconf 79' lang='lat' dir='ltr'>vel</span> <span class='ocrx_word' id='word_1_148' title='bbox 1115 3375 1252 3441; x_wconf 89' lang='lat' dir='ltr'>docimo.</span> <span class='ocrx_word' id='word_1_149' title='bbox 1284 3378 1428 3442; x_wconf 89' lang='lat' dir='ltr'>continet</span> 
     </span>
     <span class='ocr_line' id='line_1_18' title="bbox 148 3477 1427 3565; baseline 0.001 -24"><span class='ocrx_word' id='word_1_150' title='bbox 148 3478 246 3543; x_wconf 82' lang='lat' dir='ltr'>varios</span> <span class='ocrx_word' id='word_1_151' title='bbox 273 3477 375 3544; x_wconf 87' lang='lat' dir='ltr'>libros</span> <span class='ocrx_word' id='word_1_152' title='bbox 402 3478 578 3543; x_wconf 83' lang='lat' dir='ltr'>latinorum</span> <span class='ocrx_word' id='word_1_153' title='bbox 610 3481 900 3564; x_wconf 80' lang='lat' dir='ltr'>grammaticorum</span> <span class='ocrx_word' id='word_1_154' title='bbox 927 3478 1092 3544; x_wconf 85' lang='lat' dir='ltr'>inferioris</span> <span class='ocrx_word' id='word_1_155' title='bbox 1121 3480 1239 3543; x_wconf 82' lang='lat' dir='ltr'>aetatis</span> <span class='ocrx_word' id='word_1_156' title='bbox 1246 3528 1256 3561; x_wconf 93' lang='lat'>,</span> <span class='ocrx_word' id='word_1_157' title='bbox 1291 3502 1427 3565; x_wconf 86' lang='lat' dir='ltr'>quorum</span> 
     </span>
     <span class='ocr_line' id='line_1_19' title="bbox 147 3578 1427 3667; baseline 0.002 -26"><span class='ocrx_word' id='word_1_158' title='bbox 147 3579 239 3645; x_wconf 87' lang='lat' dir='ltr'>index</span> <span class='ocrx_word' id='word_1_159' title='bbox 271 3581 304 3644; x_wconf 92' lang='lat' dir='ltr'>in</span> <span class='ocrx_word' id='word_1_160' title='bbox 337 3580 430 3645; x_wconf 88' lang='lat' dir='ltr'>initio</span> <span class='ocrx_word' id='word_1_161' title='bbox 464 3580 587 3645; x_wconf 89' lang='lat' dir='ltr'>codicis</span> <span class='ocrx_word' id='word_1_162' title='bbox 616 3579 745 3645; x_wconf 83' lang='lat' dir='ltr'>saeculo</span> <span class='ocrx_word' id='word_1_163' title='bbox 775 3590 892 3667; x_wconf 82' lang='lat' dir='ltr'>quarto</span> <span class='ocrx_word' id='word_1_164' title='bbox 920 3580 1045 3645; x_wconf 88' lang='lat' dir='ltr'>decimo</span> <span class='ocrx_word' id='word_1_165' title='bbox 1072 3578 1127 3645; x_wconf 87' lang='lat' dir='ltr'>vel</span> <span class='ocrx_word' id='word_1_166' title='bbox 1154 3580 1266 3667; x_wconf 90' lang='lat' dir='ltr'>quinto</span> <span class='ocrx_word' id='word_1_167' title='bbox 1299 3580 1427 3645; x_wconf 84' lang='lat' dir='ltr'>decimo</span> 
     </span>
     <span class='ocr_line' id='line_1_20' title="bbox 147 3670 1428 3767; baseline 0.003 -25"><span class='ocrx_word' id='word_1_168' title='bbox 147 3680 277 3767; x_wconf 89' lang='lat' dir='ltr'>scriptus</span> <span class='ocrx_word' id='word_1_169' title='bbox 300 3690 351 3747; x_wconf 87' lang='lat' dir='ltr'>ost</span> <span class='ocrx_word' id='word_1_170' title='bbox 372 3682 433 3763; x_wconf 86' lang='lat' dir='ltr'>ita,</span> <span class='ocrx_word' id='word_1_171' title='bbox 460 3687 558 3746; x_wconf 78' lang='lat' dir='ltr'>codex</span> <span class='ocrx_word' id='word_1_172' title='bbox 578 3670 624 3748; x_wconf 57' lang='lat' dir='ltr'>scr·</span> <span class='ocrx_word' id='word_1_173' title='bbox 642 3689 766 3747; x_wconf 84' lang='lat' dir='ltr'>nazarii</span> <span class='ocrx_word' id='word_1_174' title='bbox 791 3689 821 3746; x_wconf 87' lang='lat' dir='ltr'>in</span> <span class='ocrx_word' id='word_1_175' title='bbox 848 3689 991 3747; x_wconf 81' lang='lat' dir='ltr'>laurissa.</span> <span class='ocrx_word' id='word_1_176' title='bbox 1026 3689 1127 3763; x_wconf 92' lang='lat' dir='ltr'>primo</span> <span class='ocrx_word' id='word_1_177' title='bbox 1148 3693 1230 3747; x_wconf 83' lang='lat' dir='ltr'>artes</span> <span class='ocrx_word' id='word_1_178' title='bbox 1249 3690 1348 3746; x_wconf 90' lang='lat' dir='ltr'>sancti</span> <span class='ocrx_word' id='word_1_179' title='bbox 1367 3704 1428 3746; x_wconf 86' lang='lat' dir='ltr'>aa·</span> 
     </span>
     <span class='ocr_line' id='line_1_21' title="bbox 143 3788 1430 3865; baseline 0.003 -19"><span class='ocrx_word' id='word_1_180' title='bbox 143 3789 255 3859; x_wconf 71' lang='lat' dir='ltr'>castini.</span> <span class='ocrx_word' id='word_1_181' title='bbox 296 3788 412 3862; x_wconf 64' lang='lat' dir='ltr'>Rebas</span> <span class='ocrx_word' id='word_1_182' title='bbox 439 3791 590 3862; x_wconf 75' lang='lat' dir='ltr'>aaaastmi</span> <span class='ocrx_word' id='word_1_183' title='bbox 615 3790 652 3849; x_wconf 80' lang='lat' dir='ltr'>cle</span> <span class='ocrx_word' id='word_1_184' title='bbox 679 3793 795 3849; x_wconf 87' lang='lat' dir='ltr'>nomine</span> <span class='ocrx_word' id='word_1_185' title='bbox 823 3796 851 3849; x_wconf 87' lang='lat' dir='ltr'>ct</span> <span class='ocrx_word' id='word_1_186' title='bbox 875 3791 1018 3865; x_wconf 86' lang='lat' dir='ltr'>partibus</span> <span class='ocrx_word' id='word_1_187' title='bbox 1044 3792 1195 3850; x_wconf 85' lang='lat' dir='ltr'>orationis.</span> <span class='ocrx_word' id='word_1_188' title='bbox 1239 3790 1298 3848; x_wconf 77' lang='lat' dir='ltr'>Ars</span> <span class='ocrx_word' id='word_1_189' title='bbox 1326 3790 1430 3850; x_wconf 82' lang='lat' dir='ltr'>donati</span> 
     </span>
     <span class='ocr_line' id='line_1_22' title="bbox 145 3876 1482 3969; baseline 0.002 -20"><span class='ocrx_word' id='word_1_190' title='bbox 145 3905 226 3962; x_wconf 76' lang='lat' dir='ltr'>paam</span> <span class='ocrx_word' id='word_1_191' title='bbox 244 3892 356 3965; x_wconf 82' lang='lat' dir='ltr'>paulas</span> <span class='ocrx_word' id='word_1_192' title='bbox 377 3890 521 3952; x_wconf 82' lang='lat' dir='ltr'>diaconas</span> <span class='ocrx_word' id='word_1_193' title='bbox 542 3894 673 3967; x_wconf 80' lang='lat' dir='ltr'>exponit.</span> <span class='ocrx_word' id='word_1_194' title='bbox 711 3890 817 3952; x_wconf 88' lang='lat' dir='ltr'>Sancti</span> <span class='ocrx_word' id='word_1_195' title='bbox 834 3894 952 3969; x_wconf 76' lang='lat' dir='ltr'>ysidori</span> <span class='ocrx_word' id='word_1_196' title='bbox 971 3895 1103 3968; x_wconf 88' lang='lat' dir='ltr'>episcopi</span> <span class='ocrx_word' id='word_1_197' title='bbox 1122 3892 1161 3951; x_wconf 80' lang='lat' dir='ltr'>de</span> <span class='ocrx_word' id='word_1_198' title='bbox 1178 3894 1379 3966; x_wconf 75' lang='lat' dir='ltr'>arammatica</span> <span class='ocrx_word' id='word_1_199' title='bbox 1400 3902 1429 3952; x_wconf 88' lang='lat' dir='ltr'>et</span> <span class='ocrx_word' id='word_1_200' title='bbox 1477 3876 1482 3888; x_wconf 80' lang='grc'><em>’</em></span> 
     </span>
     <span class='ocr_line' id='line_1_23' title="bbox 141 3992 1427 4070; baseline 0.001 -20"><span class='ocrx_word' id='word_1_201' title='bbox 141 3992 269 4065; x_wconf 84' lang='lat' dir='ltr'>partibas</span> <span class='ocrx_word' id='word_1_202' title='bbox 289 3995 362 4053; x_wconf 83' lang='lat' dir='ltr'>eius.</span> <span class='ocrx_word' id='word_1_203' title='bbox 400 3992 566 4069; x_wconf 81' lang='lat' dir='ltr'>Dynamius</span> <span class='ocrx_word' id='word_1_204' title='bbox 585 3996 800 4069; x_wconf 78' lang='lat' dir='ltr'>prammalicas</span> <span class='ocrx_word' id='word_1_205' title='bbox 822 3994 866 4054; x_wconf 80' lang='lat' dir='ltr'>aa</span> <span class='ocrx_word' id='word_1_206' title='bbox 887 3996 1064 4070; x_wconf 79' lang='lat' dir='ltr'>discipulam</span> <span class='ocrx_word' id='word_1_207' title='bbox 1088 4010 1184 4055; x_wconf 84' lang='lat' dir='ltr'>suam</span> <span class='ocrx_word' id='word_1_208' title='bbox 1224 3994 1427 4053; x_wconf 82' lang='lat' dir='ltr'>Grammatico</span> 
     </span>
    </p>
   </div>
   <div class='ocr_carea' id='block_1_3' title="bbox 145 4096 1548 4171">
    <p class='ocr_par' dir='ltr' id='par_1_3' title="bbox 145 4096 1548 4171">
     <span class='ocr_line' id='line_1_24' title="bbox 145 4096 1548 4171; baseline 0.004 -21"><span class='ocrx_word' id='word_1_209' title='bbox 145 4096 244 4153; x_wconf 83' lang='lat' dir='ltr'>iuliani</span> <span class='ocrx_word' id='word_1_210' title='bbox 263 4096 398 4171; x_wconf 86' lang='lat' dir='ltr'>episcopi</span> <span class='ocrx_word' id='word_1_211' title='bbox 417 4098 548 4157; x_wconf 85' lang='lat' dir='ltr'>toletani.</span> <span class='ocrx_word' id='word_1_212' title='bbox 579 4098 783 4157; x_wconf 84' lang='lat' dir='ltr'>Grammatico</span> <span class='ocrx_word' id='word_1_213' title='bbox 804 4102 834 4157; x_wconf 91' lang='lat' dir='ltr'>et</span> <span class='ocrx_word' id='word_1_214' title='bbox 854 4114 908 4156; x_wconf 87' lang='lat' dir='ltr'>ars</span> <span class='ocrx_word' id='word_1_215' title='bbox 926 4097 1042 4157; x_wconf 81' lang='lat' dir='ltr'>tatuini.</span> <span class='ocrx_word' id='word_1_216' title='bbox 1074 4098 1143 4156; x_wconf 83' lang='lat' dir='ltr'>Alia</span> <span class='ocrx_word' id='word_1_217' title='bbox 1164 4112 1218 4155; x_wconf 91' lang='lat' dir='ltr'>ars</span> <span class='ocrx_word' id='word_1_218' title='bbox 1238 4098 1301 4156; x_wconf 84' lang='lat' dir='ltr'>sinc</span> <span class='ocrx_word' id='word_1_219' title='bbox 1318 4112 1427 4170; x_wconf 78' lang='lat' dir='ltr'>pram-</span> <span class='ocrx_word' id='word_1_220' title='bbox 1545 4098 1548 4107; x_wconf 92' lang='lat'>&#39;</span> 
     </span>
    </p>
   </div>
   <div class='ocr_carea' id='block_1_4' title="bbox 145 4196 1429 4381">
    <p class='ocr_par' dir='ltr' id='par_1_4' title="bbox 145 4196 1429 4381">
     <span class='ocr_line' id='line_1_25' title="bbox 145 4196 1427 4274; baseline 0.005 -21"><span class='ocrx_word' id='word_1_221' title='bbox 145 4200 245 4257; x_wconf 85' lang='lat' dir='ltr'>natica</span> <span class='ocrx_word' id='word_1_222' title='bbox 267 4196 385 4257; x_wconf 84' lang='lat' dir='ltr'>Iuliani</span> <span class='ocrx_word' id='word_1_223' title='bbox 406 4198 550 4259; x_wconf 79' lang='lat' dir='ltr'>Toletani.</span> <span class='ocrx_word' id='word_1_224' title='bbox 587 4202 645 4259; x_wconf 86' lang='lat' dir='ltr'>Ars</span> <span class='ocrx_word' id='word_1_225' title='bbox 666 4200 769 4274; x_wconf 88' lang='lat' dir='ltr'>asperi</span> <span class='ocrx_word' id='word_1_226' title='bbox 789 4198 826 4259; x_wconf 84' lang='lat' dir='ltr'>dc</span> <span class='ocrx_word' id='word_1_227' title='bbox 849 4206 912 4259; x_wconf 92' lang='lat' dir='ltr'>octo</span> <span class='ocrx_word' id='word_1_228' title='bbox 930 4199 1068 4274; x_wconf 87' lang='lat' dir='ltr'>partibas</span> <span class='ocrx_word' id='word_1_229' title='bbox 1088 4200 1247 4258; x_wconf 79' lang='lat' dir='ltr'>oracionis.</span> <span class='ocrx_word' id='word_1_230' title='bbox 1288 4199 1348 4257; x_wconf 81' lang='lat' dir='ltr'>Ars</span> <span class='ocrx_word' id='word_1_231' title='bbox 1369 4199 1427 4259; x_wconf 86' lang='lat' dir='ltr'>clo-</span> 
     </span>
     <span class='ocr_line' id='line_1_26' title="bbox 146 4295 1429 4381; baseline 0.005 -28"><span class='ocrx_word' id='word_1_232' title='bbox 146 4300 210 4359; x_wconf 87' lang='lat' dir='ltr'>mini</span> <span class='ocrx_word' id='word_1_233' title='bbox 233 4298 381 4373; x_wconf 78' lang='lat' dir='ltr'>bonifacii</span> <span class='ocrx_word' id='word_1_234' title='bbox 405 4300 624 4376; x_wconf 76' lang='lat' dir='ltr'>archiepiscopi</span> <span class='ocrx_word' id='word_1_235' title='bbox 649 4308 678 4361; x_wconf 86' lang='lat' dir='ltr'>et</span> <span class='ocrx_word' id='word_1_236' title='bbox 704 4301 847 4361; x_wconf 87' lang='lat' dir='ltr'>martiris.</span> <span class='ocrx_word' id='word_1_237' title='bbox 885 4295 930 4360; x_wconf 85' lang='lat' dir='ltr'>ad</span> <span class='ocrx_word' id='word_1_238' title='bbox 957 4295 1120 4361; x_wconf 83' lang='lat' dir='ltr'>Iulianum</span> <span class='ocrx_word' id='word_1_239' title='bbox 1141 4296 1244 4381; x_wconf 83' lang='lat' dir='ltr'>igitur</span> <span class='ocrx_word' id='word_1_240' title='bbox 1264 4297 1429 4381; x_wconf 87' lang='lat' dir='ltr'>pertinent</span> 
     </span>
    </p>
   </div>
   <div class='ocr_carea' id='block_1_5' title="bbox 146 4394 1430 4989">
    <p class='ocr_par' dir='ltr' id='par_1_5' title="bbox 146 4394 1430 4989">
     <span class='ocr_line' id='line_1_27' title="bbox 146 4394 1427 4485; baseline 0.004 -28"><span class='ocrx_word' id='word_1_241' title='bbox 146 4394 216 4461; x_wconf 81' lang='lat' dir='ltr'>lolia</span> <span class='ocrx_word' id='word_1_242' title='bbox 241 4397 506 4462; x_wconf 84' lang='lat' dir='ltr'>membranarum</span> <span class='ocrx_word' id='word_1_243' title='bbox 534 4398 772 4485; x_wconf 85' lang='lat' dir='ltr'>quinquaginta</span> <span class='ocrx_word' id='word_1_244' title='bbox 798 4408 971 4485; x_wconf 82' lang='lat' dir='ltr'>quattuor,</span> <span class='ocrx_word' id='word_1_245' title='bbox 994 4398 1028 4461; x_wconf 91' lang='lat' dir='ltr'>in</span> <span class='ocrx_word' id='word_1_246' title='bbox 1061 4398 1180 4484; x_wconf 86' lang='lat' dir='ltr'>quibus</span> <span class='ocrx_word' id='word_1_247' title='bbox 1208 4397 1256 4462; x_wconf 85' lang='lat' dir='ltr'>ita</span> <span class='ocrx_word' id='word_1_248' title='bbox 1287 4400 1427 4484; x_wconf 87' lang='lat' dir='ltr'>scriptus</span> 
     </span>
     <span class='ocr_line' id='line_1_28' title="bbox 146 4496 1427 4587; baseline 0.003 -28"><span class='ocrx_word' id='word_1_249' title='bbox 146 4506 188 4561; x_wconf 84' lang='lat' dir='ltr'>est</span> <span class='ocrx_word' id='word_1_250' title='bbox 207 4496 302 4564; x_wconf 85' lang='lat' dir='ltr'>libor:</span> <span class='ocrx_word' id='word_1_251' title='bbox 328 4520 404 4563; x_wconf 84' lang='lat' dir='ltr'>nam</span> <span class='ocrx_word' id='word_1_252' title='bbox 425 4502 460 4564; x_wconf 95' lang='lat' dir='ltr'>in</span> <span class='ocrx_word' id='word_1_253' title='bbox 482 4499 592 4566; x_wconf 88' lang='lat' dir='ltr'>codice</span> <span class='ocrx_word' id='word_1_254' title='bbox 614 4500 822 4565; x_wconf 84' lang='lat' dir='ltr'>membranae</span> <span class='ocrx_word' id='word_1_255' title='bbox 843 4522 999 4587; x_wconf 86' lang='lat' dir='ltr'>perverso</span> <span class='ocrx_word' id='word_1_256' title='bbox 1021 4498 1092 4564; x_wconf 91' lang='lat' dir='ltr'>loco</span> <span class='ocrx_word' id='word_1_257' title='bbox 1114 4499 1241 4585; x_wconf 81' lang='lat' dir='ltr'>positae</span> <span class='ocrx_word' id='word_1_258' title='bbox 1263 4509 1350 4578; x_wconf 89' lang='lat' dir='ltr'>sunt,</span> <span class='ocrx_word' id='word_1_259' title='bbox 1373 4522 1427 4563; x_wconf 73' lang='lat' dir='ltr'>ne</span> 
     </span>
     <span class='ocr_line' id='line_1_29' title="bbox 147 4600 1428 4691; baseline 0.002 -29"><span class='ocrx_word' id='word_1_260' title='bbox 147 4620 200 4683; x_wconf 88' lang='lat' dir='ltr'>que</span> <span class='ocrx_word' id='word_1_261' title='bbox 219 4600 253 4664; x_wconf 92' lang='lat' dir='ltr'>in</span> <span class='ocrx_word' id='word_1_262' title='bbox 275 4601 366 4667; x_wconf 86' lang='lat' dir='ltr'>edito</span> <span class='ocrx_word' id='word_1_263' title='bbox 388 4602 566 4689; x_wconf 84' lang='lat' dir='ltr'>exemplari</span> <span class='ocrx_word' id='word_1_264' title='bbox 588 4603 745 4691; x_wconf 84' lang='lat' dir='ltr'>pristinus</span> <span class='ocrx_word' id='word_1_265' title='bbox 761 4602 842 4667; x_wconf 92' lang='lat' dir='ltr'>ordo</span> <span class='ocrx_word' id='word_1_266' title='bbox 858 4604 1028 4667; x_wconf 88' lang='lat' dir='ltr'>restitutus</span> <span class='ocrx_word' id='word_1_267' title='bbox 1043 4610 1108 4682; x_wconf 89' lang='lat' dir='ltr'>est,</span> <span class='ocrx_word' id='word_1_268' title='bbox 1132 4600 1157 4666; x_wconf 87' lang='lat' dir='ltr'>f.</span> <span class='ocrx_word' id='word_1_269' title='bbox 1175 4600 1253 4664; x_wconf 76' lang='lat'>126*</span> <span class='ocrx_word' id='word_1_270' title='bbox 1267 4640 1310 4649; x_wconf 88' lang='lat'>-</span> <span class='ocrx_word' id='word_1_271' title='bbox 1324 4600 1349 4665; x_wconf 88' lang='lat' dir='ltr'>f.</span> <span class='ocrx_word' id='word_1_272' title='bbox 1367 4602 1428 4667; x_wconf 76' lang='lat'>152</span> 
     </span>
     <span class='ocr_line' id='line_1_30' title="bbox 146 4696 1428 4783; baseline 0.004 -21"><span class='ocrx_word' id='word_1_273' title='bbox 146 4704 216 4765; x_wconf 78' lang='lat' dir='ltr'>ras</span> <span class='ocrx_word' id='word_1_274' title='bbox 234 4706 403 4768; x_wconf 75' lang='lat' dir='ltr'>[earnm</span> <span class='ocrx_word' id='word_1_275' title='bbox 423 4708 629 4770; x_wconf 77' lang='lat' dir='ltr'>rocornm</span> <span class='ocrx_word' id='word_1_276' title='bbox 646 4696 727 4771; x_wconf 59' lang='lat' dir='ltr'>abr}</span> <span class='ocrx_word' id='word_1_277' title='bbox 749 4710 1096 4783; x_wconf 66' lang='lat' dir='ltr'>corroboransque</span> <span class='ocrx_word' id='word_1_278' title='bbox 1115 4704 1205 4768; x_wconf 75' lang='lat' dir='ltr'>sont?</span> <span class='ocrx_word' id='word_1_279' title='bbox 1225 4713 1299 4768; x_wconf 76' lang='lat' dir='ltr'>octo.</span> <span class='ocrx_word' id='word_1_280' title='bbox 1328 4704 1428 4783; x_wconf 73' lang='lat' dir='ltr'>quoe?</span> 
     </span>
     <span class='ocr_line' id='line_1_31' title="bbox 148 4811 1430 4887; baseline 0.006 -24"><span class='ocrx_word' id='word_1_281' title='bbox 148 4821 239 4867; x_wconf 85' lang='lat' dir='ltr'>nomen</span> <span class='ocrx_word' id='word_1_282' title='bbox 264 4826 430 4885; x_wconf 85' lang='lat' dir='ltr'>pronomen</span> <span class='ocrx_word' id='word_1_283' title='bbox 462 4812 585 4872; x_wconf 74' lang='lat' dir='ltr'>sabam</span> <span class='ocrx_word' id='word_1_284' title='bbox 620 4811 796 4872; x_wconf 78' lang='lat' dir='ltr'>adaerbiam</span> <span class='ocrx_word' id='word_1_285' title='bbox 826 4813 1019 4887; x_wconf 86' lang='lat' dir='ltr'>participium</span> <span class='ocrx_word' id='word_1_286' title='bbox 1051 4812 1216 4871; x_wconf 82' lang='lat' dir='ltr'>coaimsctio</span> <span class='ocrx_word' id='word_1_287' title='bbox 1243 4813 1430 4887; x_wconf 90' lang='lat' dir='ltr'>praepositio</span> 
     </span>
     <span class='ocr_line' id='line_1_32' title="bbox 148 4908 1429 4989; baseline 0.008 -25"><span class='ocrx_word' id='word_1_288' title='bbox 148 4908 305 4972; x_wconf 81' lang='lat' dir='ltr'>interiectio.</span> <span class='ocrx_word' id='word_1_289' title='bbox 352 4914 497 4987; x_wconf 77' lang='lat' dir='ltr'>quomodo</span> <span class='ocrx_word' id='word_1_290' title='bbox 519 4920 623 4989; x_wconf 85' lang='lat' dir='ltr'>partes</span> <span class='ocrx_word' id='word_1_291' title='bbox 650 4909 817 4975; x_wconf 78' lang='lat' dir='ltr'>matianis?</span> <span class='ocrx_word' id='word_1_292' title='bbox 849 4919 955 4989; x_wconf 81' lang='lat' dir='ltr'>partes</span> <span class='ocrx_word' id='word_1_293' title='bbox 980 4915 1146 4973; x_wconf 87' lang='lat' dir='ltr'>locationis.</span> <span class='ocrx_word' id='word_1_294' title='bbox 1195 4915 1292 4973; x_wconf 86' lang='lat' dir='ltr'>oratio</span> <span class='ocrx_word' id='word_1_295' title='bbox 1318 4913 1429 4975; x_wconf 76' lang='lat' dir='ltr'>arcina</span> 
     </span>
    </p>
   </div>
   <div class='ocr_carea' id='block_1_6' title="bbox 0 0 1768 5600">
    <p class='ocr_par' dir='ltr' id='par_1_6' title="bbox 0 0 1768 5600">
     <span class='ocr_line' id='line_1_33' title="bbox 0 0 1768 5600; baseline 0 0"><span class='ocrx_word' id='word_1_296' title='bbox 0 0 1768 5600; x_wconf 95' lang='lat' dir='ltr'> </span> 
     </span>
    </p>
   </div>
  </div>
 </body>
</html>
