3525 5600
477 378 676 471 Excunrrl
700 377 901 442 BOBlENSlh
926 377 1057 440 38—41
1360 377 1421 442 651

1237 487 1397 542 smne

128 563 178 624 bis
200 565 266 626 aliis
289 567 434 636 derivata,
459 566 529 627 licet
551 569 583 626 iu
605 586 655 628 sco
678 568 885 637 terminentur,
909 567 1075 629 inchoativa
1098 587 1156 628 non
1180 574 1263 636 sunt,
1288 575 1319 628 ut
1341 567 1423 628 disco

128 685 234 728 cresco
256 687 388 729 senesco.
427 669 595 747 perfectum
617 676 733 749 tempus
755 669 825 731 huic
847 671 961 731 formae
984 673 1104 730 evenire
1128 689 1187 731 nou
1210 672 1315 749 potuit.
1353 669 1422 748 quid

127 772 210 830 enim
240 771 328 830 simul
356 777 387 830 et
413 771 510 832 adhuc
538 772 672 850 incipere
702 777 732 830 et
759 774 819 832 iam
851 773 1031 853 praeterisse
1061 773 1196 834 dicatur?
1232 773 1423 853 participium

127 889 247 951 quoque
270 872 364 933 futuri
388 875 533 952 temporis
561 871 729 951 abnegavit.
774 873 845 953 quid
868 877 948 934 enim
971 875 1068 934 adhuc
1091 882 1242 954 speratur,
1266 892 1333 934 curu
1357 891 1423 932 coe·

101 977 226 1052 5perit,
250 982 301 1035 aut
322 973 401 1053 quod
425 975 483 1034 iam
506 981 586 1035 extat
608 982 764 1036 venturum
788 994 853 1035 esse
875 977 1079 1055 promittitur?
1102 995 1219 1056 semper
1242 978 1330 1037 etiam
1353 988 1443 1035 neu·

126 1077 168 1135 tri
192 1082 237 1136 est
258 1078 388 1153 generis.
432 1075 480 1136 his
503 1079 596 1154 igitur
617 1080 749 1158 quinque
778 1078 979 1142 inchoativum
1002 1078 1139 1158 quodque
1163 1080 1368 1156 cognoscitur,
1398 1077 1423 1135 si
1514 1075 1519 1088 '

126 1196 180 1237 sco
202 1175 314 1256 syllaba
341 1179 477 1248 liniatur,
507 1180 640 1240 neutrale
669 1182 722 1250 sit,
752 1182 972 1258 coniugationis
1001 1182 1108 1242 tertiae
1131 1189 1301 1260 correptae,
1326 1185 1425 1238 careat

126 1281 291 1358 praeterito
313 1281 462 1359 perfecto,
493 1299 553 1341 non
580 1281 688 1343 habeat
715 1284 907 1362 participium
939 1282 1083 1342 futurum.
1128 1282 1203 1342 hanc
1226 1299 1342 1361 quoque
1364 1281 1424 1340 for-

126 1400 207 1442 mam
230 1388 299 1442 sunt
321 1383 372 1461 qui
396 1381 518 1442 Graecis
540 1384 720 1446 familiarem
743 1385 923 1453 existiment,
948 1383 1120 1444 adserentes
1142 1383 1198 1444 hoo
1216 1401 1285 1472 ¹esse
1306 1381 1425 1462 μελαί-

89 1492 114 1528 ¹⁰
128 1502 232 1563 νομαι
259 1479 317 1543 καὶ
345 1482 588 1564 θερμαίνομαι,
617 1487 695 1566 quod
724 1495 769 1547 est
797 1488 934 1564 nigresco
963 1493 994 1545 et
1015 1485 1139 1546 calesco.
1185 1485 1237 1545 sed
1260 1485 1336 1564 apud
1360 1483 1426 1544 illos

126 1604 246 1666 quoque
269 1585 368 1664 aliqua
390 1586 479 1647 huius
501 1587 726 1664 significationis
748 1591 779 1648 in
802 1600 872 1648 σκω
896 1589 979 1648 exire
1002 1587 1201 1656 contendunt,
1230 1595 1262 1648 ut
1283 1585 1424 1647 τελίσκω

125 1685 280 1767 γαμίσκω
308 1683 482 1764 τιτρώσκω
511 1684 679 1767 γηράσκω.
725 1685 875 1750 διδάσκω
899 1697 1013 1760 aute'm,
1038 1690 1108 1750 licet
1130 1679 1263 1749 eiusdem
1287 1690 1354 1748 fluis
1376 1692 1423 1758 sit,

126 1807 218 1850 nemo
241 1796 343 1850 tamen
365 1791 548 1869 perfectum,
572 1809 631 1852 nou
654 1791 855 1852 inchoativum
878 1811 943 1852 esse
968 1790 1122 1854 dubitavit.

211 1891 255 1951 lle
277 1891 504 1970 frequentativa.
535 1892 624 1953 huius
647 1893 760 1952 formae
776 1892 866 1953 verba
890 1913 948 1954 nou
973 1910 1132 1973 numquam
1157 1911 1214 1954 uno
1236 1894 1339 1974 gradu,
1364 1913 1421 1954 non
1435 1896 1495 1947 626·
1509 1897 1539 1944 ¹0

89 1999 113 2038 ¹⁵
127 2011 292 2072 numquam
314 1992 430 2055 duobus
451 1993 638 2064 derivantur,
662 2001 696 2055 ut
717 1994 816 2055 scribo
838 1998 952 2074 scripto
974 1997 1125 2074 scriptito,
1149 2013 1223 2056 cano
1242 2003 1332 2072 canto
1355 2014 1423 2056 can·

127 2096 195 2165 tito,
225 2095 300 2155 salio
327 2095 404 2156 salto
431 2096 539 2156 saltito.
583 2114 640 2156 nec
667 2102 767 2157 tamen
795 2105 841 2157 est
869 2099 901 2158 in
923 2097 1140 2176 posterioribus
1163 2099 1258 2158 maior
1281 2116 1369 2178 quam
1392 2100 1422 2157 in

127 2196 283 2276 prioribus
310 2185 561 2276 frequentationis
588 2201 756 2277 expressio,
791 2201 869 2259 sicut
901 2217 956 2259 nec
993 2202 1025 2259 in
1058 2200 1242 2260 diminutivis
1276 2199 1423 2260 secundus

127 2299 240 2376 gradus
261 2300 361 2360 minus
382 2301 484 2378 priore
507 2300 669 2377 significat,
699 2319 772 2360 anus
795 2301 881 2361 auula
904 2301 1029 2362 anicula.
1068 2309 1135 2363 sunt
1158 2308 1255 2362 umen
1279 2301 1422 2380 quaedam

125 2403 192 2462 cius
213 2400 304 2462 verba
332 2419 408 2480 quae
437 2403 468 2461 in
497 2420 530 2461 so
553 2409 678 2470 exeunt,
708 2409 741 2462 ut
762 2402 848 2462 video
870 2403 951 2472 viso,
974 2403 1054 2482 pello
1076 2402 1176 2482 pulso,
1201 2420 1267 2462 cum
1290 2403 1420 2482 plerum-

86 2512 111 2549 ‘20
125 2522 186 2583 que
210 2504 241 2563 in
264 2510 295 2563 to
316 2502 433 2564 soleant
454 2503 552 2564 exire(
592 2503 645 2563 sed
668 2521 702 2564 ea
730 2504 851 2583 quidem
873 2523 949 2583 quae
972 2507 1003 2564 in
1026 2512 1056 2564 to
1079 2512 1188 2565 exeunt
1211 2523 1328 2586 semper
1351 2524 1421 2566 con·

126 2607 291 2683 iugationis
312 2612 380 2665 srmt
401 2607 533 2684 primae;
557 2624 592 2666 ea
614 2624 685 2666 vero
707 2624 782 2685 quac
806 2607 837 2665 in
860 2625 893 2666 so
922 2621 981 2667 uun
1009 2625 1168 2687 numquam
1193 2615 1222 2666 et
1244 2587 1349 2667 tertiae
1372 2592 1421 2667 ress

124 2711 300 2787 pen'untur,
327 2714 360 2768 ut
388 2709 450 2768 viso
479 2709 550 2767 visis
580 2705 678 2788 [pulso
707 2705 833 2787 pulsas].
877 2717 948 2768 sunt
970 2711 1000 2768 in
1023 2727 1057 2770 ea
1080 2727 1139 2769 non
1158 2699 1241 2769 'nulla
1264 2710 1329 2768 sine
1353 2707 1421 2768 s'ub·

127 2814 239 2873 stantia
261 2810 452 2891 principalis,
477 2819 508 2869 ut
532 2811 712 2889 cyathissare
735 2809 936 2871 crotalissare.
981 2819 1050 2872 sunt
1072 2814 1103 2872 in
1125 2830 1161 2871 ea
1185 2808 1188 2893 l
1213 2810 1303 2871 verba
1327 2810 1420 2891 expli·
1471 2834 1475 2846 ·

125 2915 224 2973 cantia
247 2914 342 2991 magis
364 2931 478 2973 moram
499 2932 586 2992 quam
609 2914 813 2982 iterationem,
841 2920 874 2973 ut
897 2912 1113 2993 ‘clipeoque
1143 2914 1341 2973 sinistram
1365 2914 1420 2972 io·

84 3014 319 3077 “2⁵sertabam
341 3017 381 3074 a.'
405 3022 435 3075 et
457 3015 692 3094 ‘hastamque
714 3021 886 3093 receptat
914 3014 1065 3075 ossibus
1091 3014 1135 3074 b.'
1164 3013 1214 3074 hic
1236 3015 1316 3073 enim
1338 3013 1421 3073 moli-

124 3119 170 3177 tio
191 3117 336 3196 quaedam
366 3117 518 3179 inserendi
548 3125 578 3177 et
605 3116 771 3196 recipiendi
795 3116 953 3177 difficultas
975 3115 1030 3177 sub
1053 3100 1151 3196 specie
1174 3116 1422 3195 frequentationis

125 3221 316 3299 exprimitur.
361 3226 547 3298 quaeruntur
568 3221 600 3280 in
623 3236 658 3279 ea
680 3225 760 3277 certa
784 3217 890 3288 verba,
920 3238 956 3279 ex
978 3218 1087 3298 quihus
1109 3216 1328 3298 principalibus
1351 3214 1420 3275 suh·

125 3324 267 3383 stantiam
289 3322 464 3390 sumserint,
489 3329 520 3381 ut
542 3328 691 3388 sternuto,
714 3320 792 3399 quod
816 3338 832 3379 a
855 3326 977 3381 sternuo
1000 3322 1094 3381 venit:
1120 3320 1294 3398 Propertius

276 3423 459 3483 candidus
481 3429 667 3500 augustae·
685 3423 852 3482 sternuit
874 3440 981 3483 omen
1004 3424 1118 3483 ¹hmor.

85 3536 111 3574 ³0
125 3526 210 3607 pulto
232 3532 302 3585 sunt
330 3526 381 3604 qui
409 3526 556 3603 accipiant
583 3542 638 3604 pro
667 3542 702 3583 eo
725 3523 803 3603 quod
826 3531 871 3584 est
894 3524 980 3604 pulso
1002 3532 1032 3585 et
1054 3516 1250 3603 ἄττικισμόν
1272 3522 1419 3602 quendam

125 3629 284 3689 latinitatis
306 3629 490 3692 existiment,
513 3635 546 3687 ut
567 3626 645 3705 apud
668 3625 734 3686 illos
755 3619 913 3686 θάλασσα
927 3622 1089 3705 θάλαττα,
1113 3620 1252 3685 alcinoo)
1268 3620 1418 3697 aridorum

125 3731 180 3791 sed
208 3728 325 3810 pultare
358 3736 404 3789 est
431 3748 519 3807 saepe
548 3728 681 3808 pulsare,
714 3730 793 3787 sicut
821 3736 948 3789 tractare
977 3746 1065 3807 saepe
1090 3726 1206 3788 trahere
1231 3732 1260 3785 et
1282 3725 1418 3786 habitare

126 3852 217 3913 saepe
232 3831 362 3893 hahere:
386 3832 504 3892 Coelius
519 3832 550 3890 in
571 3828 784 3910 primo‘illis
807 3829 967 3889 facilius
990 3836 1044 3889 est
1067 3827 1209 3897 bellum
1232 3828 1418 3897 tractare',

124 3935 184 3995 hoc
207 3942 253 3995 est
274 3934 326 3995 diu
347 3933 483 4004 trahere;
505 3933 620 3993 Ennius
642 3933 845 3991 ‘tractatus
866 3948 932 4009 per
955 3948 1115 4011 aequora
1138 3930 1284 4008 oarnpi’.
1315 3937 1418 3989 eructo

85 4047 111 4085 ³⁵
126 4039 219 4097 etiam
242 4056 258 4098 a
280 4054 339 4116 quo
360 4036 520 4116 principali
539 4035 641 4095 'veniat
661 4033 830 4111 quaeritur,
854 4037 885 4092 et
906 4038 951 4091 est
974 4052 990 4093 a
1012 4031 1103 4093 verbo
1126 4033 1238 4108 erugit:
1268 4031 1381 4091 Ennius

275 4139 511 4217 contempsit
531 4138 672 4203 fontes,
696 4132 842 4212 quibus
865 4151 906 4193 ex
928 4136 1055 4210 erugit
1077 4151 1190 4213 aquae
1213 4135 1275 4193 vis.

196 4391 397 4443 tabueeabitB
466 4393 482 4442 5
490 4392 605 4454 sortasse
617 4399 661 4438 aut
673 4403 730 4438 cum
742 4388 792 4436 inm
805 4396 875 4436 extet
939 4390 970 4437 10
982 4384 1108 4455 nigreseo]
1124 4388 1149 4437 in
1162 4387 1276 4453 grecoB
1346 4390 1374 4437 ll
1389 4387 1413 4435 iu

127 4461 292 4512 scoexireB
361 4458 568 4524 12γερασκωΒ
637 4461 669 4507 13
682 4454 885 4522 perfectiunt
955 4457 986 4505 16
999 4470 1044 4505 nec
1057 4468 1147 4521 tamen,
1159 4474 1216 4507 exc.
1230 4458 1294 4505 Par.
1307 4472 1352 4504 neo
1366 4470 1414 4503 non

127 4530 154 4577 B
223 4532 254 4581 la
272 4528 491 4595 auulalanillaB
561 4528 591 4576 19
609 4525 733 4575 eiusmodi
745 4524 823 4573 verba
834 4525 875 4574 ed.
893 4523 968 4573 Vinci.
1039 4522 1199 4591 23uc]‹“=tB
1271 4524 1413 4587 240111)εο-

127 4594 189 4663 qne]
205 4598 283 4663 Verp.
296 4598 358 4649 Aen.
372 4597 394 4646 ll
407 4598 454 4647 611
519 4597 552 4644 ‘25
563 4594 713 4656 hastamque
725 4600 854 4658 receperat
864 4590 904 4639 B.-
926 4592 1004 4657 Verp.
1016 4592 1081 4642 Aen.
1095 4592 1119 4642 X
1131 4594 1181 4644 383
1238 4593 1270 4641 26
1283 4590 1415 4640 insecand-

105 4652 197 4715 'corvu
214 4664 379 4714 inserendiB
448 4664 480 4712 28
497 4659 651 4729 Propertius]
669 4663 775 4726 uste
842 4661 876 4710 34
892 4656 1024 4726 uectatus]
1038 4663 1064 4709 in
1080 4662 1191 4711 secundo
1210 4644 1339 4708 annullavi
1351 4658 1415 4709 libro

124 4734 215 4798 posuit
231 4734 268 4782 H.
283 4734 413 4790 Columna,
432 4735 475 4798 qui
491 4740 516 4781 et
533 4733 598 4781 bunc
615 4731 694 4779 Ennii
715 4744 811 4779 uersum
828 4735 853 4777 et
871 4744 924 4777 erim
934 4729 977 4793 qui
994 4731 1115 4794 ¹requitur
1133 4745 1168 4778 ex
1184 4728 1231 4777 boc
1248 4730 1303 4777 loco
1318 4728 1416 4791 primm

127 4803 210 4851 edidit
227 4792 294 4850 Ean.
311 4802 403 4864 srapm.
420 4818 447 4865 p.
465 4802 499 4849 49
518 4806 542 4849 et
561 4802 610 4850 143
627 4800 669 4848 ed.
682 4798 783 4848 Hercei.
835 4798 868 4845 36
881 4796 972 4857 quibus
987 4799 1102 4862 ixerngit
1113 4796 1139 4845 B
1155 4796 1241 4859 quibu·
1259 4808 1317 4844 sese
1334 4795 1416 4858 erugit

131 4870 261 4921 Vahlenno
279 4868 346 4918 Eun.
365 4884 435 4931 poer.
454 4872 500 4922 rel.
518 4885 545 4933 p.
562 4870 596 4919 80

1148 4946 1215 5013 452*
