3525 5600
782 323 854 385 aas
1450 319 1468 384 7

178 507 299 575 tradita
325 518 421 582 arant
448 507 559 575 delata
585 517 674 574 sunt.
717 509 893 595 inprimis
922 529 1001 573 vero
1028 507 1092 574 huo
1118 508 1291 574 referenda
1323 518 1400 574 sunt
1431 530 1471 575 ea

177 634 259 698 quae
287 611 330 677 (16
357 613 560 699 superiorum
588 603 876 696 grammaticorum
904 611 1054 677 doctrina
1076 611 1143 706 suis
1166 612 1350 698 praeceptis
1371 612 1469 676 inter·

177 715 295 801 posuit.
339 715 532 778 nominatim
554 725 662 778 autem
685 711 866 800 6666116111
887 713 961 794 hos,
991 735 1129 800 quornm
1156 714 1289 778 nomina
1310 712 1468 800 adpositis

177 815 283 881 Servii
297 815 353 880 val
368 815 475 901 Sergii
497 826 531 881 61
544 815 693 901 Pompeii
715 813 805 897 locis,
827 814 884 880 ubi
906 814 956 878 illi
977 816 1093 879 iisdem
1109 815 1297 880 auctoribus
1313 817 1364 880 usi
1385 823 1469 896 sunt,

174 916 263 982 iufra
288 917 421 1004 scripsi,
443 917 627 983 Varronem
657 940 689 1004 p.
715 917 813 998 1861,
836 940 868 1004 p.
896 915 975 982 1897
1005 917 1112 1002 (Serg.
1134 940 1167 1002 p.
1189 917 1268 998 492,
1292 917 1331 981 37
1354 917 1469 1003 Pomp.

176 1043 206 1106 p.
233 1018 294 1083 143
318 1019 371 1084 ed.
393 1019 517 1103 Lina),
539 1041 572 1105 p.
591 1019 673 1084 1904
697 1019 826 1106 (Pomp.
848 1042 882 1105 p.
900 1019 994 1104 233),
1018 1017 1150 1104 p.1905
1173 1017 1303 1106 (Pomp.
1327 1043 1359 1106 p.
1374 1019 1468 1100 239),

175 1118 319 1184 Plinium
341 1143 374 1207 p.
390 1121 470 1186 1901
496 1121 623 1208 (Pomp.
646 1119 758 1207 6172
780 1130 813 1184 61
835 1122 932 1207 202),
955 1121 1088 1208 61906
1110 1119 1161 1185 bis
1181 1120 1313 1206 (Pomp.
1329 1143 1361 1208 p.
1376 1121 1470 1206 237),

177 1222 413 1287 Terentianum
434 1246 467 1310 p.
492 1222 575 1287 1884
603 1221 731 1308 (Pomp.
754 1245 787 1309 p.
810 1223 883 1309 42),
913 1221 1056 1287 Probum
1078 1244 1111 1308 p.
1137 1221 1234 1304 1861,
1258 1245 1290 1309 p.
1316 1222 1415 1304 1874,
1438 1245 1470 1309 p.

180 1325 258 1388 1901
284 1324 414 1412 (Pomp.
437 1347 469 1411 p.
493 1323 565 1405 92),
595 1346 627 1411 p.
652 1323 734 1388 1906
756 1324 864 1410 (Serv.
888 1348 919 1411 p.
943 1323 1016 1406 435,
1039 1323 1090 1388 25.
1121 1323 1234 1409 Pomp.
1258 1347 1289 1410 p.
1313 1323 1407 1407 235),
1437 1346 1468 1410 p.

179 1427 260 1492 1933
288 1428 418 1514 (Pomp.
440 1450 472 1512 p.
495 1426 589 1513 409),
619 1426 778 1493 Sabinum
806 1450 839 1514 p.
865 1426 963 1510 1874,
992 1425 1202 1490 Aristotelem
1232 1437 1263 1489 et
1291 1428 1409 1492 stoicos
1436 1419 1482 1512 6.“

178 1527 260 1593 1889
283 1527 392 1613 (Serv.
415 1550 448 1615 p.
469 1528 544 1609 428,
570 1529 619 1593 11.
642 1529 756 1617 Pomp.
780 1551 813 1616 p.
836 1529 902 1612 83).

261 1629 340 1694 Alia
367 1628 544 1696 Cledonius
571 1632 737 1697 veteribus
760 1629 900 1716 Vergilii
928 1630 1159 1716 interpretibus
1175 1629 1306 1704 ,debere
1329 1630 1470 1711 videtur,

177 1731 264 1820 quod
290 1743 466 1820 propterea
493 1755 626 1813 moneo,
654 1733 741 1819 quod
762 1731 927 1819 permulta
947 1733 982 1797 in
1004 1723 1101 1798 tibris*
1119 1734 1406 1817 grammaticorum
1428 1734 1470 1799 ab

177 1837 237 1899 hac
264 1837 390 1921 origine
418 1833 597 1922 repetenda
623 1856 695 1898 esse
727 1835 835 1900 rideo.
879 1832 1019 1918 Vergilii
1051 1835 1137 1899 enim
1167 1834 1313 1898 carmina
1345 1857 1470 1901 summo

179 1937 284 2003 studio
312 1937 348 2000 in
375 1935 494 2002 sobolis
527 1938 814 2020 grammaticorum
849 1947 991 2003 tractata
1023 1934 1201 2022 eademque
1233 1936 1405 2002 uberrimis
1439 1947 1472 2001 61

179 2038 376 2105 doctissimis
405 2039 645 2104 commentariis
671 2036 836 2104 illustrata
864 2061 937 2104 esso
964 2046 1100 2103 constat.
1146 2060 1283 2125 eumque
1305 2037 1407 2103 multa
1429 2039 1471 2104 de

178 2164 239 2206 usu
260 2142 421 2207 sermonis
449 2163 470 2204 a
491 2138 631 2225 Vergilii
658 2141 891 2227 interpretibus
914 2141 1008 2206 docte
1031 2140 1199 2226 disputata
1222 2151 1346 2223 essent,
1369 2143 1392 2204 ii
1414 2143 1471 2228 qni

179 2241 218 2308 de
238 2253 312 2308 arte
334 2245 535 2330 scripserunt
554 2261 620 2306 non
641 2240 731 2306 nulla
752 2242 829 2307 inde
850 2245 885 2308 in
908 2267 983 2309 suos
1007 2241 1109 2308 libros
1131 2242 1377 2307 transtulerunt.
1405 2266 1469 2330 quo

178 2329 373 2410 factumest
394 2354 432 2409 61
457 2366 545 2409 nune
572 2345 669 2409 etiam
692 2344 725 2409 in
747 2343 880 2410 scholiis
896 2343 1096 2430 Vergilianis
1112 2365 1196 2430 quae
1211 2343 1318 2409 Servii
1339 2345 1469 2409 nomine

177 2445 766 2535 166611611116616161661166111661,
789 2468 872 2533 quae
894 2447 982 2534 apud
1004 2447 1123 2512 artium
1145 2447 1318 2531 scriptores
1342 2468 1470 2533 quoque

179 2546 339 2634 leguntur.
383 2570 580 2636 quamquam
608 2550 694 2614 euim
721 2548 866 2614 dubitari
894 2549 1005 2635 nequit
1032 2548 1112 2634 quin
1133 2550 1291 2634 quaedam
1314 2571 1355 2612 ex
1377 2548 1468 2614 libris

179 2651 217 2715 de
238 2662 307 2716 arte
329 2653 459 2737 seriptis
481 2663 596 2737 postea
617 2652 652 2715 in
666 2650 873 2735 Vergilianos
897 2650 1153 2714 commentarios¹
1170 2647 1273 2714 inlata
1295 2650 1371 2728 sint,
1393 2659 1470 2714 sunt

180 2763 286 2819 tamen
315 2775 398 2839 quae
431 2751 504 2819 illos
538 2753 579 2819 ab
613 2752 852 2839 antiquioribus
874 2750 1011 2836 Vergilii
1044 2751 1277 2838 interpretibus
1310 2753 1469 2839 petivisse

179 2858 273 2921 certis
301 2856 430 2921 indiciis
458 2856 639 2942 adpareat·
667 2853 727 2919 sed
754 2864 791 2918 ut
816 2854 851 2918 in
873 2851 1032 2919 Cledonio
1061 2864 1093 2919 et
1118 2856 1214 2919 iniis
1237 2855 1469 2945 quaesitum

179 2956 308 3045 reliquis
330 2958 458 3022 Donati
484 2957 717 3045 interpretibus
747 2958 932 3022 communia
958 2978 1024 3021 non
1053 2966 1129 3021 suut
1156 2957 1352 3038 subsistam,
1380 2967 1469 3023 66116

179 3062 245 3124 eius
268 3060 397 3145 generis
419 3059 584 3146 exempla,
607 3081 690 3146 quae
706 3081 747 3124 ex
762 3058 1000 3123 commentariis
1022 3060 1057 3123 in
1071 3056 1254 3143 Vergilium
1276 3057 1375 3123 ducta
1396 3081 1468 3123 esse

179 3161 376 3247 persuadent
402 3183 549 3248 eaquae
579 3160 666 3247 apud
689 3160 841 3225 Servium
872 3162 907 3224 in
930 3158 1069 3245 Vergilii
1091 3183 1206 3225 versus
1230 3183 1389 3245 eosquos
1411 3159 1466 3224 ad·

179 3264 293 3350 scripsi
320 3262 490 3348 leguntur,
514 3272 590 3327 sunt
611 3266 708 3343 baec,
731 3284 814 3349 quae
837 3262 878 3327 (16
901 3262 983 3327 1666
1006 3260 1059 3327 vel
1081 3262 1171 3327 Pane
1194 3263 1316 3348 scripta
1339 3270 1414 3325 sunt
1435 3284 1467 3345 p.

181 3365 257 3429 1891
280 3363 353 3430 coll.
377 3364 477 3449 Verg.
499 3366 582 3429 Aen.
599 3364 648 3429 VI
664 3364 739 3447 776,
764 3363 806 3427 (16
828 3363 1003 3429 0616111616
1028 3362 1123 3429 Gallo
1146 3361 1285 3447 Vergilii
1307 3363 1468 3429 obtrecta-

178 3476 246 3533 tore
274 3489 307 3554 p.
333 3466 415 3531 1898
442 3464 514 3531 6611.
544 3466 643 3551 Verg.
669 3464 777 3531 bucol.
798 3465 836 3547 2,
858 3465 910 3529 39.
939 3464 977 3545 5,
999 3464 1034 3547 8,
1063 3465 1116 3529 36.
1143 3486 1251 3549 georg.
1280 3464 1398 3547 Ι210,
1427 3463 1467 3528 (16

177 3567 362 3634 nominibus
384 3567 568 3633 civitatium
591 3575 624 3632 et
644 3568 889 3653 provinciarum
913 3589 943 3652 p.
969 3566 1050 3630 1922
1072 3564 1146 3631 6611.
1170 3566 1269 3651 Verg.
1294 3566 1376 3629 Aen.
1399 3565 1416 3629 I
1436 3568 1466 3629 2.

178 3691 217 3733 ex
238 3670 353 3735 eodem
374 3670 465 3735 fonte
485 3670 621 3733 finxisse
637 3669 790 3734 videntur
804 3690 888 3755 quae
910 3667 950 3732 de
974 3667 1082 3733 dubiis
1105 3670 1272 3731 nominum
1294 3666 1467 3752 generibus

178 3772 298 3857 scripta
319 3782 396 3837 sunt
417 3794 449 3857 p.
475 3771 556 3836 1895
577 3794 627 3857 sq.
655 3768 727 3835 coll.
751 3770 851 3854 Verg.
874 3770 958 3834 Aen.
986 3767 1113 3834 11194.
1142 3768 1284 3834 111199.
1314 3768 1383 3833 XII
1404 3769 1466 3833 208

178 3870 216 3936 (16
237 3874 354 3956 611166,
378 3874 462 3937 Aen.
485 3872 503 3937 I
525 3874 586 3938 703
614 3870 654 3936 (16
677 3894 780 3959 6666,
802 3869 909 3936 bucol.
933 3869 962 3948 7,
984 3870 1025 3935 58
1049 3869 1283 3957 (1666166166,
1307 3873 1390 3935 Aen.
1414 3872 1466 3935 111

177 3972 248 4038 286.
269 3972 376 4038 VIIII
399 3973 461 4039 709
484 3972 664 4060 (16611666,
687 3972 944 4038 Δ1661111568
968 3970 1008 4036 (16
1031 3994 1144 4060 specu,
1168 3974 1250 4037 Aen.
1267 3971 1371 4037 VIIII
1393 3974 1465 4037 619.

178 4073 245 4139 XII
261 4074 325 4139 764
345 4075 386 4139 (16
406 4075 512 4158 116116,
534 4076 613 4140 11661
636 4074 677 4139 (16
693 4074 801 4140 verbis
823 4074 968 4139 incertae
984 4074 1230 4159 significationis
1246 4100 1277 4161 p.
1297 4074 1377 4147 1916
1392 4072 1465 4139 coll.

181 4175 276 4261 Verg.
291 4198 403 4262 georg.
419 4176 437 4241 I
453 4176 514 4243 185
528 4179 612 4242 Aen.
629 4174 787 4258 V112733
812 4176 853 4241 (16
869 4176 971 4241 verbo
990 4175 1116 4241 facesso
1131 4200 1162 4263 p.
1180 4178 1261 4241 1918
1277 4175 1349 4243 coll.
1366 4176 1466 4259 Verg.

178 4278 258 4341 Aen.
282 4275 354 4343 1111
382 4279 460 4362 295,
483 4278 524 4343 (16
547 4277 703 4343 adverbio
725 4287 826 4343 noctu
847 4301 879 4363 p.
907 4278 989 4343 1920
1009 4276 1081 4342 coll.
1097 4278 1198 4363 Verg.
1219 4300 1329 4363 georg.
1353 4277 1467 4343 1287.

260 4379 411 4445 Ceterum
437 4392 568 4468 praeter
593 4378 714 4446 librum
743 4402 838 4467 quem
864 4379 1022 4444 babemus
1049 4378 1129 4443 nihil
1156 4381 1195 4445 de
1223 4378 1379 4446 Cledonio
1402 4402 1465 4444 me·
1533 4458 1537 4467 ι

179 4482 298 4548 moriae
311 4481 477 4568 proditum
492 4484 594 4564 6611),
618 4504 722 4568 neque
738 4504 780 4546 ex
796 4481 1031 4568 posterioribus
1053 4480 1276 4566 grammaticis
1295 4483 1465 4569 qnisquam

262 4635 292 4702 11)
309 4638 383 4687 Nihil
401 4638 573 4690 tribuendum
592 4643 635 4689 est
653 4639 828 4689 coniecturae
841 4636 923 4689 Pauli
936 4636 1083 4689 Colomesii
1100 4638 1128 4687 16
1144 4636 1199 4691 Lil.
1213 4638 1325 4701 Gyrald.
1340 4638 1373 4689 (16
1392 4644 1464 4704 6661.

179 4720 259 4783 (Lilii
271 4720 384 4787 Gyraldi
402 4739 486 4789 opera
498 4723 587 4791 Lngd.
600 4724 664 4773 Bat.
677 4738 702 4773 6.
717 4724 783 4773 toas
799 4724 855 4773 vol.
867 4722 905 4789 11)
925 4738 950 4787 p.
963 4724 1021 4785 296,
1042 4721 1120 4771 ‘aun
1133 4721 1259 4771 sidonius
1279 4722 1358 4785 alter,
1371 4723 1464 4773 Gram-

182 4807 300 4856 maticus
323 4806 443 4873 seilicet,
466 4808 543 4859 euius
566 4808 750 4874 fragmentum
774 4807 808 4859 de
835 4806 952 4859 vocibus
979 4806 1149 4857 animantum
1176 4806 1205 4855 iu
1231 4808 1335 4873 aliquot
1362 4805 1465 4858 Glossis
