3525 5600
691 409 694 418 ’
760 419 831 482 tus
1380 413 1443 479 393

180 545 197 575 a.
209 533 241 573 ιο.
255 533 287 571 n.
1267 538 1289 578 p.
1303 528 1378 568 rc-rc
1391 525 1417 565 a.

158 612 252 692 liphen
275 609 494 671 barbarismum
516 610 630 679 tacere,
660 608 723 688 qui,
748 613 780 666 ut
802 607 881 669 dicat
903 626 989 668 uvam
1018 626 1150 687 passam,
1180 607 1252 667 dicit
1279 625 1346 667 uam
1375 624 1442 686 pas·

158 733 229 785 sam,
259 721 289 774 et
310 720 344 775 ut
371 712 448 773 dicat
474 709 632 794 inlduruit,
661 709 740 790 quod
763 717 808 770 est
831 708 1071 790 tetrasyllabum,
1102 709 1175 768 dicit
1196 708 1342 778 indurtit,
1366 707 1442 788 quod

159 824 196 878 est
215 814 420 896 trisyllabum?

235 917 315 979 llaec
342 918 407 978 tere
437 924 520 986 sunt,
549 935 624 997 quae
653 916 683 975 in
706 915 770 995 ipsa
793 913 957 994 prolatione
979 917 1013 974 in
1033 913 1253 975 barbarismum
1276 913 1443 972 incurrunt.

137 1019 205 1082 ased
227 1027 296 1080 sunt
323 1025 353 1080 et
381 1019 431 1079 alii
460 1019 553 1089 modi,
583 1036 657 1099 quos
679 1017 799 1097 quidam
822 1024 1034 1096 praeceptores
1056 1015 1259 1077 barbarismos
1281 1015 1443 1083 nominant,

158 1123 189 1182 de
211 1121 319 1202 quibus
341 1121 411 1201 quid
435 1121 605 1192 sentiamus,
631 1119 763 1180 bretiter
779 1117 1005 1198 explicabimus.
1037 1137 1070 1180 ac
1086 1118 1214 1198 primum
1235 1116 1308 1178 illud
1332 1118 1444 1186 dicunt,

158 1231 317 1286 structuras
345 1230 447 1284 contra
475 1225 622 1284 rationem
649 1230 817 1302 temporum
849 1221 942 1282 tactas
968 1220 1146 1281 barbarismi
1173 1220 1243 1280 vitio
1271 1218 1445 1280 censendas.

158 1327 230 1408 quod
253 1345 320 1388 cum
344 1326 392 1386 alii
414 1333 539 1404 negant,
563 1327 645 1386 aiunt
667 1331 834 1386 structurae
850 1325 953 1384 vitium
974 1326 1005 1384 in
1028 1326 1094 1404 ipso
1115 1322 1201 1383 titulo
1222 1339 1364 1402 peccare,
1387 1340 1445 1382 uon

158 1431 186 1489 in
207 1428 387 1490 barbarismi
416 1429 529 1488 crimen
559 1447 624 1490 esse
652 1427 861 1506 redigendum.
906 1445 960 1486 nos
982 1426 1053 1506 quid
1076 1427 1253 1494 sentiamus,
1282 1423 1444 1504 explicabi-

126 1549 228 1594 nmus.
267 1533 318 1611 qui
341 1537 519 1592 structuram
543 1549 703 1609 congruam
728 1549 786 1592 non
810 1531 897 1598 tacit,
920 1546 989 1588 cum
1010 1527 1110 1588 iacere
1132 1546 1164 1588 sa
1188 1531 1369 1588 structuram
1391 1544 1445 1606 pu·

158 1641 210 1704 tat,
233 1635 378 1713 temporis
399 1632 461 1694 illic
483 1613 646 1714 praecipue
662 1634 776 1693 ratione
799 1638 921 1711 peccat,
944 1631 1095 1691 interdum
1117 1638 1150 1690 ut
1172 1647 1297 1690 numero
1320 1628 1446 1708 syllaba-

158 1753 220 1795 nrm
242 1753 301 1796 non
326 1741 443 1814 peccet,
467 1734 618 1796 interdum
640 1742 673 1796 ut
696 1752 822 1795 numero
844 1732 1024 1814 syllabarum
1047 1738 1166 1812 peccet,
1194 1731 1284 1811 idque
1309 1731 1446 1792 bifariam

157 1839 223 1898 iacit
254 1840 313 1908 sic,
342 1845 376 1898 ut
403 1836 446 1898 vel
477 1837 566 1899 addat
592 1836 637 1898 vel
666 1837 811 1898 detrahat.
856 1836 915 1897 iam
942 1836 1098 1914 utique‘si
1127 1833 1209 1894 addit
1237 1841 1298 1894 adt·
1317 1815 1448 1894 detrahit

158 1947 286 2019 tempus,
318 1939 396 2019 quod
425 1957 482 2000 noo
512 1957 642 2018 congrua
669 1940 785 1999 ratione
814 1938 964 2018 prolatum
993 1937 1096 1997 estin
1124 1935 1305 1996 barbarismi
1338 1953 1448 1997 nomen

125 2041 266 2104 uincidat
288 2059 411 2102 necesse
435 2050 489 2103 est.
535 2059 627 2103 unum
656 2040 692 2102 ad
719 2041 796 2102 banc
818 2058 882 2101 rem
905 2039 1088 2121 probandam
1112 2039 1206 2099 duove
1229 2037 1365 2118 exempla
1387 2038 1447 2099 sul·

157 2146 266 2204 ticiunt.
311 2144 374 2204 tuit
396 2151 513 2204 struere
537 2143 644 2224 aliquis
665 2163 701 2204 ex
724 2143 865 2204 trochaeo
888 2150 919 2203 et
940 2142 1083 2210 molosso,
1108 2149 1141 2200 ut
1164 2142 1189 2202 si
1212 2140 1293 2201 dicat
1314 2139 1447 2220 ‘copiam

157 2265 220 2306 csse
243 2245 398 2307 doctorum
406 2248 427 2316 ',
451 2252 633 2307 structuram
656 2247 797 2326 optimam
821 2246 903 2305 tacit.
936 2244 1043 2324 quodsi
1065 2243 1144 2304 dicat
1166 2243 1243 2304 banc
1266 2250 1447 2304 structuram

157 2367 185 2408 se
213 2349 313 2409 iacere
342 2348 516 2410 existimans
539 2350 671 2428 ‘copiam
700 2367 765 2410 esse
793 2347 958 2416 ciborum',
981 2344 1201 2407 barbarismum
1223 2346 1344 2405 iecerit:
1378 2345 1448 2405 sub·

157 2449 246 2511 trahit
267 2452 348 2510 enim
371 2457 489 2531 tempus
511 2450 547 2511 de
570 2451 698 2512 molosso
720 2453 751 2511 in
773 2451 871 2530 prima
894 2447 1067 2528 syllabast,
1092 2448 1162 2508 dum
1185 2454 1351 2509 structurae
1375 2448 1450 2508 velit

124 2553 341 2622 rosatisiacere,
371 2553 508 2632 producit
534 2555 662 2635 primam
691 2551 848 2633 syllabam,
879 2557 912 2612 ut
933 2550 1012 2610 dicat
1034 2549 1183 2620 ciborum,
1207 2569 1274 2610 cum
1298 2551 1325 2610 ci
1350 2549 1450 2609 brevis

156 2657 202 2716 sit.
247 2654 413 2716 adiectione
436 2673 507 2734 ergo
529 2651 683 2735 tempolris
705 2656 736 2715 in
758 2653 980 2734 pronuntiando
1007 2652 1081 2713 iacit
1102 2651 1332 2713 barbarismum.
1377 2653 1447 2712 item

156 2776 171 2819 e
198 2759 350 2819 contrario
377 2764 462 2838 putat
490 2777 521 2819 se
550 2759 652 2819 nescio
680 2759 747 2837 quis
775 2757 874 2819 iacere
903 2761 1084 2817 structuram
1109 2773 1145 2815 ex
1166 2754 1308 2816 trochaeo
1330 2762 1360 2815 et
1380 2755 1448 2815 ione

156 2860 357 2939 apelassonos,
381 2861 477 2941 qualis
500 2868 649 2922 structura
673 2879 737 2921 csse
753 2860 870 2921 videtur
893 2859 937 2921 illi
959 2861 1042 2919 ‘esse
1064 2856 1271 2917 merebatur’:
1294 2857 1344 2919 bic
1367 2857 1450 2918 addit

157 2962 301 3023 secundae
330 2962 459 3043 syllabae
488 2964 663 3042 posterioris
691 2960 776 3024 verbi
805 2970 923 3042 tempus
944 2979 1036 3021 unum
1060 2968 1091 3021 et
1112 2978 1178 3020 eam
1199 2977 1255 3038 pro
1278 2958 1362 3019 brevi
1384 2959 1448 3021 lon·

122 3089 144 3127 aa
157 3082 223 3141 gana
246 3066 360 3143 posuit,
384 3083 472 3146 quam
496 3067 528 3125 in
551 3066 795 3144 pronuntiatione
811 3064 847 3125 ad
863 3062 1089 3124 slmilitudinem
1112 3062 1193 3123 illius
1208 3080 1297 3122 rerae
1320 3068 1448 3122 structu·

156 3184 204 3227 rae
228 3166 369 3244 redigens
391 3168 552 3247 corripuit,
582 3176 611 3227 et
636 3169 709 3229 tacit
736 3168 871 3229 fraudem
901 3166 1031 3226 sermoni
1059 3183 1114 3245 per
1137 3164 1352 3225 detractionem
1374 3170 1448 3225 tem·

155 3270 250 3349 poris,
275 3276 362 3350 atque
385 3269 454 3329 ideo
477 3268 683 3331 barbarismus
706 3277 761 3331 est.
799 3268 845 3329 vel
867 3267 965 3348 qualis
992 3272 1038 3327 est
1059 3265 1185 3326 ‘Verres
1206 3285 1343 3327 nummos
1365 3285 1448 3327 acce·

155 3372 267 3451 perat'‚
291 3390 360 3431 cum
382 3371 492 3452 optima
515 3379 608 3442 esset,
637 3374 663 3431 si
685 3374 836 3451 posuisset
859 3389 895 3432 ea
917 3369 1058 3430 trochaeo
1080 3370 1200 3429 ctione
1223 3370 1335 3429 maiore
1357 3367 1448 3430 ‘Ver-

154 3493 203 3535 res
229 3492 367 3534 nummos
395 3462 598 3553 acceperat’.¹
628 3473 679 3534 sed
708 3474 744 3533 de
772 3474 828 3535 hoc
855 3490 967 3551 genere
995 3473 1115 3532 vitando
1147 3472 1269 3551 tongum
1297 3478 1344 3531 est
1371 3489 1449 3532 nunc

121 3577 322 3655 aodisputare,
351 3594 418 3637 cum
447 3578 484 3635 sit
515 3575 588 3636 mihi
616 3575 781 3637 destinatus
808 3576 948 3656 proprius
978 3574 1080 3636 titulus
1102 3574 1138 3633 de
1162 3580 1379 3636 structurarum
1401 3592 1448 3633 ra-

155 3681 252 3747 tione,
275 3676 328 3738 ubi
356 3696 423 3738 cum
452 3678 539 3757 plene
563 3680 696 3740 exsecuti
719 3679 881 3753 fuerimus,
910 3676 1136 3757 quibusmodis
1159 3675 1256 3736 bonae
1280 3683 1448 3737 structurae

154 3782 242 3851 baut,
271 3787 300 3840 et
327 3779 438 3861 quibus
465 3779 562 3841 modis
589 3781 725 3850 vitiosae,
755 3781 860 3841 eodem
888 3781 955 3860 ipso
983 3778 1071 3839 titulo
1099 3778 1201 3839 doceri
1228 3785 1370 3857 poterunt
1397 3779 1448 3857 qui

154 3882 210 3943 hoc
239 3898 334 3959 genus
361 3881 540 3943 barbarismi
569 3883 664 3943 vitare
686 3882 848 3952 voluerint,
878 3901 937 3962 qua
959 3883 1073 3941 ratione
1096 3888 1194 3941 rectas
1216 3886 1379 3941 structuras
1401 3898 1448 3939 se·

155 3984 274 4065 quando
302 3984 377 4045 nihil
406 3987 437 4045 in
466 3984 654 4065 temporibus
680 3984 861 4046 barbarismi
887 3990 1010 4065 ponant.
1039 3976 1045 4064 l
1076 3982 1207 4042 secundo
1233 3981 1307 4042 illud
1335 3982 1447 4051 dicunt,

122 4110 144 4149 aa
156 4088 346 4165 mytacismos
369 4095 399 4147 et
419 4084 619 4149 labdacismos
641 4096 671 4149 et
693 4090 866 4149 iotacismos
881 4086 918 4147 ad
936 4084 1115 4147 barbarismi
1138 4085 1269 4164 speciem
1284 4084 1448 4163 pertinere.

156 4188 211 4249 hoc
240 4208 309 4268 ego,
339 4190 417 4269 quod
445 4190 481 4251 ad
511 4198 607 4251 certas
634 4190 751 4251 litteras
776 4190 868 4251 buius
896 4188 976 4248 modi
1003 4190 1106 4248 vitium
1133 4186 1260 4247 reddere
1283 4185 1448 4255 voluerunt,

157 4294 310 4353 nonsatis
339 4290 444 4371 probo.
489 4311 558 4354 narn
586 4300 655 4353 sunt
682 4302 712 4353 ot
740 4292 815 4353 aliae
845 4289 990 4370 quaedam
1012 4290 1145 4359 litterae,
1169 4308 1244 4369 quae
1266 4306 1321 4367 pro
1344 4295 1449 4348 natura

226 4494 346 4561 luvam]
365 4512 434 4558 u,u,
453 4512 493 4547 am
513 4495 546 4545 M
612 4492 682 4561 uara]
705 4492 831 4543 urramM
897 4492 1036 4545 {testona
1056 4490 1090 4542 M
1154 4492 1217 4542 din
1233 4494 1377 4557 posteriore
1394 4494 1450 4542 loco

156 4584 201 4619 ora.
220 4566 254 4616 M
321 4566 338 4618 8
357 4580 463 4631 peccare
482 4582 539 4616 curn
558 4580 608 4615 nou
627 4564 806 4629 M:,·peccare,
825 4578 882 4613 cunr
901 4578 950 4614 non
969 4564 994 4611 in
1014 4562 1165 4612 barbarismi
1182 4563 1276 4612 crimen
1299 4571 1367 4612 esset
1383 4560 1450 4611 redi·

157 4637 271 4703 gendum
288 4637 367 4687 edidit
384 4634 549 4687 Buttmonaus
607 4634 640 4687 13
661 4631 710 4700 sic]
730 4634 781 4683 sibi
799 4632 837 4685 M
890 4634 922 4686 lo
941 4632 1036 4682 incidat
1047 4633 1182 4683 Cremerae
1199 4632 1300 4681 incedat
1316 4632 1349 4681 M
1419 4631 1450 4682 18

157 4705 246 4757 iecerit
268 4706 429 4759 Heinrichiao
450 4708 521 4771 apud
542 4706 716 4757 Buttmaaaum
738 4703 834 4754 lacerat
852 4703 885 4752 M
954 4701 987 4755 19
1010 4703 1071 4752 dum
1090 4709 1217 4754 structura
1235 4702 1269 4751 M
1335 4701 1370 4751 22
1393 4703 1450 4750 ioue

156 4777 323 4842 appellatorio
341 4776 374 4826 M
441 4774 476 4828 23
495 4773 541 4842 ἱΙΙί]
564 4776 624 4825 dicit
637 4776 680 4825 ille
699 4774 730 4825 M
800 4772 834 4825 26
851 4775 977 4823 sermonis
996 4772 1029 4822 M
1095 4774 1129 4823 27
1145 4773 1271 4838 acciperet
1289 4776 1379 4837 priore
1395 4774 1450 4823 toro

158 4847 301 4898 Mam.
315 4849 429 4912 sortasse
443 4847 537 4897 Verres
560 4860 678 4897 nummos
705 4853 838 4909 acceperat
856 4852 880 4895 et
892 4853 982 4909 postea
1000 4858 1118 4893 nummos
1139 4842 1233 4893 Verris
1251 4850 1382 4907 acceperat

156 4916 401 4983 cauponarum
450 4916 637 4982 3tpooentM
681 4914 715 4967 35
728 4914 905 4965 moetacismos
922 4925 948 4963 et
958 4914 1180 4964 lautascismosM
1214 4911 1348 4963 ddvitium
1361 4912 1452 4964 omM

208 5008 383 5051 onnununcr
398 5007 488 5050 canui
503 5007 530 5049 v.
1205 4996 1248 5059 26
