3525 5600
1431 397 1468 470 1t

1270 527 1291 566 p.
1306 515 1405 556 idib-ii
1421 513 1443 554 Ρ.

173 597 281 668 inerit,
304 615 470 679 pronomen
493 597 564 666 erit;
588 597 614 656 si
635 605 753 675 tempus
775 594 887 666 solum,
904 590 918 678 ΙΙ
933 595 1121 674 participium
1144 595 1209 655 erit.
1255 611 1326 673 crgo
1349 603 1466 674 tempus
1479 604 1538 668 aaa,
1551 604 1579 652 11

172 709 201 761 et
232 719 363 781 persona
384 698 520 781 {verbum
554 699 673 760 iaciunt.
709 731 748 742 -
781 695 1015 758 lncbnativa:
1049 695 1232 758 inchoativae
1261 697 1373 758 iormae
1397 697 1470 756 haec

172 802 284 864 debent
304 819 486 880 congruere,
516 810 549 862 nt
571 801 683 861 oriatur
705 819 721 860 a
745 797 870 860 neutrali
893 797 998 867 verbo,
1031 805 1063 858 ut
1084 799 1115 859 in
1137 817 1188 860 sco
1211 797 1352 880 syllabam
1376 807 1468 868 exeat,

172 913 206 964 ut
227 905 334 966 tertiae
356 905 395 964 sit
417 903 632 982 coniugationis
654 919 787 982 semper,
817 909 850 962 ut
871 907 973 961 careat
995 909 1128 980 tempore
1152 900 1283 981 perlecto
1309 897 1314 983 Ι
1339 908 1368 962 et
1389 899 1469 980 plus·

145 1007 397 1086 squamperiecto
427 1014 456 1066 et
482 1006 638 1086 participio
666 1004 757 1064 loturi
787 1003 947 1081 temporis:
981 1000 1096 1064 calesco
1122 1005 1289 1081 praesentis
1317 1005 1469 1082 temporis,

172 1107 356 1170 calescebam
379 1105 555 1184 inperfecti,
584 1106 728 1168 calescam
751 1105 852 1165 lutari.
881 1138 924 1148 —
952 1105 1250 1184 Coniugationes
1272 1104 1468 1166 verborum
1485 1117 1515 1164 12

171 1217 263 1290 quot
284 1211 405 1272 santi:
429 1207 513 1268 multi
529 1207 631 1268 volunt
652 1216 714 1269 tres
736 1207 959 1284 coniugationes
982 1225 1061 1276 esse,
1085 1206 1168 1267 multi
1191 1213 1339 1286 quattuor.
1372 1213 1469 1268 tamen

171 1311 308 1389 singulae
337 1311 415 1372 banc
442 1309 555 1372 babent
580 1307 724 1385 regulam.
769 1309 865 1388 prima
893 1309 1060 1386 coniugatio
1088 1327 1103 1368 a
1132 1307 1305 1388 productam
1329 1307 1418 1370 babet
1439 1311 1469 1370 in

172 1415 268 1474 activo
290 1411 383 1474 verbo
405 1422 436 1473 et
458 1409 584 1473 neutrali
606 1413 636 1471 in
659 1410 789 1472 secunda
811 1427 940 1490 persona
963 1418 1031 1472 ante
1046 1408 1191 1479 litteram,
1206 1411 1237 1470 in
1260 1412 1374 1490 passivo
1389 1429 1469 1474 com·

133 1533 160 1570 ro
173 1517 256 1576 muni
280 1522 311 1576 et
333 1513 494 1595 deponenti
510 1522 578 1576 ante
592 1511 749 1592 syllabam,
772 1519 805 1572 ut
819 1511 906 1572 laudo
922 1510 1033 1581 laudas,
1050 1510 1154 1572 laudor
1169 1510 1308 1574 laudaris
1339 1512 1469 1575 secunda

172 1626 219 1678 est
246 1635 323 1697 quae
356 1619 387 1676 in
414 1619 510 1676 activo
537 1615 629 1676 verbo
656 1622 686 1674 et
712 1611 840 1675 neutrali
873 1631 890 1674 e
923 1612 1096 1693 productam
1124 1612 1213 1674 babet
1245 1621 1313 1676 ante
1346 1617 1469 1676 novissi·

174 1737 253 1779 mam
275 1717 415 1792 litteram,
439 1719 555 1798 passivo
578 1717 728 1777 communi
750 1715 912 1794 deponenti
934 1722 1002 1776 ante
1025 1714 1176 1794 syllabam,
1200 1722 1233 1776 nt
1255 1715 1348 1777 doceo
1371 1717 1469 1786 doces,

174 1820 286 1881 doceor
309 1819 437 1880 doceris.
482 1819 568 1880 tertia
592 1825 637 1878 est
658 1835 734 1897 quae
756 1819 787 1878 in
810 1819 905 1878 activo
928 1815 1019 1877 verbo
1043 1825 1072 1876 et
1100 1815 1227 1878 neutrali
1251 1817 1379 1880 secunda
1401 1837 1469 1900 per·

172 1940 245 1982 sona
267 1923 278 1982 i
300 1928 469 2000 correptam
492 1919 582 1982 babet
602 1927 671 1980 ante
693 1917 836 1988 litteram,
866 1927 899 1979 ut
920 1918 1019 1980 scribo
1042 1917 1156 1979 scribis.
1202 1927 1305 1998 quarta
1328 1929 1373 1982 est
1394 1939 1469 2001 quae

134 2025 205 2084 asin
234 2023 331 2084 activo
359 2022 450 2083 verbo
479 2029 509 2082 et
535 2019 661 2082 neutrali
689 2020 819 2082 secunda
847 2039 974 2101 persona
1004 2029 1072 2082 ante
1101 2020 1228 2082 litteram
1258 2023 1267 2082 i
1295 2021 1468 2101 productam

174 2125 279 2194 babet,
298 2121 305 2206 Ι
323 2127 355 2184 in
377 2125 493 2204 pamivo
515 2131 584 2184 ante
606 2121 764 2202 syllabam,
788 2131 819 2183 nt
841 2121 930 2182 audio
946 2122 1043 2192 audis,
1067 2120 1171 2183 audior
1186 2123 1308 2184 audiris.
1347 2133 1376 2185 et
1398 2143 1469 2186 sanc

173 2225 338 2287 notandum
361 2225 437 2305 quod
461 2226 556 2304 prima
579 2223 708 2285 secunda
731 2232 762 2284 et
783 2232 885 2303 quarta
909 2225 1075 2302 coniugatio
1097 2223 1259 2304 productae
1281 2233 1359 2296 sunt,
1383 2229 1469 2287 tertia

172 2327 235 2388 sola
257 2335 407 2408 correpta.
433 2362 471 2370 —
496 2327 622 2388 tlctavus
643 2325 749 2386 modus
771 2325 890 2405 quidem
914 2325 1022 2402 dicitur
1044 2328 1232 2387 concessivae
1250 2326 1307 2388 ltoc
1323 2327 1468 2408 exemplo,

173 2439 204 2489 ut
227 2430 291 2490 ‘iac
306 2431 392 2508 quasi
407 2427 546 2498 dixeris’‚
569 2428 648 2508 quod
670 2427 871 2508 conpendiosa
895 2427 1004 2489 locutio
1021 2430 1140 2490 invenit.
1158 2463 1201 2474 -
1215 2428 1467 2498 lndicativus,

131 2553 159 2592 eo
173 2534 238 2612 qui
260 2538 296 2591 et
318 2531 641 2610 pronuntiativus:
664 2531 743 2590 inter
765 2531 973 2609 promissivum
998 2538 1028 2590 ct
1048 2529 1239 2591 indicativum
1263 2530 1319 2592 boc
1334 2533 1466 2592 interest.

174 2635 375 2714 promittimus
398 2640 512 2694 tantum
536 2633 648 2700 lutura,
672 2630 837 2691 indicamus
860 2632 997 2694 omnibus
1019 2631 1211 2712 temporibus.
1258 2632 1346 2694 verba
1368 2636 1468 2715 inper-

174 2715 287 2798 sonalia
315 2742 440 2796 currunt
467 2753 520 2815 per
547 2733 665 2804 modos,
695 2732 816 2811 legitur,
845 2732 1016 2811 legebatur,
1039 2733 1148 2795 lectum
1173 2743 1231 2805 est,
1261 2734 1370 2798 lectum
1395 2743 1467 2807 crat,

172 2839 282 2899 lectum
311 2839 422 2905 iuerat,
452 2836 583 2915 tegetum
611 2837 785 2915 imperativo
814 2835 902 2897 modo
934 2836 1063 2915 legatur,
1094 2840 1222 2915 optativo
1244 2837 1333 2900 modo
1356 2840 1467 2900 utinam

172 2941 340 3019 legeretur,
369 2940 481 2999 utinam
509 2938 619 3000 lectum
648 2945 747 3006 esset,
777 2939 889 2999 trtinam
917 2937 1025 3000 lectum
1054 2939 1172 3009 luisset,
1202 2941 1315 3001 utinam
1342 2940 1466 3019 legatur.

131 3062 159 3101 ss
174 3044 214 3103 ita
237 3042 333 3101 currit
354 3058 410 3119 per
431 3040 536 3101 modos
557 3039 716 3101 declinatio
738 3041 829 3100 totins
851 3038 949 3101 verbi:
973 3060 1032 3102 non
1049 3044 1117 3103 sunt
1134 3040 1223 3103 modi.
1253 3043 1377 3119 gerundi
1400 3062 1468 3103 vero

172 3145 241 3205 ideo
263 3143 344 3204 modi
366 3161 426 3203 non
449 3150 527 3211 sunt,
553 3144 620 3220 quia
643 3142 780 3203 videntur
802 3144 886 3219 quasi
909 3144 1152 3220 significationem
1176 3141 1287 3203 lrabere
1308 3146 1466 3223 participii.

173 3265 241 3307 nam
264 3244 384 3325 qnando
407 3242 474 3303 dico
492 3242 498 3325 1
517 3242 650 3321 legendi,
672 3246 828 3323 genetivus
851 3243 967 3304 vitietur
989 3262 1055 3305 esse
1076 3241 1090 3328 11
1111 3246 1257 3325 participii
1280 3247 1371 3307 inturi
1394 3255 1467 3309 tem·

173 3350 255 3427 poris
285 3366 301 3408 a
331 3348 464 3427 passivo,
495 3364 671 3425 quamquem
699 3344 754 3407 alia
782 3346 971 3423 significatio,
1001 3345 1127 3424 legendo
1150 3346 1277 3419 dativus,
1308 3346 1467 3427 legendum

175 3450 370 3509 accusativus.
400 3447 509 3508 lectum
533 3466 603 3508 vero
626 3450 708 3529 quasi
730 3450 915 3508 accusativus
937 3455 983 3507 est
1004 3450 1156 3527 praeteriti
1180 3450 1325 3527 temporis
1348 3452 1466 3529 partici-

130 3572 159 3611 ao
172 3552 224 3631 pii.
250 3546 364 3634 [quasit
389 3548 526 3611 ridentur
549 3549 652 3611 eadem
675 3568 755 3618 esse,
780 3568 846 3609 cum
869 3568 929 3610 non
953 3544 1034 3632 sint]

257 3652 384 3712 Formae
417 3654 456 3712 ita
484 3650 595 3713 debent
622 3650 768 3721 ordinari,
803 3659 835 3711 ut
862 3653 958 3730 prima
986 3644 1023 3711 sit
1051 3649 1233 3722 meditativa,
1264 3652 1393 3714 secunda
1423 3654 1538 3731 insta,
1554 3671 1585 3719 10

173 3752 322 3824 cboativa,
346 3755 432 3815 tertia
453 3754 601 3835 perlecta,
625 3761 728 3833 qararta
751 3754 981 3832 frequentativa,
1004 3751 1071 3813 ideo
1086 3755 1153 3832 quia
1176 3770 1299 3815 necesse
1322 3762 1365 3815 est
1386 3757 1468 3834 prius

172 3863 206 3916 ut
234 3854 429 3926 meditemur,
459 3855 582 3924 deinde,
616 3874 684 3917 cum
711 3854 845 3915 meditati
874 3856 1035 3924 fuerimus,
1070 3862 1102 3915 ut
1128 3855 1318 3927 inchoemus,
1351 3856 1466 3927 deinde,

173 3975 241 4019 cum
262 3956 517 4025 inchoaverimus,
541 3966 573 4017 ut
595 3958 797 4037 perficiamus,
820 3956 943 4027 deinde,
967 3975 1035 4017 cuna
1058 3958 1257 4029 effecerimus,
1281 3965 1314 4019 ut
1328 3959 1466 4037 frequen·

131 4084 160 4123 sc
174 4067 279 4121 temus.
324 4060 381 4120 iste
404 4060 526 4119 coniuse
547 4058 611 4121 illas
632 4061 740 4139 posuit.
778 4058 945 4120 meditativa
968 4059 1062 4120 iorma
1085 4077 1145 4141 non
1168 4060 1279 4139 aliquid
1302 4080 1356 4123 nos
1379 4078 1467 4139 agere

244 4264 304 4316 eod.
324 4264 402 4313 Bevm.
423 4264 444 4313 ll
467 4260 571 4313 6-1*.
620 4264 654 4315 ’1
679 4262 766 4331 inerit]
795 4264 861 4314 berit
936 4262 1084 4314 dorlantnr
1154 4264 1280 4329 syllanum
1306 4273 1399 4314 exerent

172 4335 260 4386 duint
345 4334 642 4399 bpraesentitemporis
728 4333 901 4400 dinperl'ecti
920 4350 966 4386 ova.
1053 4334 1156 4397 iqucd
1181 4342 1239 4383 erint
1326 4333 1464 4402 ssbabent]

172 4404 249 4454 babet
317 4404 471 4469 aprodncta
540 4404 600 4454 liet
618 4406 730 4455 neutrale
798 4414 857 4453 acte
872 4403 956 4453 littera
1028 4404 1060 4454 10
1077 4414 1135 4453 aitte
1153 4405 1252 4469 syllana
1325 4406 1353 4455 11
1375 4420 1388 4453 e
1407 4420 1464 4470 pro·

173 4476 248 4523 dueta
321 4472 353 4523 ta
369 4474 525 4535 tertiaeqnae
542 4474 567 4522 ln
587 4476 670 4525 actium
741 4475 772 4525 15
789 4474 902 4525 secunda
917 4488 1051 4538 personam
1107 4474 1257 4540 iprorlucta
1329 4474 1361 4525 19
1380 4472 1463 4541 qrrasi]

174 4544 235 4608 qaia
303 4546 339 4593 20
355 4544 399 4607 qui
418 4553 458 4592 eet
472 4544 676 4609 pronuntiantibus
744 4544 779 4595 ’13
798 4541 908 4610 legetur]
931 4544 1059 4611 legeretur
1130 4541 1265 4610 att-quasi]
1289 4546 1331 4608 qpi
1346 4546 1395 4595 iam

174 4612 298 4676 28qnam
315 4614 366 4662 elia
435 4612 467 4663 81
487 4614 579 4663 atrimtt
646 4614 681 4667 35
699 4614 900 4664 istaeconlnsae
969 4614 1060 4679 aliquit

244 4838 277 4889 19
293 4838 446 4886 indicativus
458 4838 501 4901 qui
515 4846 540 4886 et
552 4840 758 4903 pronuntiativus
769 4841 885 4890 mactae
899 4854 927 4902 p.
948 4836 1009 4895 381,
1030 4837 1061 4887 18
1131 4838 1163 4888 21
1184 4844 1280 4888 tantum
1299 4838 1386 4889 tuturo
1404 4840 1465 4890 Put-

174 4908 257 4957 critiae
325 4908 360 4957 26
378 4904 464 4973 quasi]
486 4910 613 4972 qnondam
630 4908 763 4960 Proetiae
832 4906 866 4957 34
885 4906 1067 4973 perfecerimus
1083 4906 1216 4961 Pet-rebius

228 4998 403 5041 cremandi
417 4998 509 5041 narrar
523 5000 550 5043 v.
1244 4992 1265 5059 2
