3525 5600
327 377 389 443 212
435 357 438 372 '
888 379 1042 443 nonnnn

352 502 374 545 ρ.
387 489 475 532 aar-ca
488 488 510 530 1.
1160 541 1165 547 ,

328 569 401 630 haee
423 579 520 632 autem
543 587 598 631 nec
620 569 697 628 inter
719 567 895 648 pronomina
919 577 1073 630 numerata
1099 576 1183 638 sunt,
1212 586 1268 630 nec
1295 568 1365 630 inde
1393 569 1533 646 originem
1558 587 1601 630 su·
1705 556 1706 569 ¹

327 680 423 733 munt.
468 670 710 733 undedebemus
732 669 833 733 dicere
855 672 995 752 quoniam
1019 668 1092 732 baec
1114 672 1235 732 nomina
1256 679 1335 732 sunt.

875 842 924 904 nn
945 841 1070 904 venne
1706 800 1708 897 i

209 969 314 1029 111,14
410 961 482 1024 Pars
503 962 557 1022 ista
580 962 667 1032 artis,
691 961 720 1023 id
743 971 788 1028 est
810 961 846 1022 de
868 964 970 1034 verbo,
994 979 1052 1042 quo
1074 962 1168 1022 maior
1191 968 1250 1031 εει,
1275 979 1310 1022 eo
1333 962 1422 1022 etiam
1445 960 1561 1022 uberior
1580 972 1604 1022 et

327 1063 530 1126 rationabilior
545 1072 632 1144 atque
647 1063 758 1126 utilior.
788 1063 910 1126 verbum
934 1074 979 1126 est
1000 1083 1069 1145 pars
1084 1065 1227 1140 orationis
1250 1082 1316 1124 cum
1339 1071 1476 1144 tempore
1499 1070 1527 1123 et
1545 1082 1625 1142 per-s
1706 1046 1707 1089 ³

209 1039 268 1100 eor,
281 1038 314 1087 aa

326 1184 398 1228 sona
420 1167 484 1228 sine
507 1185 591 1228 casu:
625 1168 665 1230 ita
694 1165 834 1228 delinitur
857 1166 989 1230 verbum.
1034 1167 1161 1228 diximus
1182 1165 1306 1227 verbum
1329 1184 1421 1245 quare
1448 1165 1555 1226 ‹licurm
1573 1168 1606 1226 sit

326 1270 455 1348 saepius,
489 1267 526 1330 ab
558 1288 593 1331 eo
626 1269 703 1351 quod
737 1268 892 1332 verberato
927 1276 996 1332 aere
1029 1271 1089 1331 ictu
1121 1268 1240 1346 linguae
1267 1286 1357 1330 sonus
1385 1265 1495 1330 exiliat,
1536 1267 1605 1328 unde

326 1378 483 1450 emergunt
511 1373 597 1433 etiam
628 1374 732 1434 omnes
754 1380 855 1452 partes
878 1373 1030 1434 orationis.
1073 1370 1125 1432 sed
1148 1371 1226 1450 qnod
1248 1373 1303 1432 ista
1324 1379 1409 1451 parte
1432 1370 1605 1450 frequentius

327 1474 438 1535 utimur
459 1475 489 1535 in
512 1472 675 1554 loquendo,
706 1475 774 1536 icleo
796 1472 1013 1556 istageneraie
1041 1472 1098 1536 sibi
1119 1472 1177 1534 boc
1200 1492 1308 1534 nomen
1331 1473 1505 1554 adsumpsit
1546 1490 1606 1533 ecee
1707 1464 1708 1545 J

328 1575 332 1659 l
358 1574 446 1656 [ratio
469 1595 545 1657 quae
567 1576 677 1640 nullam
698 1585 830 1658 praestat
851 1575 1022 1657 utilitatem]
1045 1577 1122 1637 ratio
1139 1577 1204 1637 sine
1219 1577 1344 1638 utilitate
1366 1574 1454 1656 plena
1476 1573 1607 1636 stultitiae
1618 1596 1636 1633 n
1707 1596 1708 1601 ¹

327 1686 382 1740 εει.
427 1697 498 1758 ergo
522 1695 615 1757 quare
637 1681 675 1741 ita
699 1680 844 1750 delinivit,
870 1679 1011 1742 ‘verbum
1034 1686 1080 1740 est
1101 1696 1172 1758 pars
1193 1679 1335 1740 orationis
1356 1687 1475 1756 tempus
1499 1685 1528 1738 et
1547 1695 1607 1757 per·

326 1799 428 1842 sonam
457 1781 544 1843 simul
572 1783 718 1853 retinens,
747 1801 815 1843 casu
845 1781 988 1844 carens'i
1014 1782 1070 1842 ista
1098 1781 1196 1841 omnia
1220 1799 1280 1841 non
1301 1790 1418 1852 vacant,
1442 1779 1523 1860 quod
1544 1779 1609 1840 dixit
1707 1784 1708 1835 5

326 1893 444 1962 tempus
471 1892 502 1945 ει
528 1900 685 1964 personam
715 1884 802 1946 simol
830 1903 897 1946 esse
917 1886 948 1944 in
970 1881 1077 1953 verbo,
1101 1900 1203 1944 casum
1225 1891 1322 1944 autem
1345 1901 1406 1944 non
1428 1900 1506 1944 esse.
1548 1900 1608 1942 nam

325 2004 428 2046 rerum
451 1992 496 2046 εει
518 1987 665 2066 quoniam,
690 1987 714 2046 si
737 1983 798 2048 sola
820 2004 949 2066 persona
972 1986 1018 2055 sit,
1042 2003 1103 2046 non
1124 1984 1196 2045 lacit
1218 1985 1350 2056 verbum,
1366 1984 1421 2047 sed
1435 2002 1607 2065 pronomen:

325 2087 495 2168 pronomini
523 2089 601 2148 enim
630 2087 737 2151 accidit
763 2106 899 2167 persona.
944 2086 1088 2148 sisoium
1112 2093 1229 2167 tempus
1251 2087 1353 2158 luerit,
1376 2105 1438 2148 non
1461 2087 1531 2148 lacit
1552 2104 1640 2146 rer-o
1708 2168 1710 2175 γ

327 2189 407 2262 bum,
431 2190 483 2252 sed
506 2191 708 2271 participium:
733 2192 888 2272 participio
911 2193 990 2253 enirn
1012 2191 1120 2254 accidit
1141 2184 1279 2271 tempus.⁴
1300 2191 1325 2250 si
1347 2197 1514 2269 utrumqne
1530 2185 1611 2250 simul
1708 2178 1709 2183 ’

325 2294 377 2364 ειι,
407 2304 478 2354 tuoe
498 2300 602 2373 potest
629 2293 751 2356 verbum
780 2312 858 2362 esse,
888 2303 922 2356 ut
948 2303 994 2356 εει
1014 2293 1089 2374 lego.
1134 2296 1208 2356 istae
1229 2294 1309 2354 enim
1330 2293 1375 2354 sic
1396 2309 1528 2352 conexae
1550 2297 1612 2351 sunt
1708 2288 1709 2309 ³

326 2394 501 2475 particulae,
530 2402 563 2456 ut
589 2394 668 2457 nulla
696 2397 810 2457 ratione
838 2405 1025 2476 separentur.
1069 2416 1139 2458 nam
1161 2415 1231 2458 eece
1253 2395 1372 2476 quande
1394 2393 1462 2455 dieo
1484 2392 1565 2472 lego,
1586 2399 1613 2452 et
1708 2474 1709 2479 ἵ

325 2499 376 2577 qni
398 2499 453 2558 sim
478 2505 507 2559 et
528 2497 646 2578 quando
669 2504 698 2558 ει
720 2498 789 2580 quid
813 2499 920 2561 laciam
940 2499 1079 2570 ostendo,
1102 2499 1133 2561 iel
1148 2507 1239 2561 estet
1259 2506 1378 2578 tempus
1400 2496 1537 2566 ostensio,
1558 2513 1611 2574 quo

325 2599 434 2680 aliquid
457 2600 578 2672 laeiam,
603 2607 633 2662 et
653 2599 746 2661 nihilo
762 2603 858 2662 minus
880 2621 1038 2682 personam
1053 2601 1189 2665 ostendo:
1213 2603 1268 2662 ista
1284 2601 1344 2662 (luo
1364 2601 1523 2662 coniuncta
1538 2605 1611 2658 sont.
1623 2623 1645 2661 n

326 2719 398 2781 ergo
420 2701 544 2765 verbum
573 2710 618 2764 est
645 2721 715 2784 pars
744 2705 885 2766 orationis
912 2723 989 2786 quae
1018 2703 1107 2766 babet
1135 2714 1253 2784 tempos
1280 2710 1310 2764 ει
1336 2720 1496 2783 personam
1522 2699 1612 2773 simul,

282 2791 286 2801 ’
326 2825 382 2867 neo
409 2812 507 2885 potest
534 2805 590 2867 alia
617 2824 686 2886 pars
708 2805 745 2867 ab
768 2806 824 2869 alia
846 2810 1011 2887 segregari,
1040 2808 1092 2869 sed
1114 2805 1202 2869 sbuul
1224 2814 1294 2869 sunt
1315 2807 1391 2868 duae
1413 2824 1477 2875 res,
1502 2811 1615 2883 tempus
1709 2805 1710 2840 ³

207 2914 355 2981 43⁷,30et
378 2926 514 2987 persona.
546 2912 702 2983 quaeritur
724 2916 822 2970 utrum
843 2910 986 2991 procedat
1007 2912 1062 2973 ista
1085 2908 1227 2985 elocutio,
1256 2926 1312 2986 ego
1326 2907 1402 2986 lego.
1437 2908 1542 2969 vitium
1563 2914 1613 2974 est,

325 3010 534 3091 plenonasmos
558 3017 613 3071 est.
657 3028 724 3072 nam
751 3014 778 3073 si
805 3009 861 3073 boc
888 3014 986 3091 ipsum
1013 3011 1079 3091 lego
1102 3011 1231 3073 ostendit
1252 3028 1426 3091 personam,
1450 3008 1523 3088 quid
1545 3026 1616 3087 opus

328 3121 373 3174 est
394 3121 426 3173 ut
448 3111 537 3174 aucas
560 3128 735 3191 personam,
760 3119 791 3173 ut
814 3112 895 3173 elices
916 3132 972 3193 ego
994 3113 1080 3193 legol
1102 3114 1159 3175 lroc
1175 3115 1254 3175 enim
1270 3115 1366 3193 ipsum
1389 3111 1470 3193 quod
1493 3111 1646 3172 elicimuso
1709 3119 1710 3122 ’

325 3214 392 3293 lego
421 3213 510 3276 babet
537 3233 696 3295 personam
724 3232 808 3275 suam
837 3212 994 3293 loquentis.
1039 3236 1111 3297 crgo
1137 3215 1215 3279 malo
1243 3215 1350 3276 dicitur
1378 3232 1433 3294 ego
1455 3213 1541 3293 lego,
1564 3229 1615 3289 ego

325 3318 429 3386 sedeo,
459 3334 515 3395 ego
544 3316 643 3398 saleim
674 3322 766 3377 totum
794 3315 851 3377 hoc
879 3326 970 3380 vacat
1013 3320 1096 3399 ipsae
1124 3320 1203 3380 eninr
1231 3336 1377 3398 personae
1404 3327 1434 3379 ιε
1461 3315 1558 3395 loqui,
1589 3320 1616 3372 ιε

327 3419 426 3481 dicere
449 3426 478 3479 et
501 3418 658 3479 ostemlere
682 3417 790 3499 aliquid
814 3419 1028 3483 demonstrant.
1071 3420 1141 3500 quid
1165 3427 1210 3481 εει
1236 3418 1309 3481 illoc
1333 3417 1410 3500 quod
1439 3416 1515 3477 (lixit
1537 3417 1617 3476 ‘sine

245 3544 247 3551 ⁴
326 3522 432 3582 easu'i
456 3540 523 3583 nam
539 3522 579 3581 ita
594 3520 738 3593 delinivit,
763 3520 903 3583 ‘verbum
926 3531 971 3583 est
992 3542 1060 3586 urm
1081 3530 1216 3603 tempore
1238 3530 1268 3583 ει
1288 3538 1415 3601 persona
1437 3521 1503 3581 sine
1525 3521 1616 3580 casu'.

326 3622 395 3703 quid
424 3642 498 3703 opus
526 3623 580 3683 luit
608 3631 639 3684 ut
667 3623 779 3684 diceret
805 3623 894 3685 ‘casu
923 3626 1040 3687 earet’i
1068 3643 1123 3704 ego
1150 3626 1231 3685 enim
1257 3625 1325 3684 novi
1352 3624 1422 3700 quia
1449 3640 1540 3684 casus
1561 3639 1651 3683 nono

326 3724 433 3787 accidit
455 3724 555 3785 verbo.
601 3725 653 3787 sed
686 3742 762 3806 quae
795 3729 958 3788 necessitas
990 3746 1058 3789 eum
1091 3726 1224 3808 conpulit
1253 3725 1310 3787 boc
1343 3724 1462 3786 ulceret
1494 3731 1617 3805 propter

326 3846 415 3889 unam
438 3826 644 3889 elocutionem.
690 3837 815 3890 estune
838 3828 981 3899 elocutio,
1008 3848 1084 3909 quae
1111 3848 1204 3910 paone
1228 3831 1387 3907 imaginem
1410 3827 1502 3889 babet
1523 3845 1618 3895 casus,

327 3936 371 3991 εει
399 3938 497 3992 tamen
524 3932 554 3990 in
577 3929 682 3999 verbm
714 3932 890 3993 confitemur
917 3933 1057 4012 qrrooiam
1079 3932 1111 3993 in
1132 3932 1224 3994 verbo
1247 3940 1306 4004 εει,
1337 3940 1436 3992 tamen
1457 3931 1619 4008 imaginem

326 4031 416 4094 babet
438 4050 537 4101 casus,
562 4042 593 4093 ut
615 4040 660 4093 εει
682 4031 753 4093 illoc
776 4033 854 4114 apud
875 4032 1064 4105 Terentium,

479 4134 572 4212 quod
596 4135 689 4196 iussi
712 4135 794 4197 date
819 4135 949 4199 bibere
972 4145 1007 4199 ει
1028 4144 1204 4214 quantum
1226 4135 1421 4217 imperari,
1631 4157 1655 4195 aa

327 4234 460 4316 [bibere]
490 4236 544 4297 ‘da
573 4236 646 4297 mibi
674 4236 805 4301 bibere’.
851 4238 956 4301 bibere
983 4242 1034 4321 qui
1061 4241 1165 4301 modus
1192 4240 1255 4300 esti
1289 4238 1446 4299 infinitivus
1474 4247 1523 4298 est
1555 4238 1620 4297 sine

326 4337 431 4409 dubio,
460 4356 547 4417 quem
577 4337 613 4401 ad
642 4339 762 4402 modum
790 4340 924 4405 scribere
951 4352 981 4403 et
1008 4342 1117 4403 dicere.
1162 4360 1234 4422 ergo
1263 4340 1367 4402 bibere
1388 4341 1554 4401 infinitivus
1577 4346 1622 4401 est

395 4528 462 4578 3na
481 4542 562 4580 nunno
581 4528 667 4581 cml]
685 4528 896 4595 tinitpronomen
915 4545 1036 4582 rnrrrns
1056 4546 1138 4579 osnno
1157 4529 1219 4583 A.
1269 4529 1302 4579 10
1319 4528 1498 4581 stultitieBC
1586 4526 1621 4577 23

327 4599 455 4660 quaeritur
470 4614 517 4651 cm.
537 4598 621 4648 ABG
689 4600 723 4649 25
736 4599 784 4649 boc
799 4602 865 4650 enim
882 4602 966 4665 ipsum
983 4600 1034 4661 (εει
1046 4600 1107 4652 add.
1122 4599 1160 4663 A)
1174 4599 1242 4661 qued
1261 4599 1369 4650 elicimus
1388 4599 1447 4664 lego
1465 4598 1514 4648 lice
1534 4601 1621 4664 ipsum

326 4669 452 4732 (ipsesum
470 4669 508 4732 B)
528 4668 783 4736 qrrnddioimusego
801 4672 859 4737 lege
881 4670 1029 4719 traberna
1103 4670 1138 4719 28
1157 4668 1340 4734 quodomA,
1358 4670 1451 4721 odda
1521 4668 1620 4719 aude-

327 4737 390 4787 iiulit
408 4738 462 4788 Bc
483 4738 613 4790 delinita
682 4739 716 4793 31
736 4740 804 4805 npnel
823 4736 979 4806 Terentium]
1001 4740 1083 4793 Andr.
1105 4740 1137 4789 lll
1150 4740 1218 4802 ·a‚4
1288 4738 1322 4789 311
1336 4739 1421 4788 bibere
1440 4747 1500 4789 ante
1516 4740 1555 4789 da
1571 4755 1620 4791 cm.

327 4806 352 4857 B
422 4808 615 4859 salutantum
641 4819 680 4859 εει
698 4811 722 4859 Α
746 4810 858 4861 inlicitus
877 4819 916 4860 εει
935 4810 956 4859 0
975 4810 1089 4860 inlinitus
1111 4809 1173 4870 Bo,
1195 4817 1221 4859 ει
1244 4812 1282 4859 aie
1304 4816 1448 4861 renawnter
1475 4809 1622 4859 inlinitiuus

327 4877 485 4929 ainornm
506 4880 580 4929 nea
