3525 5600
313 396 376 460 434
876 402 1025 465 PHOGAE

339 520 359 560 p.
374 509 418 550 sn.
432 509 458 550 is
471 507 492 548 c.
1404 524 1426 565 p.
1440 511 1497 552 nis.
1511 511 1537 552 rs
1550 509 1574 552 r.

313 589 394 650 nubo
426 591 528 668 nupsi,
562 588 659 668 scalpo
692 589 813 669 scalpsi,
847 609 921 670 repo
949 591 1043 671 repsi,
1078 610 1166 671 serpo
1193 595 1304 672 serpsi,
1340 590 1443 670 sculpo
1476 563 1598 670 sculpsi:

315 699 435 771 praeter
458 691 529 752 haec
551 709 643 768 pauca
667 701 748 760 sunt,
772 703 847 772 quae
871 712 932 754 non
957 693 1061 754 eadem
1083 695 1271 754 extremitate
1292 695 1437 754 liniuntur
1459 696 1491 754 in
1512 711 1596 772 prae·

314 795 405 863 senii,
434 793 631 872 praeteritum
658 799 757 855 tamen
785 797 816 854 in
845 797 870 855 si
900 795 1042 875 syllabam
1067 798 1202 868 mittunt,
1232 814 1340 876 spargo
1362 797 1474 875 sparsi,
1497 811 1597 872 mergo

314 897 418 965 mersi,
447 902 532 972 tergo
558 897 647 966 torsi,
677 897 762 956 mitto
791 899 872 968 misi,
901 915 956 958 uro
978 901 1055 968 ussi,
1083 905 1240 960 contemno
1262 898 1440 978 contempsi,
1464 897 1596 957 concutio

313 998 464 1067 concussi,
492 1015 564 1074 gero
592 999 685 1076 gessi,
714 1004 744 1058 et
772 999 855 1079 siqua
882 1018 917 1060 ex
940 999 987 1060 bis
1013 1001 1045 1061 in
1071 1002 1263 1082 compositam
1285 1002 1410 1078 liguram
1433 1005 1616 1059 transeunts
1712 1076 1713 1083 ἵ

312 1103 343 1162 in
366 1100 396 1162 xi
419 1097 560 1179 syllabam
587 1101 618 1160 in
646 1102 807 1179 praeterito
835 1102 974 1163 desinunt
994 1102 1086 1164 verba
1106 1122 1182 1183 quae
1204 1105 1235 1164 in
1256 1103 1407 1182 praesenti
1428 1119 1466 1179 go
1488 1099 1596 1180 syllaba

312 1202 526 1270 terminantur,
551 1209 584 1262 ut
605 1203 691 1280 cingo
714 1203 806 1273 cinxi,
830 1205 920 1284 pingo
942 1204 1037 1283 pinxi,
1060 1222 1134 1282 sugo
1156 1207 1238 1275 suxi,
1262 1205 1361 1282 albige
1382 1203 1484 1272 afflixi,
1508 1220 1596 1282 pergo

312 1304 448 1385 perrexi,
471 1320 543 1381 rogo
566 1305 645 1374 rexi,
669 1305 759 1382 diligo
782 1305 885 1376 dilexi,
914 1287 1054 1385 intellego
1074 1306 1217 1369 intellexi.
1242 1304 1258 1388 ΙΙ
1280 1306 1469 1386 excipiuntur
1490 1305 1547 1364 tria
1567 1306 1595 1365 in

314 1409 338 1468 si
360 1406 540 1476 desinentia,
564 1425 639 1485 quae
661 1408 692 1466 in
708 1408 914 1486 superioribus
928 1401 1108 1478 notavimus,
1131 1417 1162 1470 et
1183 1409 1242 1470 alia
1264 1415 1420 1488 quattuor,
1444 1425 1520 1487 quae
1541 1425 1595 1468 non

313 1613 379 1689 lego
401 1610 474 1689 legi,
498 1627 552 1688 ago
575 1612 638 1688 egi;
662 1618 692 1671 et
713 1613 796 1690 siqua
819 1631 854 1673 ex
876 1613 924 1674 bis
945 1620 1178 1693 componuntur,
1201 1612 1381 1692 simplicium
1405 1614 1531 1673 lormam
1552 1631 1593 1672 se·

313 1720 431 1774 cuntur.
475 1712 523 1772 bis
545 1712 639 1773 simile
662 1721 708 1774 est
728 1717 877 1795 impingo,
908 1716 987 1796 quod
1008 1717 1120 1796 impegi
1139 1716 1211 1776 iacit
1233 1715 1437 1794 praeteritum.
1481 1721 1594 1794 praeter

311 1816 385 1878 haec
407 1817 439 1876 in
461 1815 491 1874 xi
513 1817 634 1875 mittunt
654 1819 850 1895 praeteritum
872 1820 937 1880 vivo
951 1819 1026 1887 vixi,
1050 1835 1144 1898 coquo
1165 1819 1246 1888 coxi,
1269 1818 1346 1877 meio
1367 1817 1476 1886 minxi,
1498 1815 1594 1877 inlicio

201 1913 205 1920 ’
313 1917 419 1988 inlexi,
449 1917 559 1996 aspicio
586 1919 702 1996 aspexi,
732 1919 819 1979 ilecto
846 1919 931 1990 llexi,
960 1920 1035 1980 duco
1061 1919 1147 1989 duxi,
1182 1919 1256 1980 vebo
1284 1921 1365 1988 vexi,
1399 1918 1486 1978 trabe
1514 1918 1592 1978 traxi.

201 1544 208 1558 ·
312 1512 344 1570 in
367 1510 410 1579 xi,
434 1508 487 1568 sed
509 1509 540 1568 in
562 1510 591 1586 gi
615 1508 757 1589 syllabam
781 1512 902 1572 mittunt
920 1513 1131 1590 praeteritum,
1157 1519 1244 1589 tango
1266 1511 1366 1588 tetigi,
1388 1511 1496 1588 frango
1511 1510 1591 1587 iregi,
1604 1531 1624 1570 o
1712 1536 1713 1589 j

313 2027 383 2081 sunt
408 2021 514 2080 tertiae
543 2019 757 2097 coniugationis
780 2021 870 2082 verba
892 2041 967 2102 quae
982 2023 1116 2100 'primam
1139 2019 1281 2099 syllabam
1304 2023 1336 2082 in
1357 2022 1521 2100 praeterito
1542 2019 1623 2080 du-rs

312 2122 439 2202 plicant,
462 2139 537 2200 quae
560 2122 659 2180 omnia
682 2121 816 2184 subiecta
837 2131 921 2193 sunt,
946 2132 1033 2202 tango
1049 2124 1149 2201 tetigi,
1171 2123 1249 2202 pelle
1269 2122 1386 2203 pepuli,
1410 2122 1480 2184 sallo
1494 2121 1590 2190 ieielli,

312 2224 409 2304 pendo
442 2222 587 2302 pependi,
622 2224 711 2284 tendo
744 2226 873 2295 tetendi,
906 2243 1005 2304 pungo
1037 2227 1149 2306 pupugi
1183 2223 1246 2302 (sed
1273 2231 1304 2284 et
1331 2225 1425 2303 punxi
1451 2223 1590 2301 dicimus),

312 2324 404 2387 tundo
427 2325 537 2394 tutudi,
561 2324 633 2386 cado
655 2325 768 2395 cecidi,
792 2327 882 2388 caedo
904 2327 1013 2398 cecidi,
1037 2330 1121 2407 pario
1135 2329 1253 2407 peperi,
1270 2322 1275 2391 1
1293 2345 1366 2386 cano
1388 2328 1496 2395 cecini,
1518 2326 1590 2386 disco

313 2427 418 2498 didici,
441 2445 531 2506 posco
553 2429 690 2516 poposci,
713 2447 804 2507 parco
826 2431 948 2509 peperci
972 2426 1054 2507 (lacit
1074 2436 1106 2490 et
1127 2426 1235 2508 parsi),
1259 2447 1348 2488 curro
1370 2431 1500 2497 cucurri,
1521 2427 1589 2508 pedo

312 2530 430 2610 pepedi.
474 2529 547 2589 baec
580 2527 726 2590 adiunctis
758 2529 1031 2609 praepositionibus
1064 2550 1124 2592 non
1156 2530 1260 2590 eodem
1296 2528 1384 2589 mode
1421 2529 1619 2607 proferendae

313 2639 395 2694 sunt:
419 2649 488 2692 nam
510 2629 691 2709 duplicatum
720 2633 751 2692 in
773 2631 902 2711 simplici
923 2633 1017 2711 figura
1039 2632 1182 2712 syllabam
1204 2632 1423 2711 incomposita
1445 2632 1586 2692 amittunt:

313 2735 442 2795 dicimus
457 2736 537 2794 enim
560 2733 611 2803 sie,
635 2733 769 2813 expende
791 2735 930 2815 expendi,
954 2735 1081 2796 decurro
1103 2735 1232 2805 decurri,
1255 2732 1359 2795 refello
1382 2731 1496 2802 refelli,
1517 2750 1586 2792 oom-

313 2837 390 2917 pello
412 2834 555 2915 compuli,
579 2835 703 2896 concido
725 2838 851 2898 concidi.
890 2837 943 2898 sed
965 2856 1001 2897 ex
1022 2837 1070 2897 bis
1091 2837 1149 2897 duo
1172 2837 1233 2898 sola
1255 2834 1523 2916 praepositionibus
1542 2834 1585 2895 ad·

312 2940 396 3001 nexis
417 2939 450 2998 in
473 2954 527 2997 suc
549 2943 626 2997 statu
648 2947 784 3009 manent,
807 2940 891 3001 disco
913 2947 944 3000 et
965 2959 1068 3019 posco:
1097 2939 1227 2999 dedidici
1255 2939 1366 2999 etenim
1389 2946 1420 2999 et
1441 2937 1587 3017 depoposci

313 3042 424 3103 iaciunt
452 3040 656 3119 praeteritum.
701 3059 774 3102 cano
796 3050 896 3103 autem
922 3048 1059 3102 neutram
1082 3040 1213 3118 regulam
1235 3041 1386 3119 sequitur:
1410 3041 1617 3101 concinuistis

313 3144 447 3205 succinui
476 3142 613 3203 dicimus.
657 3146 818 3223 composita
846 3144 972 3203 suntin
1001 3143 1104 3203 eadem
1131 3143 1341 3220 coniugatione
1369 3160 1447 3221 quae
1475 3142 1586 3203 norissi-

313 3264 390 3305 mam
412 3243 557 3325 syllabam
580 3247 732 3322 geminant
753 3248 784 3305 in
806 3246 983 3325 praeterito,
1007 3244 1057 3305 illa
1071 3244 1209 3304 videlicet
1224 3262 1300 3324 quae
1322 3263 1340 3304 a
1361 3243 1400 3303 do
1423 3243 1512 3304 verbo
1532 3246 1585 3323 pxi-

314 3364 378 3407 mae
394 3348 612 3424 coniugationis
628 3354 859 3426 componuntur,
883 3347 978 3408 condo
992 3346 1126 3415 condidi,
1150 3346 1243 3407 redde
1265 3346 1398 3416 reddidi,
1421 3348 1514 3428 perdo
1526 3365 1584 3425 pcr-

314 3449 389 3518 olidi,
412 3448 497 3509 trado
520 3447 644 3517 tradidi,
668 3449 762 3510 subdo
784 3449 919 3518 subdidi,
943 3448 1036 3528 prodo
1058 3448 1190 3528 prodidi,
1214 3448 1290 3509 addo
1312 3448 1425 3518 addidi,
1448 3446 1521 3509 abdo
1541 3447 1584 3507 ab

314 3550 387 3612 didi.
430 3549 569 3611 similiter
591 3552 785 3629 proiciuntur
808 3552 899 3612 credo
921 3551 1050 3620 credidi,
1075 3551 1170 3611 vendo
1192 3549 1322 3611 vendidi.
1594 3566 1614 3607 u
1712 3611 1713 3636 3

383 3735 417 3785 20
435 3735 498 3786 haee
515 3737 643 3787 adiunctis
661 3737 892 3804 praepositionibus
906 3738 981 3791 Gltor.
999 3737 1059 3802 256,
1072 3737 1106 3789 20

381 3910 398 3958 2
415 3910 521 3959 eandem
535 3909 560 3959 P
610 3908 628 3959 3
646 3924 738 3975 spargo
752 3924 841 3975 mergo
860 3910 937 3959 mersi
953 3917 1026 3976 tergo
1043 3910 1066 3961 ei
1084 3911 1184 3975 mittop
1200 3922 1296 3974 spargo
1315 3909 1399 3974 sparsi
1417 3922 1501 3973 mergo
1516 3905 1581 3955 merei

313 3980 385 4030 mitto
402 3980 447 4038 Fe
466 3994 560 4047 spargo
576 3980 779 4030 mersimittoP
829 3980 924 4044 8rego
942 3982 998 4029 rexi
1014 3995 1060 4032 om.
1081 3981 1106 4029 P
1153 3978 1272 4044 intelligo
1288 3980 1315 4028 xi
1337 3979 1389 4043 ligo
1407 3979 1433 4026 xi
1450 3993 1466 4041 p
1483 3975 1581 4039 intelligo

313 4049 426 4101 intellexi
444 4048 512 4115 lingo
528 4050 573 4099 lixi
591 4059 650 4115 tego
663 4049 690 4098 xi
704 4062 720 4105 ς
773 4050 789 4101 9
808 4065 870 4114 quae
890 4050 916 4098 in
933 4052 1052 4114 superius
1063 4050 1089 4097 P
1099 4064 1164 4114 quoe
1180 4050 1330 4114 superiusp
1385 4046 1419 4097 10
1435 4056 1509 4112 tango
1522 4046 1582 4109 tongi

314 4120 338 4168 P
389 4119 419 4170 ll
439 4119 546 4170 formem
565 4128 682 4170 secuntur
702 4118 860 4169 iormembis
879 4121 904 4169 P
956 4120 989 4170 12
1006 4120 1074 4183 quod
1091 4121 1117 4169 in
1132 4120 1220 4184 inpegi
1237 4120 1262 4168 P
1331 4116 1363 4168 13
1382 4117 1467 4167 iniicio
1484 4114 1583 4164 inlixiP

383 4190 415 4241 14
430 4190 496 4239 duco
513 4189 577 4239 duxi
595 4189 652 4238 dico
670 4189 731 4245 ιίς
794 4189 825 4240 17
842 4204 929 4255 pungo
946 4191 1063 4255 pupungi
1081 4189 1106 4237 F
1161 4188 1193 4239 18
1211 4189 1290 4239 tundo
1308 4188 1393 4239 tutudi
1412 4186 1473 4235 cedo
1490 4184 1581 4234 dicado

312 4260 394 4309 cecidi
407 4274 425 4324 p
439 4260 517 4309 tundo
536 4259 619 4308 tutudi
631 4258 694 4308 eade
709 4258 787 4309 cecidi
803 4260 865 4309 cedo
880 4260 959 4309 cecidi
975 4273 992 4315 ς
1008 4260 1085 4309 tundo
1104 4258 1184 4309 totudi
1203 4258 1313 4323 (totundi
1330 4260 1356 4308 P
1370 4255 1453 4307 tutudi
1468 4256 1499 4320 s)
1515 4253 1581 4304 caedo

312 4329 461 4380 oecidiPP
510 4328 542 4379 19
556 4329 622 4393 pedo
640 4329 733 4394 pepedi
749 4342 791 4393 ps
806 4330 890 4393 pendo
905 4329 1016 4395 pependi
1034 4330 1087 4379 PF
1133 4330 1164 4379 21
1183 4328 1291 4393 figuram
1308 4326 1334 4375 P
1382 4330 1409 4377 in
1426 4326 1582 4391 conpositione

312 4401 358 4455 Fe
411 4398 445 4448 22
462 4398 577 4463 conpello
593 4398 869 4463 conpulltionpello
889 4398 1172 4465 conpelliPoonpello
1189 4398 1207 4447 li
1221 4399 1261 4448 nel
1273 4397 1419 4462 compulig
1467 4394 1581 4447 bidedio‘

313 4469 405 4519 etenim
422 4474 447 4518 et
461 4468 598 4535 depoposci
609 4469 634 4517 P
646 4476 671 4519 et
683 4468 761 4517 didici
777 4469 841 4518 enim
856 4480 880 4519 et
896 4470 1066 4535 depoposeiP
1077 4482 1135 4518 nam
1147 4467 1259 4518 dedidiei
1274 4475 1299 4517 et
1311 4467 1452 4533 depoposci
1466 4480 1483 4521 ς
1527 4462 1581 4513 iba

313 4554 376 4589 cano
391 4546 475 4588 autem
486 4540 626 4604 composite
643 4547 757 4588 neutram
774 4540 886 4605 regulam
899 4551 1047 4602 sequuntur,
1060 4540 1118 4601 quia
1130 4540 1218 4587 occino
1236 4538 1344 4601 occinui,
1359 4538 1461 4587 succino
1471 4532 1580 4588 succidui,

313 4617 336 4659 et
351 4609 456 4659 concino
472 4610 597 4672 concinni,
609 4609 676 4663 lacit.
693 4616 718 4658 et
729 4609 751 4658 si
764 4624 814 4672 qua
826 4610 967 4674 composita
981 4610 1007 4658 in
1020 4608 1109 4657 eadem
1119 4608 1297 4673 coniugatione
1313 4608 1417 4656 averbo
1428 4606 1520 4671 primae
1529 4616 1580 4651 eon-

314 4680 451 4743 iugatiouis
468 4688 652 4745 componuntur
665 4677 799 4729 Pctscbine
866 4680 972 4729 concino
987 4680 1030 4727 nui
1041 4679 1144 4727 succino
1158 4680 1202 4727 uui
1217 4678 1323 4727 dicimus
1341 4676 1478 4742 composite
1491 4682 1543 4721 sunt
1557 4671 1579 4747 io

313 4748 400 4798 eadem
419 4750 597 4814 coniugatione
615 4764 709 4813 qnaep
728 4749 844 4797 concinui
863 4759 887 4799 et
901 4765 948 4799 sua
965 4749 1095 4815 conposita
1111 4756 1170 4797 sunt
1188 4749 1214 4796 in
1230 4748 1319 4797 eadem
1336 4744 1531 4823 coniugationerp
1547 4754 1581 4801 qm

314 4818 338 4866 F
353 4819 470 4869 concinui
485 4817 555 4873 iacit.
574 4826 598 4868 et
611 4820 684 4881 eique
702 4818 843 4884 compositu
858 4820 883 4868 in
902 4819 990 4868 eadem
1008 4819 1196 4886 coniugatione.
1217 4818 1337 4880 qnoniam
1353 4831 1370 4873 ς
1422 4815 1455 4866 ab
1471 4824 1577 4875 conruga-

313 4888 407 4939 tionem
424 4888 449 4937 P
517 4887 550 4941 30
569 4888 653 4938 nendo
672 4888 735 4939 didi.
755 4895 858 4955 excepto
877 4890 997 4940 circundo
1009 4888 1069 4939 dedi
1083 4887 1152 4954 quod
1166 4886 1303 4939 secundam
1318 4898 1453 4953 personam
1469 4882 1523 4933 lacit
1536 4879 1575 4928 eir·
