3525 5600
335 373 399 440 282
535 415 539 424 ·
902 377 1056 442 Pournu

362 485 513 539 smne

336 566 539 644 tienscumque
561 572 628 646 pust
650 567 782 644 integros
803 566 896 646 pedes
917 575 1053 647 superest
1067 567 1188 647 syllaba,
1212 584 1287 646 quae
1302 567 1480 629 determinat
1494 585 1610 631 sensum.

335 674 406 747 puta
429 671 454 729 si
475 668 557 730 dicas
579 669 723 748 ‘optimus
746 671 907 739 omnium',
931 670 1059 750 optimus
1082 671 1214 730 oninium
1236 669 1294 730 duo
1317 669 1422 749 dactyli
1445 680 1528 739 sunt;
1549 689 1611 749 ergo

335 770 421 831 colon
445 778 498 831 est.
543 773 659 830 ‘arma
688 773 880 851 virumque
909 776 1030 842 cauo',
1066 791 1148 833 arma
1177 774 1331 852 virumque
1352 791 1402 841 ca,
1426 791 1465 832 no
1488 782 1611 852 superest

334 871 457 952 syllaba,
487 891 561 952 quac
589 881 702 953 partem
732 874 870 934 terminat
898 876 1053 943 orationis;
1086 873 1143 935 boc
1171 893 1286 935 comma
1319 881 1507 936 rocaverunt.
1549 893 1610 953 ergo

334 978 376 1035 sic
399 976 485 1038 colon
508 973 624 1045 dicunt,
655 977 920 1056 quotienscumque
948 975 1040 1056 pedes
1062 977 1170 1055 integri
1193 975 1393 1038 determinant
1418 985 1532 1056 partem
1553 992 1631 1037 ora-r
1710 1000 1712 1097 q

335 1079 439 1146 tionis;
463 1083 606 1138 commata
624 1077 734 1148 dicunt,
758 1080 1020 1158 quotienscumque
1036 1097 1126 1157 super
1141 1080 1231 1158 pedes
1246 1079 1377 1158 integros
1392 1076 1504 1157 aliquid
1519 1097 1611 1158 super·
1710 1102 1711 1153 p

333 1179 412 1249 lluit;
444 1197 479 1240 ex
502 1181 567 1240 istis
590 1178 663 1240 colis
696 1189 724 1241 et
747 1180 940 1242 commatibus
968 1180 1093 1241 dicimus
1121 1181 1276 1261 periodon.
1321 1188 1351 1240 et
1377 1180 1519 1242 dixerunt
1539 1188 1611 1258 quat·
1710 1156 1712 1239 l

333 1289 400 1342 tuor
416 1299 480 1342 esse
495 1283 662 1343 necessaria
679 1281 752 1343 cola.
784 1299 854 1361 ergo
870 1283 1006 1363 plerique
1029 1285 1059 1342 in
1083 1283 1206 1362 periodo
1228 1283 1369 1344 dixerunt
1391 1283 1610 1363 conponenduur
1710 1274 1711 1357 l

334 1399 413 1452 esse;
440 1383 489 1444 alii
511 1385 599 1462 periti
622 1381 760 1445 dixerunt
783 1393 812 1445 et
832 1387 863 1444 in
886 1383 952 1445 colo
976 1392 1005 1444 et
1025 1386 1056 1444 in
1080 1393 1224 1446 commate
1239 1404 1410 1466 conponere
1432 1404 1488 1446 nos
1503 1385 1610 1445 debere.
1710 1368 1711 1387 ¹

334 1493 363 1546 ct
391 1485 527 1547 dixerunt
549 1493 687 1565 quattuor
710 1504 775 1546 esse
805 1487 970 1546 necessaria
998 1487 1072 1548 cola.
1118 1488 1170 1548 sed
1198 1487 1267 1568 quid
1291 1488 1327 1548 ad
1361 1489 1442 1548 rem?
1488 1495 1569 1567 potes
1588 1495 1641 1550 ctu
1710 1484 1711 1549 ᾗ

334 1589 434 1666 viginti
463 1587 562 1649 lacere
589 1586 652 1648 cola
681 1595 710 1648 et
738 1588 840 1648 decem
872 1597 901 1649 et
922 1588 1091 1666 quindecim
1120 1597 1148 1650 et
1173 1589 1344 1659 duodecim,
1374 1599 1407 1648 ut
1428 1588 1568 1650 lrabcrnus
1586 1590 1612 1648 in

333 1690 476 1752 Cicerone
498 1688 660 1751 ‘nihilne
681 1697 716 1751 te
740 1701 962 1752 nocturnum
985 1692 1213 1771 praesidium
1235 1690 1369 1760 Palati,
1399 1690 1496 1752 nibil
1519 1690 1613 1752 urbis

333 1791 499 1870 vigiliae,
524 1790 618 1852 nibil
635 1793 743 1852 timor
759 1791 901 1872 populi,
919 1791 1012 1873 nibil
1029 1811 1234 1855 concursus
1250 1792 1428 1855 bonorum
1445 1795 1611 1860 omnium.
1710 1800 1711 1859 l

333 1893 424 1956 nihil
454 1893 513 1955 hic
543 1895 818 1954 munitissimus
847 1893 1008 1954 habendi
1036 1895 1356 1958 senatuslocusl’
1390 1894 1550 1975 quamdiu
1571 1912 1613 1953 ro·

302 2053 307 2063 .
332 1996 421 2058 luerit
443 2007 543 2058 orator
565 1987 756 2076 praemittere
779 2004 887 2076 partes,
912 2003 1010 2075 petest
1031 1997 1094 2057 lteri
1125 2006 1157 2057 ut
1178 1997 1349 2058 admittatur
1372 2000 1426 2058 isla
1449 1997 1512 2067 lex,
1535 1997 1610 2057 dum·
1624 2021 1643 2058 u

334 2099 421 2160 modo
445 2100 539 2160 omnis
555 2098 603 2161 illa
621 2091 799 2179 praemissio
818 2100 875 2159 line
898 2096 1061 2168 claudatur,
1085 2099 1115 2159 id
1139 2107 1183 2159 est
1204 2105 1338 2159 extremo
1361 2099 1459 2178 aliquo
1481 2100 1538 2160 lrue
1559 2098 1613 2159 col·

331 2201 440 2279 ligatur
463 2207 555 2262 toturn
578 2200 649 2262 illud
673 2200 751 2278 quod
776 2200 952 2270 dissidebat3
976 2200 1054 2280 quod
1077 2219 1131 2280 per
1153 2209 1252 2281 partes
1267 2200 1378 2263 dictum
1394 2210 1438 2262 est
1452 2203 1612 2279 superius,¹
1710 2212 1711 2279 j

332 2303 488 2382 colligatur
516 2323 532 2365 a
561 2303 618 2363 lure
647 2311 676 2364 et
703 2302 867 2380 colligetur.
914 2320 985 2379 ergo
1013 2306 1180 2383 quaeritur,
1214 2321 1273 2383 quo
1301 2306 1332 2364 in
1359 2303 1426 2364 loco
1453 2320 1615 2382 conponere
1710 2294 1711 2359 l

333 2405 506 2474 debeamus,
535 2413 633 2466 utrum
663 2405 719 2464 lroe
746 2403 825 2473 loco,
858 2403 989 2464 ‘nihilne
1022 2412 1051 2464 te
1079 2412 1256 2467 nocturnum
1289 2406 1471 2486 praesidium
1501 2404 1614 2473 Palati',

333 2515 365 2568 ut
387 2525 552 2588 conponam
575 2505 664 2567 ‘nibil
689 2506 770 2566 urbis
794 2505 935 2584 uigiliac',
958 2514 992 2567 ut
1014 2525 1179 2588 conponam
1203 2517 1232 2568 et
1254 2507 1320 2576 boc,
1344 2506 1435 2568 ‘nibil
1458 2509 1546 2568 timor
1566 2525 1646 2585 poe

331 2609 394 2689 puli
403 2615 422 2680 ⁹,
447 2617 476 2670 et
499 2611 605 2671 iterum
628 2608 684 2669 boc
707 2607 781 2678 loco,
805 2608 895 2669 ‘nibil
918 2627 1083 2670 concursus
1105 2609 1253 2670 bonorum
1268 2611 1435 2678 omnium’;
1459 2627 1496 2670 an
1518 2611 1547 2670 in
1562 2611 1615 2669 isto

333 2711 398 2772 locu
421 2719 533 2772 tantum
556 2709 660 2780 morlo,
691 2710 781 2771 ‘nibil
804 2710 912 2770 borum
935 2730 986 2772 ora
1009 2711 1165 2792 vultusque
1191 2717 1380 2781 moreruut’,
1414 2711 1443 2770 id
1467 2720 1511 2773 cst
1532 2731 1568 2772 au
1588 2712 1615 2770 in

331 2816 387 2875 isto
411 2823 543 2875 extremo
567 2814 649 2891 quasi
673 2824 827 2884 commate,
852 2832 890 2873 an
912 2832 966 2893 per
990 2816 1087 2876 omnia
1115 2813 1286 2876 debeamus
1332 2822 1362 2875 et
1383 2814 1519 2895 plerique
1539 2814 1615 2874 dise·
1710 2829 1711 2904 p

332 2926 401 2977 runt
423 2919 452 2977 in
476 2924 625 2984 extremo,
654 2914 788 2996 plerique
811 2936 864 2995 por
888 2917 986 2976 omnia
1009 2918 1064 2977 ista
1087 2915 1166 2987 loca,
1191 2926 1237 2987 ut,
1262 2916 1365 2989 ubiubi
1386 2918 1488 2977 linitur
1510 2934 1614 2982 sensus,
1710 2931 1711 3000 ς

331 3018 391 3078 illic
415 3020 502 3078 etiarn
524 3017 684 3079 clausulam
707 3036 808 3097 ponas,
833 3017 902 3078 licet
924 3037 983 3079 non
1006 3020 1043 3079 sit
1064 3017 1220 3098 coupletus
1242 3037 1354 3087 sensus
1378 3018 1429 3079 sed
1453 3036 1508 3098 per
1522 3025 1647 3098 partesee
1710 3017 1711 3056 i

331 3131 429 3181 sumat
451 3120 706 3181 declamationem.
751 3138 818 3180 narn
845 3123 896 3200 qui
924 3120 995 3181 dicit
1024 3119 1155 3182 ‘nilriluo
1183 3129 1212 3180 te
1241 3127 1418 3181 nocturnum
1443 3120 1614 3199 praesidium
1710 3111 1711 3158 ἶ

331 3223 444 3293 Palati',
469 3222 583 3283 videtur
606 3224 689 3302 quasi
712 3224 905 3301 conposuisse
927 3224 1001 3290 iarn:
1025 3222 1110 3283 ‘nibil
1133 3221 1217 3283 urbis
1240 3221 1381 3300 vigiliam,
1407 3222 1521 3282 ridetur
1536 3221 1614 3300 quasi
1710 3255 1711 3308 p

288 3395 296 3409 ,
333 3326 430 3386 [inisse
453 3342 586 3393 coruma;
611 3322 700 3384 ‘nibil
724 3326 811 3383 timor
833 3324 962 3404 populi',
987 3324 1101 3386 ridetur
1123 3326 1205 3404 quasi
1228 3325 1423 3403 conposuisse
1446 3324 1512 3383 iarn.
1548 3340 1615 3399 ergo
1710 3311 1711 3390 l

332 3426 498 3507 quaeritur,
524 3434 624 3487 utrurn
649 3446 702 3507 por
723 3425 835 3505 singula
859 3426 1030 3497 debeamus,
1054 3428 1136 3488 auin
1153 3434 1295 3487 extremo.
1328 3434 1357 3487 et
1372 3425 1505 3506 plerique
1520 3424 1616 3485 dieunt
1710 3447 1711 3468 1

331 3530 361 3589 in
385 3529 443 3588 line
466 3530 586 3607 capitis.¹
603 3528 736 3609 plerique
759 3546 813 3607 per
835 3528 960 3607 singula.
992 3530 1097 3591 molius
1119 3537 1217 3589 tamen
1241 3537 1286 3589 est
1308 3536 1341 3588 ut
1363 3546 1417 3587 nos
1438 3528 1467 3587 in
1485 3526 1648 3590 omuibusru
1710 3523 1711 3588 l

332 3647 492 3691 servemus
532 3648 589 3711 qua
613 3631 745 3691 ratione?
767 3633 906 3710 quoniam
930 3633 960 3691 in
984 3640 1111 3710 utroque
1134 3628 1310 3691 babebimus
1332 3647 1458 3710 parere:
1481 3631 1528 3707 qui
1549 3628 1617 3688 dicit

333 3734 383 3793 ‘in
407 3732 497 3801 llne',
529 3740 615 3809 negat
638 3733 686 3792 ‘in
708 3732 947 3812 superioribus';
979 3736 1030 3813 qui
1051 3743 1148 3793 autem
1172 3732 1243 3794 dicit
1265 3734 1313 3792 ‘in
1337 3730 1509 3799 ournibus’‚
1539 3731 1614 3790 etin
1710 3757 1711 3786 i

246 3826 249 3832 ’
332 3836 399 3896 llue.
442 3842 471 3893 et
493 3834 550 3894 boe
572 3832 678 3895 melius
701 3841 760 3895 est:
800 3842 829 3895 ct
850 3834 929 3897 illius
957 3834 1170 3896 cavillationem
1198 3835 1271 3895 silas
1300 3845 1330 3895 et
1358 3831 1436 3893 illius
1466 3832 1616 3893 cavillatio·

333 3956 411 3997 uenr.
456 3954 535 4015 quae
555 3943 651 3999 autern
675 3945 831 3997 serventur
853 3938 1071 4016 conpositiones
1100 3935 1145 3997 rel
1167 3953 1225 4015 quo
1248 3936 1347 4006 modo,
1370 3934 1408 3997 ab
1430 3944 1544 3997 oratore
1563 3951 1615 4011 po-

332 4048 389 4101 test
411 4040 498 4101 disci.
1626 4060 1650 4099 aa

377 4164 382 4167 .
399 4160 634 4167 --.—-—·—-

401 4228 469 4278 bsic
487 4226 560 4277 colon
579 4228 762 4277 Lindernuunus
780 4226 802 4275 si
817 4226 890 4277 colun
909 4226 991 4277 ABG
1061 4226 1077 4275 7
1095 4225 1209 4275 dicemus
1227 4224 1351 4290 periodon
1370 4224 1424 4275 BG
1492 4225 1521 4276 lll
1539 4232 1616 4290 potest

333 4298 414 4349 ABG
502 4298 575 4347 ll'ur
596 4294 859 4361 Ciceronc]inCatll.
880 4297 973 4357 11‚1
1064 4294 1245 4361 leporariiA
1328 4295 1358 4347 13
1376 4294 1550 4346 concursusB

333 4369 365 4418 14
383 4368 426 4417 hio
443 4384 488 4419 ora.
508 4367 541 4429 B,
561 4366 651 4420 addb
723 4366 940 4417 minitissimam
1013 4366 1044 4417 17
1063 4366 1203 4415 ‹tisstdebar
1214 4364 1248 4415 a*
1265 4364 1396 4415 desidebat
1410 4366 1462 4415 BG
1478 4364 1616 4415 discedebat

331 4438 372 4487 A?
443 4437 560 4503 superius
575 4436 709 4501 colligatur
727 4454 743 4487 o
761 4436 810 4485 line
829 4444 853 4485 et
871 4436 1005 4503 colligatur
1026 4434 1050 4485 Β
1067 4437 1185 4501 superius
1204 4444 1242 4485 est
1261 4434 1398 4503 colligatur
1417 4452 1432 4483 u
1448 4435 1495 4484 lloe
1512 4443 1536 4483 ct
1551 4432 1615 4482 colli-

332 4518 407 4571 gatur
423 4508 446 4555 Α
465 4508 584 4571 superius
603 4506 737 4572 colligator
756 4522 770 4555 a
790 4506 880 4555 lineet
898 4508 1030 4571 colligetur
1048 4503 1081 4557 a*
1099 4507 1220 4570 superius
1237 4521 1252 4555 a
1271 4504 1320 4555 line
1339 4515 1364 4555 et
1382 4503 1554 4570 colligaturC

334 4578 366 4629 lu
385 4576 472 4642 palatii
490 4578 521 4626 a*
542 4578 634 4642 palati.
655 4578 680 4626 Α
751 4577 784 4629 26
803 4576 880 4625 sumit
893 4575 1100 4625 declamationem
1118 4576 1144 4625 B
1151 4572 1209 4627 Oa*
1228 4577 1305 4626 sumit
1323 4574 1551 4627 declinationemA

332 4649 366 4697 '27
382 4647 469 4713 palatii
484 4644 517 4697 a*
532 4647 624 4712 palati.
647 4648 670 4696 Α
724 4646 757 4697 33
776 4654 800 4696 et
818 4645 889 4695 illius
911 4645 1098 4695 cauillatioucm
1114 4644 1316 4710 (gauillarionem
1335 4646 1387 4704 th
1406 4646 1496 4696 multas
1511 4652 1535 4693 et
1551 4642 1614 4692 illius

333 4716 518 4767 cauillationem
538 4715 742 4785 (geulllatiouem
756 4716 808 4780 Cb)
827 4714 879 4765 BG
893 4725 918 4763 ct
935 4716 1005 4763 illius
1026 4715 1211 4765 cauillatiouem
1227 4716 1308 4777 (corr.
1327 4715 1384 4779 -uel
1404 4716 1494 4765 multas
1512 4722 1534 4763 et
1551 4712 1613 4761 illius

334 4786 494 4837 cauillatione
512 4786 536 4835 Α
590 4786 623 4837 at
640 4787 844 4854 praepositiones
859 4786 941 4836 ΑΒΒ
1009 4782 1043 4835 35
1062 4784 1112 4833 dici
1131 4785 1155 4833 Α
1174 4785 1223 4834 dici
1244 4801 1358 4835 uxuurcrr
1376 4802 1408 4836 on
1430 4794 1613 4835 rurunrecuoss

335 4856 359 4904 Β
377 4856 427 4905 dici
445 4873 477 4906 ua
497 4871 692 4909 rureurucrrous
715 4860 779 4907 axii
805 4858 862 4908 ruce'
877 4871 909 4907 oe
928 4868 1088 4905 aasasursrro
1106 4870 1237 4906 surerenas
1257 4856 1278 4906 G
