3525 5600
342 378 405 441 144
908 379 1059 444 POMPEll

366 500 388 541 p.
404 485 526 529 too-ost.

342 569 422 628 circo
450 573 479 627 et
504 568 569 644 ipse
597 566 766 626 moderatus
793 577 839 628 est
866 576 895 628 et
917 569 957 628 ait
979 571 1037 638 sic,
1061 567 1196 648 ‘quando
1218 586 1322 629 sensus
1344 569 1503 639 minuitur,
1525 573 1625 632 crescit

340 687 430 748 saepe
459 685 598 728 numerus
626 667 832 748 syllabarum’.
876 689 935 732 noo
965 670 1038 731 dixit
1064 673 1225 749 ‘sempsit
1271 671 1437 731 invenimus
1470 671 1623 732 secundam

342 779 371 832 et
392 773 509 830 tertiam
532 769 772 839 diminutionem
795 791 915 832 sensum
938 773 1057 852 quidem
1080 775 1200 844 minuit,
1220 774 1255 832 in
1276 772 1369 833 isdem
1392 780 1490 832 tamen
1512 772 1625 853 syllabis

341 879 510 952 permanet:
545 880 616 951 quot
637 871 740 933 hahuit
762 876 857 952 prima
879 877 987 953 positio
1010 894 1025 935 a
1049 883 1167 943 natura,
1193 882 1235 934 tot
1256 874 1365 935 habent
1388 873 1514 954 syllabas
1537 882 1566 936 et
1585 877 1624 936 di·
1705 897 1706 908 ¹

341 974 634 1045 minutiones‚·licct
661 993 765 1036 sensus
796 977 953 1037 minuatur.
999 996 1070 1056 ergo
1098 975 1270 1058 principalia
1299 984 1368 1037 sunt
1389 995 1464 1056 quae
1487 995 1503 1037 a
1526 986 1647 1038 naturas

340 1078 426 1143 liunt,
450 1076 608 1136 derivativa
631 1096 705 1156 quae
727 1078 797 1138 inde
819 1088 990 1149 nascuntur,
1014 1079 1185 1140 diminutiva
1208 1075 1307 1159 quael
1327 1079 1414 1139 etiam
1437 1097 1554 1140 sensum
1576 1081 1625 1140 mi·
1706 1101 1707 1112 ¹

341 1185 444 1240 nuunt.
476 1186 506 1238 et
528 1178 565 1238 de
587 1178 799 1259 principalibus
822 1181 911 1240 etde
933 1179 1113 1242 diminutivis
1136 1188 1181 1242 cst
1202 1184 1291 1250 ratio;
1315 1181 1352 1242 de
1368 1181 1538 1242 derivativis
1555 1182 1625 1244 nulla

340 1284 415 1342 ratio
438 1288 492 1342 est.
535 1281 648 1341 idcirco
677 1282 754 1341 cauti
782 1301 846 1342 esse
874 1281 1033 1353 debemus,
1057 1302 1095 1344 ne
1118 1283 1194 1344 male
1215 1285 1392 1362 interrogati
1414 1291 1464 1344 aut
1486 1283 1563 1344 male
1584 1304 1626 1345 re·
1707 1317 1708 1366 3

340 1385 520 1463 spondentes
548 1383 741 1444 soloecismos
767 1386 919 1445 iaciamus,
963 1387 1071 1446 scimus
1101 1387 1179 1445 enim
1202 1393 1252 1445 aut
1273 1387 1389 1446 intentu
1411 1384 1561 1464 loquentis
1582 1395 1628 1446 aut

339 1505 394 1566 per
420 1488 641 1566 usurpationem
671 1487 736 1548 lieri
763 1487 931 1548 derivativa.
977 1506 1034 1547 non
1050 1485 1183 1567 *possum
1212 1487 1267 1548 tibi
1295 1486 1411 1555 dicere,
1441 1487 1626 1548 derivatimm
1640 1509 1658 1546 n
1708 1476 1709 1558 l

339 1592 380 1649 ita
409 1591 482 1658 exit,
512 1607 599 1650 mons
626 1597 798 1658 montanus,
827 1591 895 1649 lons
923 1590 1078 1660 lontanus,
1108 1598 1140 1650 ut
1162 1590 1192 1650 in
1216 1607 1271 1650 nus
1301 1596 1399 1660 exeat;
1428 1607 1489 1650 non
1511 1609 1628 1669 possum
1708 1567 1709 1604 ³

340 1690 394 1751 tibi
422 1693 494 1752 istas
519 1690 638 1768 regulas
665 1690 774 1750 dicere.
819 1692 985 1752 invenimus
1008 1693 1085 1752 enim
1111 1692 1203 1752 varias
1226 1689 1454 1760 declinationes
1478 1692 1547 1752 lons
1570 1691 1628 1751 lon-
1709 1738 1710 1780 p

340 1795 399 1852 tius
421 1793 573 1861 lontanus,
596 1811 682 1853 mons
704 1795 834 1854 montius
856 1801 1022 1854 montanus.
1060 1812 1131 1872 ergo
1154 1792 1234 1853 vides
1256 1794 1394 1872 quoniam
1419 1795 1496 1854 varic
1518 1794 1629 1854 inveni·
1709 1787 1710 1792 ’

341 1913 420 1964 mus,
452 1903 482 1955 et
503 1896 613 1956 iontius
641 1903 670 1954 et
692 1896 844 1966 lontanus,
873 1903 903 1954 et
925 1897 1053 1957 montius
1076 1903 1104 1955 et
1126 1904 1290 1956 montanos.
1329 1894 1441 1956 idcirco
1463 1895 1494 1955 in
1518 1894 1629 1955 deriva-

340 1996 471 2058 tionibus
498 2015 624 2076 sequere
653 2004 811 2077 praecepta
840 1997 928 2058 Plinii
956 1996 1095 2058 Secundi.
1139 1998 1180 2056 ait
1207 1998 1285 2056 enim
1308 1995 1417 2056 ‘debes
1439 1997 1560 2076 quidem
1583 1997 1660 2056 adn

340 2101 493 2178 quiescere
515 2099 639 2178 regulis,
663 2099 769 2158 sedin
792 2099 959 2160 derivativis
980 2117 1106 2178 sequere
1134 2101 1365 2160 auctoritatem'.
1411 2099 1476 2160 vide
1499 2118 1540 2159 ne
1564 2098 1630 2158 velis

340 2201 420 2263 aliud
442 2200 567 2282 diluere,
591 2219 679 2280 quam
703 2201 808 2278 legisti.
853 2199 926 2261 Alba
949 2203 1064 2262 civitas:
1088 2199 1137 2261 alii
1160 2201 1263 2261 dicunt
1284 2199 1430 2269 Albanus,
1454 2200 1504 2262 alii
1525 2200 1629 2262 lllben-
1711 2262 1712 2280 ἰ

339 2306 388 2363 sis.
434 2322 510 2383 quae
532 2305 606 2364 ratio
629 2305 690 2364 est?
713 2303 856 2382 numquid
878 2317 1036 2382 possumus
1058 2305 1142 2372 scire,
1168 2322 1259 2382 quare
1282 2304 1324 2362 sic
1349 2299 1448 2382 [quid]
1472 2305 1627 2364 invenitur.
1711 2287 1712 2294 ἵ

339 2408 447 2467 Caesar
469 2405 589 2486 quidem
612 2408 642 2466 in
665 2404 749 2466 libris
772 2405 932 2484 analogicis
954 2404 1045 2465 voluit
1067 2404 1166 2466 dicere
1189 2404 1408 2464 discretionem.
1440 2403 1479 2464 ait
1501 2405 1546 2464 sic
1562 2405 1629 2466 Cae·

339 2509 440 2569 sario
462 2507 547 2570 libris
569 2506 736 2586 analogiae,
761 2507 854 2568 ‘duae
876 2515 946 2568 suut
967 2506 1072 2578 albae,
1097 2504 1150 2566 alia
1172 2507 1229 2568 ista
1252 2525 1340 2586 quam
1364 2505 1498 2566 novimus
1522 2507 1552 2565 in
1568 2508 1661 2566 dri-n
1712 2533 1713 2536 ¹

339 2612 397 2680 cia,
433 2617 462 2670 et
489 2607 544 2670 alia
572 2609 621 2670 lric
648 2610 678 2669 in
708 2608 800 2671 ltalia.
846 2609 978 2670 volentes
1005 2609 1130 2669 Romani
1164 2607 1373 2668 discretionem
1409 2607 1525 2676 lacere,
1564 2609 1631 2668 istos

337 2713 468 2774 Albanos
491 2713 643 2780 dixerunt,
666 2710 732 2771 illos
753 2709 925 2772 Allienses’.
971 2729 1030 2771 non
1053 2712 1191 2791 (proniam
1215 2712 1381 2770 nescientes
1404 2728 1494 2770 unam
1519 2709 1630 2770 deriva-

339 2819 449 2879 tionem
473 2833 538 2875 esso
560 2814 617 2874 hoc
639 2814 789 2882 lecerunt,
814 2814 922 2875 Caesar
944 2813 1001 2873 lroc
1024 2812 1112 2883 dixit,
1136 2812 1187 2873 scd
1211 2823 1244 2874 ut
1266 2812 1399 2873 lacerent
1421 2812 1630 2875 discretionem
1713 2795 1714 2819 ³

338 2921 416 2980 inter
439 2916 574 2987 colonos,
597 2918 676 2977 inter
698 2914 765 2976 illos
785 2920 919 2979 etistos.
954 2916 1068 2977 Plinius
1090 2913 1246 2975 Secundus
1270 2923 1359 2993 negat
1380 2924 1409 2974 et
1431 2916 1471 2975 ait
1492 2916 1548 2984 sic,
1572 2916 1630 2975 ‘in-

338 3021 510 3082 differenter
531 3018 604 3079 haec
626 3019 816 3078 inveniuntur
825 3020 844 3078 '.
877 3037 944 3079 nam
967 3026 1038 3097 puta
1062 3016 1119 3078 lroc
1142 3016 1218 3077 bene
1241 3016 1366 3077 dicimus
1389 3016 1426 3077 de
1447 3016 1533 3077 Alba.
1564 3016 1662 3098 quida.

338 3124 462 3183 iacimus
483 3121 522 3181 de
543 3122 646 3183 ,lntial
672 3130 742 3201 puta
765 3122 789 3180 si
812 3120 893 3180 dicas
915 3122 1013 3188 Antia,
1038 3118 1113 3180 alter
1134 3120 1266 3181 Antiates
1288 3118 1411 3188 dicitur,
1435 3118 1510 3178 alter
1533 3121 1630 3180 Antia·

338 3245 403 3286 nus.
447 3244 507 3305 quo
533 3223 621 3285 nvodo
649 3240 806 3303 possumus
832 3224 967 3283 invenire
994 3222 1065 3281 istas
1093 3220 1308 3281 derivationes?
1337 3200 1413 3301 (luae
1435 3222 1511 3280 ratio
1536 3230 1631 3281 estut

337 3329 377 3388 ita
399 3328 475 3388 sinti
506 3324 624 3386 Siculus
645 3331 676 3385 et
697 3324 860 3386 Siciliensis
881 3325 1057 3385 invenimus.
1096 3342 1170 3402 uuae
1193 3324 1267 3383 ratio
1291 3324 1352 3383 est?
1376 3320 1487 3383 Sardus
1512 3331 1543 3382 et
1566 3324 1630 3383 Sav-

337 3430 489 3490 diniensis.
523 3446 701 3508 quamquam
724 3430 755 3487 in
778 3426 920 3487 Cicerone
942 3427 973 3486 in
997 3426 1156 3485 Scauriana
1178 3426 1346 3485 invenimus
1367 3426 1453 3484 istam
1476 3422 1630 3485 discretio-

338 3551 405 3593 nem
434 3531 471 3591 de
499 3531 599 3591 Sardis
627 3538 656 3591 et
683 3528 939 3599 Sardiniensibus,
970 3534 1001 3587 ut
1029 3526 1095 3587 illos
1123 3524 1249 3596 incolas,
1279 3525 1346 3587 illos
1368 3524 1495 3586 advenas
1518 3526 1662 3587 doceatao

336 3635 389 3696 sed
416 3642 515 3695 tamen
543 3630 650 3693 melius
677 3640 723 3691 est
749 3638 782 3692 ut
808 3630 950 3711 sequalris
972 3637 1162 3709 praeceptum
1185 3630 1258 3688 tanti
1283 3628 1350 3697 viri,
1378 3626 1466 3687 Plinii
1488 3626 1628 3688 Secundi.

337 3756 405 3797 nam
428 3754 498 3796 ecce
520 3743 590 3815 puta
612 3732 695 3794 verbi
718 3751 805 3793 causa
828 3732 857 3791 in
881 3749 942 3791 uno
965 3732 1117 3797 invenisti;
1141 3732 1171 3791 in
1194 3730 1245 3791 illo
1267 3729 1324 3790 alio
1346 3728 1414 3807 quid
1438 3728 1541 3798 iacies,
1566 3749 1629 3791 cum

406 3995 419 4044 l
439 3993 542 4057 quando
560 3991 585 4040 A
604 3997 698 4055 qivanto
715 3990 789 4039 BCa
858 3987 875 4037 3
894 4002 996 4037 sensum
1015 3988 1095 4051 (eom.
1112 4002 1188 4036 senso
1208 3984 1246 4047 B)
1259 3984 1360 4048 quidem
1381 3985 1459 4034 minui
1479 3986 1566 4036 ABG

336 4062 495 4115 alacianus
514 4060 567 4111 a*b
587 4060 711 4109 iaciemus
730 4056 968 4122 amplectentes
988 4058 1009 4107 G
1077 4057 1203 4119 loquentis
1219 4057 1243 4105 A
1262 4058 1392 4117 loquentes
1411 4054 1450 4115 B,
1467 4070 1539 4108 corr.
1561 4054 1632 4103 -isC

407 4133 437 4184 11
458 4147 531 4183 mons
549 4140 684 4181 montanus
703 4138 730 4177 ut
745 4131 769 4177 in
790 4143 837 4176 nvts
853 4128 898 4192 (us
917 4127 981 4190 BC)
999 4134 1073 4175 exeat
1088 4126 1145 4175 lons
1164 4125 1283 4175 fontanus
1302 4138 1350 4173 non
1365 4124 1449 4175 ABG
1522 4126 1554 4175 12
1575 4124 1630 4175 icus

336 4206 432 4254 iontius
446 4203 518 4254 BGu
541 4201 665 4251 iout..ns
688 4197 844 4261 (semirosi)
862 4198 886 4247 A
958 4195 991 4247 13
1015 4212 1088 4246 mous
1107 4197 1217 4245 montius
1235 4194 1322 4244 oca.-
1340 4196 1451 4245 montius
1470 4212 1518 4248 om.
1538 4196 1564 4245 A

337 4276 370 4325 ts
387 4275 460 4339 plinii
480 4271 596 4336 Gplenli
614 4270 670 4319 AB
740 4270 772 4319 11
787 4269 896 4318 albanus
914 4267 957 4317 alii
977 4267 1001 4315 A
1020 4268 1126 4316 albanus
1138 4276 1176 4315 est
1188 4266 1320 4315 aliiBCa
1375 4265 1406 4314 1⁸
1421 4280 1526 4331 possum
1547 4266 1629 4314 dicere

335 4362 403 4394 corr.
424 4358 529 4409 possum
543 4340 644 4392 scireB
716 4340 776 4403 quid
794 4338 922 4387 inuenitur
940 4351 1027 4387 caesar
1046 4336 1147 4399 quidem
1168 4337 1192 4385 lo
1214 4336 1286 4385 libris
1303 4337 1328 4383 in
1346 4339 1423 4385 litura
1441 4352 1458 4383 a
1477 4335 1540 4398 quid
1561 4338 1628 4383 inue-

336 4417 404 4463 nitur
422 4414 526 4477 quidem
544 4411 659 4475 (quidem
678 4425 748 4461 corr.
766 4408 870 4472 qnidam
891 4410 916 4456 in
937 4410 1014 4457 lituro
1031 4407 1061 4471 d)
1080 4422 1168 4457 caesar
1186 4406 1211 4454 in
1232 4406 1303 4455 libris
1321 4406 1373 4455 Bc
1441 4404 1476 4454 ²0
1493 4405 1567 4453 albae
1582 4404 1631 4455 BC

764 4486 772 4515 1

335 4537 410 4586 clune
426 4536 452 4584 A
521 4535 547 4583 in
568 4533 645 4581 aricia
662 4532 686 4579 A
706 4532 732 4579 in
750 4530 819 4579 arcia
835 4528 895 4579 BG.
920 4528 1002 4577 Aricia
1021 4544 1056 4577 ex
1074 4526 1166 4577 Massia
1185 4534 1341 4590 corruptam,
1361 4526 1431 4575 ltalia
1451 4532 1531 4575 nutem
1549 4526 1630 4587 inepte

335 4621 384 4668 pro
397 4606 469 4654 Latio
481 4605 638 4654 substitutum
650 4620 666 4651 a
681 4603 799 4664 Pompeio
816 4600 920 4649 coniecit
930 4599 1099 4661 Nipperder'us
1115 4600 1141 4647 in
1155 4598 1227 4647 Caes.
1244 4599 1338 4662 [rapat.
1356 4614 1382 4661 p.
1398 4598 1461 4645 iot:
1480 4596 1515 4659 cf.
1530 4596 1627 4645 Cdora's.

335 4692 363 4739 p.
381 4675 424 4737 81,
446 4676 527 4725 Vorr.
549 4673 581 4723 de
597 4677 615 4727 l.
635 4674 654 4726 l.
676 4672 734 4721 Vlll
754 4670 788 4720 35
804 4686 832 4735 p.
850 4668 902 4718 418
920 4671 965 4731 Sp.
1037 4670 1070 4717 22
1091 4668 1147 4719 illos
1165 4667 1284 4717 albevtses
1301 4666 1372 4716 BOa
1389 4666 1447 4715 illos
1473 4666 1586 4715 aloensis
1606 4666 1628 4712 A

408 4746 584 4795 diriuatioocm
608 4758 665 4792 esse
689 4743 713 4790 A
738 4756 795 4790 esse
819 4740 997 4789 diriuatiouem
1024 4738 1098 4788 BCu
1185 4738 1218 4787 24
1243 4738 1339 4803 plinius
1357 4737 1378 4787 0
1396 4736 1496 4800 plenius
1514 4734 1540 4783 A
1559 4751 1627 4784 corr.

338 4816 474 4882 pliniusB
525 4812 825 4864 eantbaBCamaA
890 4807 1298 4860 3tletsardiniensibosABet
1317 4806 1348 4856 de
1367 4804 1629 4857 sardiniensibusda

407 4884 439 4935 31
458 4884 529 4949 plinii
546 4885 567 4934 0
580 4884 650 4947 pleui
668 4882 692 4932 A
709 4896 778 4934 corr.
799 4880 869 4946 plinii
891 4880 916 4929 B
1104 4899 1109 4907 ·
