3525 5600
328 334 391 404 392
870 338 1071 405 CONSENTll

355 464 375 504 p.
391 452 465 492 rr-rc
479 449 504 490 Β.
1527 463 1546 490 e.
1558 453 1589 492 ro.

329 533 444 610 coperit
465 549 519 611 pro
547 530 656 608 operit,
686 531 766 606 gruit
793 548 848 609 pro
871 531 947 600 ruit,
975 537 1082 590 tottum
1105 537 1257 609 prototo,
1282 531 1400 591 cottidie
1422 549 1476 609 pro
1499 531 1612 601 cotidie,

329 633 475 714 quandips
495 651 551 713 pro
574 631 719 711 quandiu;
748 629 889 710 syllabae,
913 637 945 690 ut
967 632 992 691 si
1014 631 1095 691 dicas
1117 633 1239 692 tutrusit
1259 650 1315 712 pro
1336 632 1439 703 trusit;
1462 635 1610 712 temporis,

329 743 362 796 ut
388 735 508 816 quidam
537 734 639 795 dicunt
666 735 751 813 piper
779 733 922 813 producta
950 733 1050 811 priore
1079 732 1204 812 syllaba,
1232 752 1299 794 rum
1328 735 1367 795 sit
1394 735 1510 805 brevis,
1539 735 1611 814 quod

329 839 431 897 vitium
454 837 592 897 Afrorum
615 835 758 896 familiare
781 843 841 905 est;
870 843 1024 904 accentus,
1048 841 1082 894 ut
1102 837 1195 914 etquis
1217 835 1318 897 dicens
1341 838 1463 914 triginta
1486 838 1610 916 priorem

328 937 470 1019 syllabam
493 946 579 1000 acuat
602 945 632 998 et
654 945 827 1017 sequentem
850 933 979 1014 graviter
1001 938 1150 1007 enuntiet,
1179 939 1230 1017 qui
1255 939 1359 1000 modus
1380 947 1411 999 et
1433 958 1489 1018 per
1511 941 1631 999 immo-a

245 1087 249 1104 r
329 1043 470 1102 tationem
495 1041 558 1102 [ieri
580 1040 713 1110 videtum
737 1040 940 1119 aspirationis,
969 1047 1002 1100 ut
1023 1039 1116 1118 siquis
1138 1040 1246 1100 bomeu
1268 1039 1403 1101 scribens
1426 1040 1535 1100 adiciat
1556 1043 1611 1119 pri·

328 1161 393 1204 mae
416 1142 545 1223 syllabae
568 1142 787 1222 aspirationem.
832 1159 886 1220 per
915 1141 1128 1201 detractionem
1155 1143 1229 1201 liunt
1251 1141 1429 1202 barbarismi
1451 1145 1510 1202 sic:
1539 1142 1611 1202 litte·

230 1291 231 1294 ,
329 1263 395 1315 rae,
420 1252 453 1305 ut
474 1247 567 1325 siquis
591 1243 594 1324 Ι
619 1243 697 1304 dicat
710 1243 798 1304 vilam
814 1261 868 1321 pro
885 1242 996 1312 villam,
1020 1244 1088 1304 mile
1104 1261 1159 1323 pro
1175 1242 1268 1312 mille,
1292 1250 1342 1305 aut
1363 1262 1501 1305 socerum
1517 1243 1611 1304 voleus

317 1347 428 1428 ¹dicere
451 1347 530 1408 dicat
557 1365 674 1407 socrum
702 1363 816 1415 meum,
845 1347 878 1405 in
899 1364 958 1424 quo
980 1345 1038 1405 erit
1060 1353 1090 1405 et
1111 1345 1317 1415 soloecismus,
1345 1347 1414 1425 quia
1443 1353 1547 1406 eontra
1568 1365 1610 1405 re·

328 1450 427 1527 gulam
456 1456 501 1510 est
530 1449 661 1510 eiusdem
691 1448 833 1516 nominis:
862 1445 1008 1526 syllabae,
1037 1455 1070 1507 ut
1097 1447 1274 1509 salmentum
1303 1465 1358 1527 pro
1390 1449 1608 1514 salsamentum:
1622 1466 1641 1503 u

330 1553 487 1631 temporis,
512 1558 544 1611 ut
566 1552 660 1630 siquis
675 1550 752 1610 dicat
766 1557 867 1610 orator
882 1556 1020 1628 correpta
1042 1550 1141 1628 priore
1158 1549 1277 1628 syllaba,
1293 1550 1372 1630 quod
1393 1551 1491 1630 ipsum
1515 1551 1611 1610 vitium

329 1655 467 1714 Afrorum
491 1653 700 1732 spectabest:
724 1659 879 1722 accentus,
903 1660 937 1711 ut
958 1652 1050 1727 siquis
1077 1659 1226 1712 oratorem
1253 1655 1357 1713 dicens
1376 1654 1509 1731 priorem
1532 1653 1611 1732 sylla·

329 1755 396 1816 barn
420 1755 611 1816 circumflexu
633 1762 756 1815 accentu
778 1754 966 1833 pronuntiet;
990 1755 1193 1832 aspirationis,
1216 1761 1249 1814 ut
1264 1756 1357 1834 siquis
1371 1772 1493 1814 onorem
1517 1755 1611 1814 diceus
1713 1756 1714 1761 ’

329 1859 402 1918 citra
431 1858 640 1937 aspirationem
669 1857 800 1935 priorem
828 1854 969 1936 syllabam
1002 1857 1145 1934 proterat.
1189 1873 1244 1934 per
1276 1857 1511 1917 immutationem
1544 1857 1612 1916 liunt

329 1958 507 2019 barbarismi
529 1961 585 2019 sic:
609 1958 740 2027 litterae,
764 1967 797 2018 ut
818 1959 911 2038 siquis
930 1958 1009 2018 dicat
1024 1956 1110 2018 bobis
1131 1976 1186 2038 pro
1208 1956 1305 2026 vobis,
1328 1976 1416 2036 peres
1439 1976 1494 2039 pro
1515 1958 1641 2037 pedesrs

328 2061 425 2122 stetim
449 2080 503 2140 pro
527 2062 641 2130 statim,
665 2059 742 2140 quod
764 2061 867 2121 vitium
889 2058 1006 2140 plebem
1035 2059 1196 2121 Romanam
1218 2059 1344 2139 quadam
1371 2059 1513 2120 deliciosa
1534 2061 1610 2120 nori-

329 2163 396 2223 tatis
419 2163 573 2224 allectione
596 2161 774 2241 corrumpit;
797 2160 942 2240 syllabae,
966 2170 1000 2222 ut
1014 2163 1106 2241 siquis
1121 2161 1199 2222 dicat
1213 2169 1357 2221 tartarum
1379 2179 1434 2240 pro
1455 2169 1609 2227 tartarum:

328 2267 484 2345 temporis,
513 2274 548 2325 ut
574 2265 667 2344 siquis
694 2265 776 2342 pices
805 2262 908 2323 diceus
935 2266 1065 2343 priorem
1092 2263 1245 2334 extendam
1280 2270 1434 2332 accentus,
1463 2271 1497 2324 ut
1525 2266 1610 2342 siquis

328 2375 475 2428 oratorem
504 2366 605 2427 dicens
634 2367 760 2445 primam
790 2372 890 2434 acuat;
923 2366 1124 2444 aspirationis,
1153 2373 1186 2425 ut
1216 2366 1311 2444 siquis
1344 2365 1479 2426 Traciam
1515 2365 1610 2426 dir-ens
1713 2404 1714 2413 ι

328 2471 452 2548 primam
482 2468 631 2530 subtiliter
654 2469 778 2535 ecferat,
808 2473 858 2526 aut
880 2467 1087 2545 Chartagirrem
1114 2467 1215 2528 dicens
1242 2469 1369 2546 primam
1391 2469 1527 2528 enuntiet
1548 2481 1643 2528 curua>

328 2571 523 2650 aspiratione,
547 2578 597 2630 aut
619 2571 644 2630 si
666 2569 744 2629 dicat
764 2587 820 2647 pro
841 2568 923 2630 Ebro
948 2569 1096 2639 Hebrum,
1125 2578 1159 2630 ut
1180 2570 1391 2648 aspirationem
1414 2570 1502 2631 addat
1524 2571 1611 2649 priori

329 2673 473 2752 syllabae:
504 2672 554 2732 sed
582 2671 629 2730 lric
659 2671 764 2731 modus
792 2672 849 2730 erit
875 2680 906 2730 et
932 2690 986 2752 per
1014 2672 1219 2732 adiectionem.
1263 2690 1319 2750 per
1341 2675 1611 2733 transmutationem

329 2777 369 2837 sic
392 2776 466 2836 fiunt
489 2773 681 2835 barbarismi:
705 2773 835 2843 litterae,
859 2781 892 2834 ut
913 2774 1007 2854 siquis
1029 2774 1107 2834 dicat
1128 2774 1245 2853 perium
1268 2791 1322 2853 pro
1345 2770 1350 2855 Ι
1374 2775 1524 2854 praelum,
1546 2775 1611 2836 reil-

328 2896 418 2957 quum
441 2896 495 2957 pro
517 2876 679 2956 reliquum,
703 2877 885 2955 interpertor
912 2894 967 2955 pro
995 2877 1190 2956 interpretor,
1215 2875 1314 2936 coacla
1336 2895 1391 2955 pro
1413 2876 1528 2947 cloaca;
1555 2878 1610 2956 syl·

328 2980 427 3049 labae,
450 2987 483 3040 ut
506 2979 660 3059 displicina
681 2996 736 3057 pro
758 2977 928 3057 disciplina;
956 2980 1113 3057 temporis,
1143 2987 1175 3039 ut
1196 2979 1288 3057 siquis
1311 2978 1413 3039 dicens
1440 2980 1524 3058 pices
1543 2992 1643 3059 pro-rt

329 3083 416 3142 ducta
439 3082 537 3160 priore
561 3088 591 3141 et
613 3087 750 3159 correpta
766 3081 902 3159 sequenti
924 3082 1111 3159 pronuntiet;
1135 3091 1289 3150 accentus,
1314 3089 1345 3141 ut
1360 3083 1453 3161 siquis
1466 3090 1611 3142 oratorem

329 3186 522 3263 pronuntians
549 3184 675 3262 primam
704 3180 845 3261 syllabam
868 3182 1097 3253 circumiectam
1126 3183 1329 3262 aspirationis,
1352 3191 1385 3244 ut
1407 3186 1500 3263 siquis
1522 3183 1611 3243 'lbra-

329 3288 404 3346 ciam
427 3302 566 3363 perversa
589 3284 766 3363 aspiratione
790 3284 923 3363 prolerat
944 3292 975 3343 et
996 3284 1074 3345 dicat
1095 3284 1261 3346 Trachiam.
1306 3286 1337 3346 bi
1360 3294 1428 3347 sunt
1450 3287 1515 3346 lore
1537 3285 1612 3345 modi

329 3385 596 3456 barbarismorum,
620 3404 656 3445 err
678 3384 785 3465 quibus
808 3394 931 3467 apparet
953 3393 984 3446 et
1011 3388 1189 3467 aspiratione
1211 3395 1242 3449 et
1264 3396 1388 3447 accentu
1411 3406 1471 3447 non
1491 3389 1534 3447 ita
1555 3387 1612 3448 fre·

328 3495 455 3569 quenter
476 3490 542 3549 fleri
563 3488 785 3568 metaplasmos,
809 3496 840 3548 et
860 3489 990 3548 vicissim
1012 3489 1124 3569 aliquos
1147 3490 1250 3551 modos
1272 3490 1309 3549 de
1331 3490 1535 3570 metaplasmis
1556 3504 1645 3549 nona

329 3592 440 3671 positos
463 3609 478 3650 a
501 3589 710 3668 scriptoribus
736 3595 767 3649 ut
790 3589 968 3651 barbarismi
991 3592 1126 3651 similiter
1141 3593 1207 3653 fieri
1228 3611 1314 3671 posse
1337 3593 1502 3661 videantur,
1526 3592 1612 3651 veluti

329 3702 375 3753 est
396 3692 538 3753 diaeresis
567 3698 597 3751 et
624 3692 835 3771 episynalipbe.
882 3693 934 3753 sed
960 3693 1015 3755 bos
1042 3693 1145 3754 modos
1172 3702 1203 3754 et
1230 3702 1362 3764 ceteros,
1391 3693 1500 3775 quibus
1522 3702 1614 3754 meta·

327 3796 433 3875 plasmi
455 3796 544 3864 tiunt,
574 3794 599 3854 si
620 3793 745 3853 velimus
773 3794 1007 3856 animadvertere
1035 3815 1090 3875 per
1111 3798 1180 3856 vitia
1203 3815 1262 3857 non
1284 3796 1379 3856 solum
1401 3796 1542 3876 specialia
1562 3797 1611 3856 bo-

328 3898 454 3967 minum,
484 3896 535 3957 sed
564 3895 712 3974 generalia
741 3897 927 3975 quarundam
954 3900 1120 3967 nationum,
1150 3899 1420 3960 animadvertemus
1448 3900 1539 3960 etiarn
1561 3898 1612 3957 bos

327 3997 430 4059 modos
457 3998 488 4057 iu
517 3997 709 4058 barbarismis
737 4016 817 4069 esse,
847 4018 921 4078 quos
949 4001 1110 4079 scriptores
1131 4002 1409 4079 praetermiserunt.
1453 4019 1522 4062 narn
1546 4015 1645 4061 orceo

326 4118 424 4162 nonne
455 4099 569 4160 ridetur
596 4118 650 4179 per
678 4100 825 4160 diaeresin
855 4102 955 4161 lacere
983 4100 1216 4172 barbarismum,
1250 4104 1315 4183 qui,
1348 4113 1382 4164 ut
1409 4103 1487 4163 dicat
1519 4103 1611 4171 solvit,

326 4202 404 4283 quod
426 4207 470 4261 est
492 4201 681 4281 disyllabum,
706 4203 777 4263 dicit
798 4202 906 4262 soluit?
934 4210 964 4263 et
990 4222 1107 4264 rursum
1137 4223 1234 4266 nonne
1256 4207 1375 4266 videtur
1403 4225 1457 4286 per
1477 4208 1611 4285 episyna-

395 4411 458 4457 4ut
477 4408 519 4469 qui
538 4407 624 4457 diceus
643 4405 675 4457 M
744 4408 889 4457 denuntiat
908 4408 940 4456 M
1007 4408 1148 4457 badieciat
1167 4408 1201 4458 M
1267 4409 1450 4459 ibarbarismi
1466 4409 1565 4460 litterae
1577 4411 1612 4456 sir.

327 4485 353 4525 ut
373 4476 405 4525 M
474 4477 506 4527 12
526 4486 552 4526 ut
570 4476 591 4525 si
611 4488 734 4526 oratorem
753 4478 862 4542 priorem
880 4477 914 4526 M
982 4479 1012 4527 17
1033 4479 1158 4528 tarderum
1177 4482 1283 4529 coniecit
1300 4480 1465 4531 Burmannus
1537 4478 1570 4529 18
1587 4488 1611 4525 ut

326 4548 408 4609 siquis
425 4546 577 4609 dicatpices
596 4547 683 4597 dicens
702 4546 733 4595 M
820 4548 1032 4597 menantium
1116 4548 1196 4598 '23ut
1221 4549 1342 4612 letiquius
1364 4551 1451 4615 siper
1472 4550 1479 4598 l
1504 4550 1609 4599 litteram

326 4617 525 4681 pronuntiemus,
546 4632 601 4665 curn
618 4618 708 4667 debent
726 4632 771 4681 per·
790 4632 802 4665 r
819 4618 901 4683 prima
918 4616 1014 4680 syllaba
1032 4618 1092 4682 dici,
1111 4618 1231 4682 reliquiae
1249 4620 1383 4671 Diomedes
1398 4636 1426 4683 p.
1440 4620 1503 4682 stt,
1520 4619 1556 4669 30

326 4687 359 4735 25
376 4684 474 4753 dicens]
497 4686 563 4737 dicat
583 4687 614 4736 M
682 4686 716 4739 30
733 4683 841 4752 aliquos]
863 4687 927 4735 alios
942 4685 1052 4737 Clemens
1122 4688 1157 4738 32
1177 4690 1281 4739 diarisis
1300 4689 1331 4737 M
1400 4691 1487 4739 modos
1505 4706 1553 4739 orn,
1574 4687 1611 4748 M,

326 4755 387 4809 odd.
407 4756 517 4807 Otenreoa
586 4756 619 4807 34
635 4758 863 4807 animadvertemus
883 4756 1049 4808 Buttarorrrrtrr
1066 4759 1290 4809 animaduertirnus
1308 4760 1341 4810 M
1406 4760 1440 4809 36
1457 4760 1566 4809 diarisirr
1583 4758 1612 4806 ,ti

395 4825 427 4877 37
447 4836 484 4875 est
501 4842 547 4877 om.
568 4826 600 4873 M
668 4844 712 4893 per
730 4826 898 4891 episinalipbe
917 4826 949 4874 M
