3525 5600
476 1331 515 1440 d.
541 1327 734 1426 lllllllllll
759 1325 1033 1424 lllllllllllll
1064 1328 1147 1423 lits

1146 1677 1168 1718 p.
1183 1665 1240 1707 1865»
1252 1667 1278 1707 66
1292 1665 1324 1707 ad.
1340 1665 1426 1706 Puteoli.

246 1739 352 1802 Omnia
376 1741 496 1800 nomina
519 1742 650 1820 quinque
674 1739 823 1801 vocalibus
846 1738 974 1800 ablativa
995 1755 1066 1798 casu
1088 1739 1301 1808 terminantur,
1324 1757 1340 1798 a
1363 1756 1379 1797 e
1401 1739 1412 1796 i
1434 1757 1452 1796 ο

155 1844 191 1892 u,
221 1825 252 1885 id
276 1834 320 1887 est
343 1826 485 1906 quicquid
508 1825 704 1887 declinaveris
727 1826 762 1884 de
785 1826 915 1892 nomine,
939 1822 1100 1883 ablativum
1122 1841 1222 1882 casum
1244 1825 1275 1882 in
1298 1823 1352 1883 bas
1374 1822 1451 1883 litte·

152 1929 207 1970 ras
239 1909 337 1982 ducit,
366 1919 398 1971 ut
425 1918 495 1989 puta
523 1911 596 1971 haec
623 1911 696 1972 Iulia
725 1910 761 1970 ab
790 1911 845 1970 bac
873 1909 962 1976 lulia,
991 1909 1040 1967 bic
1068 1910 1167 1987 paries
1190 1907 1226 1968 ab
1249 1907 1305 1967 hoe
1326 1909 1450 1988 pariete,

125 1995 208 2054 ahie
234 2002 264 2055 et
286 1997 358 2057 baec
381 1996 469 2074 agilis
491 1995 527 2055 ab
551 1995 606 2055 lmc
628 2002 658 2055 et
680 1994 717 2056 ab
741 1995 795 2055 liae
819 1994 904 2072 agili,
932 1994 981 2053 bic
1010 1993 1113 2052 doctus
1137 1991 1174 2052 ab
1195 1993 1252 2052 hae
1274 1992 1374 2062 doctu,
1403 1992 1452 2052 bic

152 2099 267 2141 versus
289 2080 325 2141 ab
350 2079 405 2140 huc
428 2099 530 2151 versu;
553 2087 674 2160 praeter
688 2099 781 2160 pauca
797 2086 912 2159 aptota,
935 2097 1011 2158 quae
1029 2097 1083 2138 nos
1104 2077 1228 2138 turbare
1251 2096 1310 2138 non
1332 2077 1451 2146 debent,

152 2168 230 2244 quia
254 2185 347 2245 pauca
371 2175 449 2226 sunt.
480 2160 606 2245 utputa
628 2183 753 2246 nequam
776 2164 879 2228 honio.
908 2163 944 2224 ab
967 2163 1023 2223 boe
1045 2181 1172 2242 nequam
1194 2164 1330 2234 humine,
1358 2180 1453 2240 nugas

151 2250 192 2308 ab
222 2251 279 2310 lmc
307 2268 400 2328 nugas
428 2251 571 2310 dicimus:
600 2249 649 2310 bic
676 2250 794 2310 videtur
822 2249 968 2311 ablativus
994 2250 1162 2328 suscepisse
1189 2267 1219 2307 m
1241 2256 1272 2308 et
1294 2267 1322 2318 s,
1346 2247 1398 2308 sed
1421 2250 1451 2306 in

152 2337 288 2413 aptatis,
312 2353 370 2394 nan
393 2335 536 2414 legitImis
559 2344 587 2396 et
610 2335 799 2412 regularibus
821 2334 1007 2402 numinibus,
1030 2352 1106 2412 quae
1128 2341 1209 2393 certo
1233 2333 1337 2393 ordine
1360 2333 1452 2393 decli-

114 2429 137 2463 11)
152 2427 283 2480 uantur.
327 2439 398 2498 ergo
421 2419 565 2482 ablativus
587 2438 673 2481 casus
695 2421 855 2498 singularis
879 2421 928 2480 dat
955 2417 1043 2479 nobis
1064 2418 1197 2496 regulam
1220 2419 1257 2478 ad
1279 2418 1452 2478 declinatio-

151 2524 230 2564 uem
253 2505 376 2583 pluralis
399 2508 532 2584 numeri,
556 2505 587 2564 id
610 2506 713 2566 estad
736 2507 906 2583 genetivum
921 2503 1052 2564 dativum
1073 2512 1103 2564 et
1118 2503 1278 2564 ablativum
1297 2503 1452 2582 pluralem,

150 2609 218 2670 quo
246 2590 335 2650 mado
361 2599 443 2650 recte
471 2593 671 2651 inveniantur.
717 2591 795 2650 unde
824 2592 849 2650 si
878 2589 1022 2650 ablativus
1043 2588 1183 2649 babuerit
1205 2597 1274 2650 aet
1295 2609 1327 2658 a,
1350 2606 1452 2668 parem

151 2674 296 2754 regulam
320 2674 404 2744 dant,
428 2675 526 2735 idest
555 2682 586 2735 ut
614 2677 783 2754 genetivum
806 2674 949 2754 pluralem
971 2675 1002 2734 in
1025 2692 1092 2734 rum
1113 2675 1247 2743 mittant,
1270 2674 1402 2734 dativum
1424 2682 1453 2732 et

150 2759 325 2821 ablativum
347 2759 493 2841 pluralem
516 2761 546 2820 in
569 2762 611 2830 is,
635 2767 667 2821 ut
688 2759 725 2822 ab
741 2761 797 2821 bue
813 2760 900 2821 docta
914 2759 1021 2820 horum
1043 2758 1210 2830 doctorum,
1234 2758 1346 2821 abbae
1367 2758 1452 2819 docta

113 2855 136 2892 ¹⁵
150 2847 268 2907 harum
291 2846 461 2915 doctarum,
484 2847 528 2906 sie
551 2846 711 2907 ablativum
733 2848 764 2906 in
788 2848 828 2915 is,
852 2844 889 2905 ab
911 2846 959 2905 his
980 2844 1075 2907 doctis
1089 2846 1162 2905 viris
1178 2853 1209 2905 ct
1230 2844 1267 2907 ab
1289 2845 1337 2905 bis
1359 2846 1454 2905 ductis

150 2930 356 3001 nrulieribus;
389 2938 509 3010 praeter
541 2930 613 2992 haec
647 2950 754 3011 pauca,
788 2950 864 3011 quae
892 2938 995 2991 contra
1022 2937 1117 2991 artem
1145 2937 1282 3009 suscepta
1309 2937 1393 3000 sunt,
1421 2938 1453 2988 ut.

151 3016 301 3077 mulabus
322 3015 489 3077 libertabus
511 3015 622 3077 deabus
637 3015 764 3077 natabus
785 3014 904 3076 liliabus
919 3014 1051 3095 equabus
1066 3015 1220 3085 asinabus,
1245 3014 1349 3075 eudem
1366 3016 1453 3074 mode

150 3100 307 3161 ambabus
329 3109 360 3161 et
381 3100 506 3161 duabus
551 3101 679 3161 diximus
708 3101 744 3160 de
772 3100 888 3161 duabus
915 3099 1079 3170 vocalibus,
1108 3101 1138 3160 id
1165 3110 1210 3160 est
1232 3119 1248 3160 a
1271 3107 1300 3159 et
1322 3120 1354 3169 a,
1378 3118 1452 3179 quae

151 3205 266 3265 parem
289 3184 422 3263 regulam
444 3186 579 3257 babent,
596 3194 708 3247 restant
730 3193 792 3246 tres
814 3186 945 3255 vocales,
968 3188 978 3245 i
1002 3204 1018 3243 e
1040 3205 1074 3255 u,
1098 3203 1173 3264 quae
1195 3185 1333 3245 similiter
1355 3185 1453 3264 dispa-

112 3284 137 3319 20
153 3290 226 3331 vem
250 3270 383 3348 regulam
406 3270 525 3331 babent.
557 3289 622 3334 nam
646 3274 671 3331 si
696 3270 842 3333 ablatIvus
863 3272 873 3330 i
897 3270 1050 3340 babuerit,
1074 3271 1105 3331 in
1127 3273 1206 3340 ium;
1229 3272 1255 3330 si
1278 3290 1294 3331 e
1316 3282 1452 3349 correpta

151 3358 271 3425 luerit,
302 3358 331 3415 iu
361 3374 426 3426 um;
455 3358 480 3415 si
503 3354 661 3435 producta,
691 3358 720 3417 iu
749 3374 830 3426 rum;
860 3357 943 3426 siu,
972 3358 1004 3416 in
1025 3374 1096 3415 uum
1118 3357 1287 3434 genetivum
1309 3356 1452 3435 pluralem

151 3445 301 3511 mittunt,
330 3440 459 3500 dativum
487 3449 517 3500 et
544 3440 703 3501 ablativum
731 3442 761 3501 in
791 3440 861 3511 bus,
888 3449 920 3501 ut
941 3448 1013 3520 puta
1034 3440 1071 3501 ab
1093 3442 1150 3501 hec
1171 3442 1242 3501 lorti
1264 3442 1370 3501 horum
1393 3442 1453 3502 lor·

150 3530 236 3587 tiurn
265 3526 313 3585 his
341 3534 371 3585 et
397 3524 434 3585 ab
462 3526 509 3585 his
537 3524 679 3595 fortibus,
709 3526 747 3587 ab
774 3526 830 3586 hoc
852 3525 971 3586 bomine
993 3526 1099 3586 horum
1121 3527 1274 3587 hominum
1295 3526 1343 3603 his
1364 3534 1394 3585 et
1416 3526 1453 3586 ab

150 3612 203 3672 lus
230 3608 418 3679 hominibus,
443 3610 479 3669 ab
503 3610 558 3670 buc
581 3629 668 3671 versu
690 3611 797 3671 horum
820 3629 959 3671 versutun
988 3611 1085 3671 biset
1109 3611 1145 3672 ab
1167 3611 1215 3671 bis
1238 3610 1387 3681 versibus,
1416 3610 1453 3671 ab

112 3708 136 3745 25
150 3697 214 3757 liae
241 3714 276 3755 re
298 3692 411 3773 hairum
433 3714 535 3756 rerum
557 3696 604 3755 bis
626 3703 656 3755 et
678 3695 715 3755 ab
738 3697 785 3756 bis
807 3694 909 3756 rebus.

248 3779 308 3840 Sed
331 3787 364 3839 ut
386 3780 506 3857 colligas
529 3780 698 3851 ablativum,
722 3780 839 3861 quande
862 3790 948 3841 exeat
969 3783 1000 3841 in
1023 3782 1077 3842 has
1098 3782 1223 3852 litteras,
1247 3781 1379 3859 regulam
1402 3799 1452 3858 ge-

150 3868 255 3928 netivi
285 3866 444 3943 singularis
472 3865 600 3926 attende.
645 3868 670 3926 sl
699 3868 779 3926 enim
807 3869 837 3925 in
861 3886 895 3937 ae
918 3869 1027 3927 exierit
1048 3870 1216 3945 genetivus,
1240 3866 1399 3927 ablativum
1422 3868 1452 3925 in

256 4040 395 4097 Vcoreae
424 4038 582 4097 Vaticanus
605 4038 684 4097 1491

263 4143 282 4192 ς
302 4127 386 4183 editio
408 4126 588 4182 Asceasiana
611 4144 638 4181 a.
664 4123 745 4181 1516

151 4260 311 4273 ..u-..up

234 4328 246 4377 l
269 4342 293 4383 e.
313 4340 441 4377 aurumve
459 4330 591 4378 ramanus
612 4328 639 4375 V
655 4341 680 4384 ο.
699 4340 806 4377 ananau
825 4340 982 4379 vastandum
1000 4341 1126 4380 vacuamur
1146 4343 1192 4379 aas
1211 4343 1390 4379 unsaramma
1410 4342 1450 4377 sr-

151 4412 243 4448 cvuau
265 4410 283 4452 ς
301 4396 443 4446 Palemouis
458 4397 616 4462 grammatici
635 4397 800 4446 uetustissimi
819 4396 851 4445 de
867 4397 980 4462 partibus
995 4398 1118 4448 orationis
1135 4398 1200 4449 liber
1213 4399 1297 4450 codex
1313 4401 1453 4450 Vaticanus

155 4469 233 4520 1492
303 4464 374 4531 3id]
391 4466 458 4515 idem
482 4466 511 4515 V
575 4465 713 4516 lideberet
734 4467 760 4513 V
828 4466 964 4516 llmmine
981 4482 1026 4517 ara.
1050 4470 1078 4517 V
1142 4467 1276 4519 8uidetur
1292 4471 1376 4519 codex
1397 4471 1451 4518 Vu-

151 4532 265 4589 vicanus
283 4536 350 4586 1492
373 4544 457 4586 uester
475 4538 502 4588 V
514 4537 603 4591 iures·
674 4536 704 4585 ll
727 4536 759 4584 ad
782 4537 928 4601 geratinum
951 4537 1044 4587 dictum
1063 4546 1088 4587 et
1105 4538 1243 4587 ablutiuum
1262 4553 1348 4588 casum
1373 4542 1398 4588 V
1419 4540 1452 4587 ad

151 4608 306 4675 genitiuum
326 4606 438 4655 datiuum
457 4606 579 4675 pluralem
598 4620 685 4654 casum
706 4616 722 4659 ς
813 4606 844 4655 12
863 4605 952 4654 habuit
972 4609 999 4657 V
1084 4607 1116 4657 15
1134 4610 1172 4657 sie
1185 4609 1323 4658 ablatiuum
1342 4610 1367 4657 in
1383 4610 1406 4659 is
1425 4616 1452 4657 ut

151 4679 197 4728 liis
216 4689 236 4731 ς
251 4676 290 4725 sic
308 4677 358 4729 dat.
379 4676 404 4723 in
423 4676 445 4723 is
461 4676 492 4724 ab
510 4675 550 4724 lus
573 4676 600 4724 V
651 4675 686 4725 17λ
703 4674 791 4725 eodem
807 4674 883 4725 modo
902 4676 985 4727 codem
1002 4678 1150 4742 liepiaeaeie
1166 4678 1233 4728 1818
1250 4678 1389 4741 eademque
1409 4680 1452 4734 Vs

234 4744 269 4796 18
285 4746 343 4809 quia
361 4758 448 4810 parem
467 4746 493 4794 V
496 4756 514 4799 ς
564 4744 599 4795 20
616 4745 638 4793 si
657 4744 783 4794 ablatiuus
800 4745 824 4793 in
842 4746 849 4793 i
867 4746 908 4795 uel
928 4762 944 4795 u
962 4746 1078 4796 babuerit
1095 4750 1118 4795 si
1135 4764 1150 4797 e
1167 4755 1283 4813 correpta
1300 4750 1325 4797 V
1343 4751 1363 4796 si
1383 4748 1451 4799 able·

154 4818 231 4867 tinus
248 4816 257 4863 i
277 4814 317 4865 uel
336 4831 350 4864 e
367 4814 408 4865 uel
425 4830 441 4865 u
460 4814 574 4865 babuerit
592 4815 613 4863 si
635 4815 642 4863 i
662 4816 687 4864 in
708 4816 759 4863 ium
780 4816 803 4865 si
819 4827 870 4869 es
938 4816 969 4867 2]
989 4818 1010 4865 ri
1029 4818 1151 4882 producta
1170 4819 1194 4866 in
1214 4834 1268 4867 riam
1288 4819 1309 4867 si
1329 4819 1337 4866 i
1356 4818 1381 4868 in
1399 4821 1450 4869 ium

153 4890 216 4939 sine
239 4888 265 4935 iu
286 4901 327 4935 um
344 4887 489 4951 genetiuum
509 4886 535 4933 V
602 4885 636 4933 27
654 4888 676 4935 si
695 4900 724 4935 ae
741 4885 820 4935 exerit
839 4887 867 4937 V
