3525 5600
323 346 367 412 46
886 345 1049 410 CLEDONI

367 456 523 498 .1oo1-oar.
1490 487 1494 498 .

324 471 408 599 tabes
431 544 528 616 potest
551 537 609 597 dici
631 552 728 613 neque
749 535 838 596 dicio.
865 536 933 614 quin
956 543 1055 614 aptota
1083 535 1202 596 nomina
1226 542 1255 594 et
1277 529 1465 618 monoptullta
1487 555 1503 596 a
1526 534 1617 595 decli·

224 641 447 712 aestuatione
469 639 647 718 discrepant.
672 638 896 700 -Necesse
924 645 978 698 est
1006 643 1125 697 autern
1150 631 1156 719 Ι
1181 643 1312 696 contra
1340 636 1432 696 lianc
1453 636 1616 715 regulam

326 739 564 802 declinentur
586 760 625 801 ea
641 741 801 800 nomina:
824 737 898 800 haec
914 737 1025 817 regula,
1043 756 1119 816 quae
1134 744 1257 818 propter
1272 738 1483 799 discretionem
1498 740 1617 816 generis

325 841 482 904 ablativum
506 849 541 904 et·
557 842 687 904 dativum
709 843 740 903 in
762 839 818 902 bus
840 842 943 910 mittit,
967 839 1067 902 uthis
1091 849 1120 901 et
1142 840 1178 902 ab
1200 840 1248 901 his
1262 839 1389 909 deabus,
1414 839 1460 901 bis
1475 847 1505 902 et
1519 840 1555 901 ab
1571 839 1617 900 bis

324 945 455 1016 filiabus,
479 948 510 1008 in
532 946 578 1006 bis
600 953 714 1007 tantum
736 942 880 1006 servanda
903 950 956 1012 est,
981 961 1056 1023 qnae
1078 942 1155 1003 lecta
1177 950 1255 1004 sunt.
1293 949 1424 1005 ceterum
1448 945 1474 1004 si
1489 941 1642 1004 volueri-a

323 1065 390 1110 mus
411 1049 442 1109 in
464 1051 521 1109 ista
542 1049 642 1110 omnia
664 1046 815 1107 declinare
835 1047 953 1123 generis
975 1044 1125 1114 feminini,
1154 1045 1233 1125 perit
1253 1042 1396 1114 latinitas,
1420 1053 1452 1107 ut
1473 1042 1616 1116 Romana,

324 1149 371 1210 bis
394 1156 424 1210 et
446 1148 482 1210 ab
505 1134 553 1212 his
574 1147 776 1219 RomanabuS,
801 1149 867 1225 quia
891 1146 947 1207 hoc
970 1147 1067 1225 ipsum
1083 1147 1161 1227 quod
1176 1148 1328 1209 inventum
1344 1155 1388 1208 est
1403 1156 1506 1210 contra
1522 1155 1616 1210 artem

324 1253 397 1312 iuris
418 1254 507 1332 periti
532 1253 681 1321 lecerunt,
710 1253 816 1330 nequis
838 1251 968 1310 moriens
996 1247 1191 1310 hereditatem
1218 1249 1284 1310 liliis
1307 1249 1469 1312 dimitteret
1492 1258 1521 1311 et
1542 1250 1617 1311 tilias

280 1365 311 1414 13
324 1353 473 1414 videretur
494 1355 663 1434 patrimonii
685 1355 732 1415 sui
754 1355 853 1414 lacere
875 1352 1011 1412 heredes.
1034 1384 1076 1394 —
1097 1351 1196 1412 llanc
1218 1351 1383 1430 regulam
1406 1353 1617 1414 invenimus

324 1455 368 1516 ab
396 1455 462 1517 boc
490 1473 576 1516 vase
603 1473 787 1516 vasorum:
812 1453 896 1514 aliter
919 1452 1077 1514 dicendum
1102 1461 1146 1514 est
1168 1471 1254 1523 arasa,
1277 1453 1363 1516 aliter
1386 1452 1547 1516 dicendum
1570 1463 1616 1515 est
1630 1468 1652 1506 ¹0

324 1559 417 1628 vasis,
446 1566 479 1619 ut
500 1559 578 1618 vasis
599 1557 766 1619 simulacris
792 1556 841 1617 bic
863 1557 968 1618 tertiae
990 1553 1195 1616 declinationis
1225 1564 1254 1616 et
1280 1555 1369 1618 iaciat
1396 1559 1470 1618 vasis
1499 1555 1617 1617 abhoc

325 1662 385 1721 rasi
407 1660 453 1720 bis
476 1658 601 1722 vasibus.
638 1659 696 1721 boc
723 1677 793 1720 vern
821 1675 872 1719 vas
900 1659 970 1718 lacit
992 1655 1029 1718 ab
1052 1657 1109 1718 boc
1132 1675 1199 1718 vase
1221 1675 1358 1720 vasorum
1379 1661 1466 1720 vasis.
1500 1663 1617 1736 lquere

325 1763 439 1839 antiqui
461 1762 572 1823 rectius
594 1760 732 1823 dicebant
753 1778 869 1829 vasum,
893 1778 951 1840 quo
973 1759 1061 1822 modo
1084 1778 1246 1822 scamnum.
1285 1762 1443 1822 auctoritas
1465 1779 1515 1822 vas
1529 1779 1616 1841 prae·

325 1865 463 1944 sumpsit,
498 1865 565 1941 qnia
598 1862 712 1925 nullum
747 1881 856 1924 nomen
889 1863 1007 1939 generis
1038 1863 1135 1924 neutri
1165 1880 1197 1922 as
1224 1861 1331 1923 litteris
1359 1865 1544 1926 terminatur.
1575 1897 1612 1908 —

281 1967 454 2028 usitative
477 1972 512 2024 ct
533 1964 696 2026 ablativo
718 1967 755 2026 iu
776 1966 857 2034 bus,
874 1963 968 2025 utab
992 1964 1058 2025 hac
1081 1983 1121 2025 re
1143 1965 1269 2026 barum
1293 1982 1413 2026 rerum
1435 1965 1491 2026 his
1514 1973 1550 2025 et
1571 1964 1653 2025 ab1⁵
1730 2017 1731 2028 .

326 2070 383 2130 bis
405 2066 532 2136 rebus:
563 2075 599 2127 et
619 2067 708 2129 baec
730 2067 859 2147 regula
887 2067 1041 2148 proprie
1068 2065 1241 2126 seminini
1269 2069 1419 2145 generis
1447 2073 1614 2146 putatur:

324 2172 399 2232 baec
420 2169 521 2248 regula
543 2171 663 2250 quintae
685 2168 892 2231 declinationis
914 2167 1050 2230 seminini
1070 2169 1189 2245 generis
1212 2177 1269 2238 est,
1293 2174 1326 2228 ut
1348 2169 1421 2230 baec
1443 2168 1507 2230 dies
1522 2171 1616 2249 magis

326 2273 467 2334 feminino
490 2291 601 2351 genere
623 2271 797 2333 declinanda
820 2273 871 2342 sit,
897 2287 984 2348 quam
1007 2269 1184 2339 masculino,
1207 2269 1275 2330 licet
1291 2269 1439 2346 Vergilius
1457 2277 1616 2352 utrumque

280 2373 441 2435 addixerit.
465 2409 508 2422 -
529 2374 562 2434 ln
585 2372 641 2436 hac
662 2373 764 2453 regula
787 2374 970 2434 accusativus
992 2370 1116 2451 pluralis
1137 2372 1265 2450 genetivi
1288 2370 1444 2450 singularis
1457 2373 1616 2435 formulam

256 2545 258 2557 Ι
324 2478 473 2553 sequitur,
497 2475 555 2537 boc
577 2483 622 2536 est
644 2475 697 2537 has
720 2476 843 2555 puppis,
865 2476 942 2535 sicut
963 2473 1052 2534 buius
1073 2474 1194 2553 puppis,
1222 2481 1348 2553 propter
1374 2477 1543 2553 genetivum
1567 2478 1654 2554 quta

280 2579 438 2638 trinium
462 2577 550 2638 vadit
576 2613 614 2623 -
638 2577 697 2639 lsta
724 2578 859 2645 nomina,
888 2577 998 2656 puppis
1021 2576 1118 2654 Tigris
1140 2575 1256 2636 Tiberis
1279 2578 1374 2648 navis,
1403 2579 1434 2638 in
1462 2579 1473 2638 i
1495 2579 1617 2640 mittunt

324 2679 499 2750 ablativum,
527 2681 604 2750 sicud
630 2678 680 2740 illa
703 2697 780 2758 quae
802 2698 819 2739 a
848 2680 1001 2740 communi
1029 2679 1150 2739 veniunt
1176 2679 1281 2740 tertiae
1310 2679 1528 2752 declinationis,
1554 2683 1560 2759 Ι
1584 2688 1618 2742 ut

323 2780 392 2860 agili
415 2780 493 2843 lacili
515 2781 639 2843 liberali.
679 2764 945 2860 quae'communia
968 2787 997 2843 et
1019 2787 1125 2842 neutra
1147 2785 1231 2853 sunt,
1259 2800 1378 2862 semper
1406 2785 1437 2845 in
1463 2785 1474 2844 i
1497 2785 1617 2845 mittunt

278 2898 312 2946 aa
324 2883 481 2945 ablativum
504 2884 695 2963 singularem.
720 2919 757 2928 —
781 2883 863 2954 Quae
885 2885 1074 2963 ingenetivo
1096 2882 1204 2963 plurali
1226 2886 1347 2945 nomina
1369 2887 1399 2946 in
1421 2904 1471 2947 um
1494 2886 1615 2959 vadunt,

325 2984 485 3047 ablativum
507 2984 689 3065 singularem
709 2988 741 3047 in
757 2988 923 3057 emittunt,
947 2994 980 3047 ut
995 2996 1122 3048 matrum
1138 2994 1247 3057 matre;
1272 3005 1349 3066 qnae
1370 2990 1401 3049 in
1416 2990 1478 3049 ium
1493 2988 1614 3057 vadunt,
1629 3008 1653 3046 as

326 3085 486 3149 ablativum
507 3087 689 3167 singularem
711 3090 743 3148 in
764 3090 775 3148 i
798 3095 828 3149 et
848 3090 878 3148 in
896 3107 913 3147 e
928 3088 1063 3159 mittunt,
1087 3096 1121 3149 ut
1135 3090 1242 3152 horum
1258 3090 1390 3153 felicium
1405 3088 1442 3151 ab
1457 3090 1515 3151 boc
1530 3090 1616 3171 lelice

322 3189 370 3251 vel
393 3188 481 3251 lelici.
518 3208 587 3251 nam
602 3198 632 3251 et
646 3188 863 3251 lacrimantium
880 3189 1007 3251 dicimus
1023 3200 1052 3252 et
1067 3188 1271 3253 lacrimantum
1287 3212 1342 3273 per
1356 3211 1516 3273 syncopen.
1546 3211 1615 3255 nam

326 3289 497 3373 parllticipia
518 3310 637 3371 semper
664 3292 695 3353 in
718 3310 768 3353 um
801 3291 912 3353 debent
940 3294 1036 3361 exire,
1065 3294 1185 3355 riomina
1212 3296 1244 3355 in
1266 3284 1355 3369 ium(
1373 3302 1406 3357 ut
1433 3296 1616 3372 gementium

281 3410 435 3458 sonomen
463 3395 516 3462 sit,
546 3400 717 3472 gementum
745 3394 934 3473 participium
959 3391 1039 3473 [lons
1061 3397 1128 3457 lons
1150 3394 1256 3477 lrons].
1275 3430 1313 3441 —
1339 3396 1617 3459 consuetudine

325 3498 559 3556 commutata:
584 3503 616 3555 ut
630 3512 685 3573 per
700 3513 717 3555 e
732 3502 840 3556 exeant
859 3511 935 3573 quae
951 3514 1006 3575 per
1028 3498 1036 3557 i
1061 3497 1181 3560 exibant
1195 3499 1274 3579 apud
1289 3501 1432 3579 antiquos.
1457 3534 1499 3547 -
1520 3500 1615 3561 Con·
1629 3518 1653 3555 uo

324 3632 424 3639 --—-
443 3632 626 3639 ——--—·-——

394 3681 550 3735 CodBeru.
570 3684 615 3731 vu
635 3679 772 3733 t*-vtu
793 3684 816 3736 l.
877 3685 984 3750 lpotes
1035 3684 1233 3748 bquncelecta
1286 3688 1389 3753 lipsut
1444 3686 1616 3739 8lrereditste

311 3772 314 3780 ·
395 3752 427 3802 12
443 3750 534 3800 abhoc
552 3766 615 3800 unse
631 3767 750 3802 uasorum
766 3754 835 3803 russis
853 3768 914 3803 irase
929 3755 933 3819 1
950 3769 1069 3805 russorum
1087 3756 1155 3805 uasis
1174 3771 1252 3821 quare
1306 3759 1338 3808 14
1354 3757 1436 3805 littera
1449 3758 1616 3807 terminantur

394 3822 426 3873 lb
443 3820 686 3887 propriaetieminini
758 3823 789 3873 ts
807 3820 850 3889 sit]
872 3830 911 3873 est
964 3823 1287 3892 unanimumque·
1357 3826 1616 3877 aohooenuvuas

393 3892 425 3942 al
445 3893 470 3939 in
484 3892 534 3940 iam
552 3891 628 3941 uadet
696 3894 793 3959 puppis
811 3892 992 3957 igristhybria
1062 3896 1095 3945 22
1108 3896 1268 3947 declinationi
1339 3897 1373 3948 23
1391 3900 1616 3961 quaecommunia

325 3976 426 4081 sempqu
445 3970 470 4010 et
492 3970 659 4081 neuprprsunt
675 3964 738 4081 in3i0
787 3962 831 4082 ‘ip
849 3970 876 4010 ot
895 3974 974 4083 mapsa
994 3972 1100 4013 matrum
1122 4036 1145 4085 d.
1170 3969 1204 4017 et
1223 3964 1408 4035 lacrimantum]
1431 3968 1615 4017 lacrimantium

392 4040 399 4054 '
443 4046 564 4082 consueu
585 4046 651 4081 tuem
689 4071 693 4075 .
753 4048 809 4082 exre
829 4043 933 4100 antapu
998 4043 1119 4085 consuetu
1140 4051 1205 4085 ruem

323 4154 414 4163 ..ρ-.-
437 4154 627 4162 --—..—-.--

396 4204 408 4255 l
433 4207 492 4268 quia
512 4230 543 4239 —
563 4203 707 4271 discrepant
731 4206 768 4255 ad
783 4204 877 4257 venat.
898 4206 962 4269 378,
981 4208 999 4257 4
1021 4208 1066 4257 sed
1091 4222 1120 4256 ea
1146 4207 1278 4257 dumtaxat
1295 4222 1361 4270 quac
1380 4224 1430 4257 nnn
1451 4216 1510 4259 sunt
1528 4216 1616 4275 aptota

321 4278 458 4340 pertinent.
483 4274 515 4324 de
534 4276 565 4324 iis
582 4291 647 4339 quae
663 4276 821 4336 praecedunt
836 4291 884 4326 non
906 4280 969 4327 cutia
987 4285 1085 4327 coartat
1102 4287 1182 4327 utrum
1200 4278 1284 4327 eodem
1301 4278 1440 4338 reserenda
1454 4280 1511 4340 sint
1528 4296 1562 4329 en
1581 4281 1618 4329 ud

324 4362 356 4396 ea
377 4361 442 4411 quae
458 4359 539 4408 supra
558 4344 591 4393 de
609 4345 752 4409 differentia
773 4354 912 4408 optatorum
929 4354 954 4396 et
969 4354 1160 4411 monoptotorum
1176 4348 1308 4411 disputata
1324 4355 1382 4396 aunt
1402 4352 1547 4411 pertineant

324 4417 340 4467 5
358 4415 512 4466 voluerimus
530 4414 565 4463 ita
583 4415 632 4465 ista
649 4414 784 4466 Putacdiue
851 4416 869 4466 o
887 4416 1009 4482 Romanu]
1028 4418 1065 4478 cs.
1089 4416 1198 4482 Pompei.
1214 4432 1241 4481 p.
1262 4417 1311 4467 lvd
1327 4425 1394 4480 etp.
1413 4419 1465 4470 209
1482 4419 1523 4469 ed.
1539 4420 1615 4469 Lind.

393 4485 427 4543 10
443 4502 490 4535 vas
510 4488 536 4535 in
555 4499 654 4535 nurnero
671 4486 795 4549 singulum
817 4489 907 4537 tertiae
925 4487 1100 4537 declinationis
1122 4502 1191 4548 ease,
1217 4490 1242 4536 in
1258 4502 1359 4537 necuere
1376 4490 1473 4553 placenti
1489 4492 1616 4541 aecmrdcc

325 4558 414 4605 docent
427 4555 531 4607 Seruius
545 4558 570 4604 ia
587 4558 681 4606 Donat.
699 4557 759 4616 434,
779 4556 812 4606 12
830 4564 854 4607 et
869 4558 1002 4622 Pompeius
1018 4574 1044 4621 p.
1064 4556 1115 4608 213
1134 4558 1173 4607 ed.
1195 4556 1270 4607 Liud.
1288 4574 1390 4625 quterram
1406 4560 1519 4609 rationes
1535 4562 1560 4610 ri
1570 4560 1616 4609 doc

325 4641 421 4692 quoque
442 4628 496 4677 loco
514 4627 646 4677 cledoniua
667 4634 765 4675 secutus
786 4636 839 4682 eat,
858 4635 884 4677 ut
901 4630 976 4681 solet.
1000 4631 1037 4677 sie
1051 4628 1110 4691 fere
1132 4628 1253 4693 seriptum
1271 4630 1403 4694 reliquisse
1419 4630 1548 4693 putandam
1568 4637 1615 4687 eat,

325 4695 398 4744 aliter
422 4697 559 4749 dicendum
577 4705 616 4747 eat
634 4710 704 4758 vasa,
724 4697 797 4746 nliter
815 4696 949 4746 dicendum
968 4706 1005 4746 est
1023 4712 1077 4756 vas,
1098 4706 1124 4745 ut
1140 4712 1185 4747 vas
1206 4700 1230 4748 in
1247 4699 1372 4764 singulari
1392 4712 1495 4749 numero
1515 4700 1547 4750 sit
1565 4708 1615 4750 ter-

325 4765 376 4814 tiae
394 4765 568 4816 declinationis
589 4775 613 4816 et
630 4764 708 4816 lactat
726 4765 803 4815 lanius
818 4767 885 4815 vasis
901 4766 932 4814 ab
951 4764 999 4815 boc
1017 4782 1092 4828 vase,
1111 4766 1175 4817 haec
1191 4784 1251 4817 vero
1269 4784 1331 4819 vasa
1347 4768 1473 4819 secundae
1493 4778 1519 4819 et
1538 4769 1617 4819 basiat

324 4850 443 4889 vasorum
460 4838 529 4886 vasis
599 4836 634 4886 29
652 4851 724 4886 nrous
744 4836 802 4885 lons
821 4835 891 4885 lrorrs
905 4838 1088 4886 cousuetudine
1107 4848 1257 4887 commutato
1277 4838 1410 4889 Putsrhtus
1463 4900 1467 4917 1
