3525 5600
696 327 933 390 COMMENTVM
1406 327 1463 392 lot

427 466 431 475 .
1280 437 1439 490 proc-oar„

188 520 249 582 illud
270 526 297 578 et
317 514 386 578 illud
409 517 487 596 apud
510 514 680 578 Sallustium
702 514 843 594 legimus,
872 519 1011 596 quoniam
1040 519 1140 578 neutri
1164 526 1216 578 est.
1260 519 1331 578 item
1355 536 1463 585 nomen

188 623 273 682 deficit
292 622 321 680 in
344 637 469 680 numero
490 617 611 698 plurali,
641 625 742 678 ottus
764 619 845 678 virus
871 637 976 680 aurum
1000 618 1097 680 oleum
1122 619 1244 681 ferrum.
1290 639 1361 698 ergo
1384 620 1464 681 rides

79 760 89 768 -
186 724 312 804 quoniam
339 728 408 782 sunt
433 723 554 782 nomina
582 721 699 781 numeri
727 727 840 780 tantum
867 720 1042 800 singularis,
1072 729 1105 782 ut
1133 721 1230 802 pulvis
1254 723 1387 801 sanguis,
1412 722 1464 784 ali·

185 825 291 907 quando
322 825 439 886 numeri
471 832 586 885 tanturn
619 821 756 902 pluralis,
791 832 824 884 ut
851 841 955 884 manes
983 824 1130 895 Quiritem
1159 823 1317 901 aliquando
1346 827 1464 886 numeri

163 937 285 989 stantum
307 926 481 1004 singularis,
504 935 537 986 ut
559 945 614 1006 pax
639 923 703 993 lnx;
727 926 798 986 item
821 945 940 1006 semper
962 927 1112 1004 singulare
1136 929 1254 1004 generis
1277 929 1388 998 neutri,
1412 946 1464 988 au·

184 1049 241 1091 rum
262 1027 355 1089 oleum
383 1029 514 1098 terrum,
544 1036 572 1089 et
600 1030 655 1088 ista
676 1030 828 1107 pertinent
850 1027 886 1088 ad
910 1025 1043 1105 regulam
1067 1037 1096 1088 et
1118 1048 1205 1090 omne
1228 1029 1307 1107 quod
1331 1030 1365 1090 ad
1389 1047 1463 1108 pon·

183 1134 231 1192 dus
250 1148 451 1192 mensuramve
473 1132 603 1210 pertinet
626 1127 760 1209 [generis
786 1136 855 1190 sunt
878 1127 1003 1209 neutri].
1027 1129 1029 1210 i
1054 1132 1123 1191 item
1147 1131 1285 1192 deficiunt
1307 1131 1463 1210 aliquando

182 1237 208 1295 in
235 1252 353 1294 numero
382 1231 523 1311 singulari
551 1240 581 1292 et
609 1230 720 1292 habent
746 1230 892 1311 pluralem
915 1249 1072 1292 numerum
1101 1235 1131 1293 in
1159 1251 1269 1311 genere
1291 1233 1462 1304 masculino,

183 1335 294 1398 cancelli
309 1337 456 1408 Orrirites:
478 1353 565 1395 nerrro
589 1333 659 1394 dicit
680 1333 729 1394 lric
749 1333 914 1404 naucellae,
938 1333 989 1394 sed
1013 1333 1044 1394 hi
1060 1333 1196 1403 cancelli;
1221 1354 1308 1396 nemo
1330 1335 1400 1398 dicit
1416 1335 1463 1396 hic

153 1459 173 1495 n
183 1441 307 1510 Quirites,
324 1438 375 1499 sed
392 1437 423 1498 hi
439 1437 575 1509 Quirites,
594 1434 662 1497 licet
677 1434 839 1516 legerimus
853 1435 919 1496 hoc.
946 1435 1034 1514 legite
1050 1439 1080 1496 in
1096 1437 1244 1506 Petronio,
1264 1445 1292 1497 et
1309 1439 1464 1499 invenietis

135 1552 142 1570 ¹
182 1543 413 1602 denominativo
441 1537 582 1619 singulari
610 1539 668 1599 hoc
696 1539 822 1606 lactum,
852 1548 882 1600 et
909 1540 950 1600 ait
973 1535 1127 1600 Petronius
1154 1539 1202 1600 hic
1225 1540 1362 1611 Quirites.
1407 1541 1462 1601 ista

183 1643 337 1724 usurpativa
360 1651 438 1704 sunt.
470 1660 542 1720 ergo
558 1650 626 1704 sunt
642 1642 761 1702 nomina
785 1643 901 1701 numeri
924 1647 1039 1702 tantum
1062 1639 1185 1722 pluralis
1208 1643 1325 1720 generis
1348 1659 1463 1702 mascu-

180 1747 239 1816 lini,
265 1745 399 1806 cancelli.
443 1746 473 1805 in
502 1763 613 1822 genere
643 1745 786 1805 leminino
813 1745 930 1803 numeri
959 1751 1072 1804 tautum
1100 1741 1236 1823 pluralis,
1267 1753 1299 1805 ut
1321 1743 1463 1806 kalendae

181 1847 317 1908 nundinae
339 1848 432 1908 leriae
447 1847 607 1927 quadrigae
624 1847 757 1926 nuptiae:
780 1847 879 1906 omnia
902 1846 956 1906 ista
980 1846 1097 1906 numeri
1112 1853 1180 1906 sunt
1200 1853 1313 1907 tantum
1330 1845 1462 1927 pluralis.

151 1966 170 2005 15
180 1954 239 2012 item
265 1953 382 2029 generis
403 1951 502 2010 neutri
525 1952 643 2011 numeri
666 1946 777 2010 tantum
800 1946 937 2028 pluralis,
962 1967 1042 2008 arma
1065 1949 1182 2008 moenia
1207 1948 1331 2011 Floralia
1356 1949 1461 2010 Satur·

182 2053 262 2113 nalia:
284 2056 337 2113 ista
360 2061 430 2114 sunt
452 2054 569 2113 numeri
590 2061 705 2113 tanturn
728 2049 852 2130 pluralis
872 2051 903 2110 in
926 2067 1037 2128 genere
1060 2058 1177 2110 neutro.
1208 2051 1258 2112 sed
1280 2053 1358 2112 scire
1373 2049 1464 2112 debes
1489 2050 1491 2054 ’

182 2155 250 2235 qnod
280 2154 351 2215 hacc
385 2157 450 2234 ipsa
482 2153 625 2215 defectiva
660 2162 838 2234 usurpantur
872 2150 1041 2232 aliqnando.
1087 2152 1214 2214 diximus
1244 2155 1324 2214 virus
1356 2171 1462 2214 aurum

182 2256 267 2334 oleum
289 2267 317 2318 et
339 2276 415 2337 quae
437 2256 473 2315 ad
495 2255 612 2336 pondus
634 2255 679 2317 rel
701 2255 737 2316 ad
761 2273 931 2316 mensnram
949 2255 1100 2333 pertinent
1116 2277 1134 2310 s
1159 2265 1350 2334 usmpantur.
1375 2254 1461 2316 mella

182 2367 339 2439 usmpatum
367 2368 427 2430 est,
456 2359 521 2420 olea
551 2367 723 2439 usurpatum
752 2366 796 2418 est
823 2364 853 2417 et
880 2363 989 2417 cetera.
1034 2358 1106 2418 item
1135 2357 1172 2418 de
1202 2376 1328 2418 numero
1356 2356 1463 2438 plurali

153 2479 247 2541 oquae
273 2469 340 2522 sunt
368 2460 526 2542 aliquando
551 2468 734 2540 usurpantur
755 2459 793 2520 ad
815 2477 973 2520 numerum
996 2453 1191 2537 singularem,
1222 2477 1338 2539 mappa.
1363 2453 1367 2536 1
1391 2461 1461 2519 item

183 2564 239 2642 liga
260 2563 350 2632 habes
371 2571 547 2643 usurpatum
570 2563 606 2624 ad
629 2581 785 2624 numerum
809 2560 1004 2641 singularem,
1028 2570 1060 2623 ut
1083 2569 1126 2622 est

319 2667 481 2727 rorifera
503 2665 668 2745 gelidum
691 2673 912 2726 tenuaverat
934 2683 1017 2726 aera
1041 2664 1132 2743 biga.

182 2771 229 2830 ista
249 2788 301 2851 per
323 2770 549 2849 usurpationem
572 2769 720 2829 dicuntur.

254 2871 380 2951 Regulas
408 2871 653 2933 declinandorum
682 2872 836 2933 nominum
865 2872 1010 2931 norimus.
1056 2869 1107 2930 sed
1130 2869 1248 2948 regulas
1271 2868 1462 2930 declinando·

154 2989 242 3035 rarum
261 2976 428 3044 nominum,
451 2974 480 3034 id
505 2985 550 3034 est
571 2992 659 3053 quem
683 2972 720 3034 ad
743 2972 865 3033 modum
888 2971 1048 3033 debeamus
1070 2971 1220 3033 declinare
1243 2974 1378 3041 nomina,
1402 2990 1461 3032 non
1550 2965 1555 2983 '

184 3074 213 3134 dc
232 3075 335 3155 plurali
358 3076 539 3136 nominativo
561 3075 694 3153 colligis,
724 3075 777 3137 sed
806 3075 842 3136 de
856 3073 1013 3152 singulari
1036 3076 1231 3143 nominativo,
1259 3084 1289 3134 et
1310 3078 1461 3150 pluralem

183 3196 322 3239 araneum
350 3175 513 3238 declinabis
541 3177 577 3237 ad
607 3176 831 3239 similitudinem
854 3178 1027 3239 nominativi
1049 3176 1217 3255 singularis.
1263 3177 1367 3254 quodsi
1390 3195 1460 3237 con-

184 3282 257 3358 tingit
277 3286 309 3341 ut
330 3298 439 3341 nomen
461 3282 500 3341 sit
522 3286 636 3341 tantum
659 3282 777 3342 numeri
798 3278 935 3359 pluralis,
959 3278 1102 3360 numquid
1125 3286 1210 3359 potes
1232 3296 1378 3357 quaerere
1401 3282 1460 3341 sin-

183 3380 315 3458 gularem,
344 3384 394 3462 qrri
424 3381 523 3443 nullus
552 3389 611 3451 est,
639 3391 672 3441 ut
698 3382 748 3443 det
776 3381 831 3443 riti
861 3384 1021 3452 rationem,
1051 3399 1138 3461 qrrem
1162 3380 1341 3443 admodum
1365 3385 1462 3461 possis

155 3482 309 3563 accingere
331 3495 360 3546 et
383 3502 471 3565 quem
495 3484 531 3545 ad
554 3484 674 3545 modurn
696 3484 845 3545 declines?
867 3482 973 3563 collige
990 3484 1024 3544 ad
1041 3483 1263 3545 similitudinem
1278 3486 1459 3553 nominativi,

184 3589 225 3665 qui
244 3588 438 3647 nominativus
466 3586 503 3647 de
531 3604 656 3648 numero
684 3585 828 3665 singulari
854 3587 984 3665 concipit
1012 3585 1138 3664 regulas.
1184 3596 1254 3667 puta
1282 3586 1356 3647 haec
1378 3586 1461 3647 trusa

184 3687 258 3749 huius
271 3689 378 3749 llusae.
408 3688 545 3749 siluerit
567 3687 690 3750 etillnd
712 3707 821 3750 nomen
845 3690 961 3751 numeri
984 3689 1148 3768 singularis,
1172 3690 1228 3750 iam
1253 3690 1295 3749 sic
1318 3688 1457 3759 declinas,

183 3791 314 3869 quemad
337 3790 577 3853 modumllusa:
607 3799 678 3871 puta
700 3790 842 3860 kalenda,
867 3789 947 3851 vides
970 3794 1037 3871 quia
1062 3793 1103 3851 sic
1127 3792 1201 3861 erit,
1226 3789 1377 3851 kalendae.
1421 3792 1459 3852 si-

242 4014 393 4077 lquoniem
411 4012 918 4077 neutriAOlqnoniametneutriBac
970 4012 1030 4062 tlet
1050 4002 1191 4076 ipsnAB'C
1243 4011 1462 4077 ipertinentBC

242 4086 319 4133 nentri
338 4085 426 4135 ABG
442 4084 525 4133 neutri
543 4084 641 4132 numeri
658 4082 798 4148 singularis
816 4100 845 4142 a,
865 4084 912 4133 aed
928 4091 1017 4147 postea
1030 4082 1119 4133 deletis
1137 4098 1202 4147 quae
1211 4082 1301 4187 laddite
1321 4089 1395 4133 crant
1414 4096 1459 4130 nn-

339 4146 345 4168 ¹
1157 4148 1238 4188 uiriais

183 4204 235 4253 meri
255 4203 389 4270 singularis
460 4204 667 4264 iiQuiritesom.
686 4204 772 4255 ABG
840 4203 881 4252 hic
900 4204 1005 4267 quirites
1023 4204 1068 4253 sed
1087 4202 1122 4252 hii
1140 4161 1244 4267 gnirltes
1263 4204 1287 4253 Α
1359 4205 1390 4254 11
1411 4204 1459 4253 ists

183 4290 221 4324 oar.
235 4276 268 4335 A,
285 4278 345 4326 add.
364 4292 382 4325 a
453 4276 485 4327 to
508 4274 647 4324 saturnalia
665 4274 755 4324 Ano.
771 4274 909 4327 saturitatis
929 4274 1074 4340 compitalia
1093 4270 1126 4322 a*
1198 4272 1231 4324 18
1253 4281 1407 4339 usurpantur
1425 4302 1456 4310 -—

183 4353 254 4394 cetera
268 4349 293 4395 in
307 4348 385 4395 litura
397 4347 484 4408 paullo
502 4346 624 4408 ampliore
639 4347 737 4408 scripta
754 4344 829 4395 lrabet
840 4360 865 4396 α.
886 4348 976 4394 lacuna
988 4360 1060 4409 quum
1075 4345 1184 4395 indicavi
1196 4347 1233 4393 sic
1244 4346 1303 4407 sere
1318 4345 1458 4408 supplenda

183 4416 277 4478 ntem,
289 4432 352 4479 quae
370 4417 402 4465 ad
420 4415 521 4480 pondua
536 4415 575 4465 rel
590 4416 624 4465 ad
641 4430 785 4465 mensnram
800 4414 927 4479 pertinent
944 4416 1042 4463 numeri
1056 4430 1112 4464 esse
1128 4422 1225 4463 tnntmn
1245 4413 1393 4480 singularis.
1412 4415 1457 4464 sed

184 4493 254 4533 tamen
271 4486 392 4548 quaedam
409 4502 440 4534 ex
459 4484 498 4534 his
517 4485 551 4534 sd
570 4500 700 4535 rrumernm
717 4484 842 4550 pluralem
866 4492 1018 4549 usurpantur
1106 4484 1181 4533 mella
1204 4496 1353 4549 usurpatum
1377 4492 1458 4535 estet

185 4553 235 4603 lacit
251 4556 295 4604 mel
316 4556 372 4605 olea
391 4564 542 4619 usurpatum
562 4564 600 4605 est
623 4565 647 4605 et
665 4554 727 4605 lecit
746 4554 829 4605 oleum
847 4565 871 4604 et
890 4564 971 4604 cetera
988 4554 1013 4603 B
1101 4554 1134 4605 22
1154 4553 1271 4620 rorilern]
1289 4556 1355 4606 Stat.
1380 4554 1456 4605 rtet.

184 4622 248 4676 1338
312 4627 345 4675 24
363 4630 409 4676 aed
428 4623 541 4693 regulas]
558 4626 604 4675 sed
622 4625 726 4689 regulae
742 4625 794 4675 AG
862 4626 896 4675 26
913 4625 1010 4691 colligit
1025 4622 1172 4690 (collegitG
1189 4624 1296 4691 collegi.
1313 4624 1348 4689 A)
1367 4626 1456 4691 singu-

187 4691 251 4744 larem
267 4696 311 4745 sed
329 4696 360 4745 de
378 4696 501 4763 singulari
519 4697 675 4747 nominetiuo
694 4696 834 4745 declinabis
852 4695 936 4745 ABG
1005 4694 1038 4743 28
1057 4702 1139 4757 potest
1158 4694 1212 4745 Ao
1281 4694 1456 4745 291·ntionem

188 4778 225 4814 cn.
242 4764 273 4825 A,
290 4766 349 4815 odd.
369 4781 386 4816 a
455 4766 490 4817 30
508 4764 609 4832 collige]
630 4766 678 4816 hac
696 4767 753 4832 lege
771 4766 796 4815 B
814 4781 843 4815 sc
864 4768 920 4833 lege
939 4764 1005 4814 Cnd
1025 4764 1082 4828 lege
1099 4764 1139 4829 (l)
1157 4780 1224 4815 corr.
1243 4764 1289 4815 hac
1308 4766 1364 4832 lege
1382 4766 1405 4815 A

188 4830 214 4881 tt
230 4836 267 4896 qni
283 4837 450 4887 nominatione
466 4836 547 4888 ABG
564 4839 624 4901 quio
640 4837 811 4886 rrominntiuns
828 4832 862 4885 a*
932 4834 1046 4903 regulum
1064 4832 1088 4883 A
