3525 5600
325 405 368 471 58
883 407 1059 471 CLEDONll

351 529 373 572 p.
387 517 524 559 reu-1ar.

325 615 392 657 rum
415 597 452 657 ab
473 597 593 679 activo}
629 596 837 658 moribundus:
868 595 905 657 ab
928 615 964 657 eo
987 595 1066 676 quod
1089 605 1133 657 est
1155 598 1285 658 moriens
1308 595 1377 657 tolle
1393 616 1423 667 s,
1452 595 1526 656 adde
1550 594 1612 664 dus,

326 717 386 759 non
413 700 483 761 tacit
511 705 627 779 tempus
655 693 787 760 futurum
816 717 832 759 a
859 700 991 778 passivo,
1025 699 1102 760 sicut
1129 717 1231 759 amans
1264 698 1422 769 amanduS,
1452 699 1527 759 sicut
1559 695 1613 757 alia

224 800 446 874 383‚2similia;
467 800 519 862 sed
535 808 580 862 est
594 800 775 881 participale.
793 803 977 861 -Actira
993 809 1079 861 sunt
1100 819 1192 880 quae
1215 819 1232 860 o
1255 799 1383 861 littera
1405 802 1613 862 terminan-

324 910 384 964 tur
404 898 418 986 ΙΙ
435 911 470 965 et
491 913 646 984 accepta
674 923 690 963 r
711 902 838 964 littera
867 903 1010 964 iaciunt
1032 921 1074 963 ex
1095 923 1137 964 se
1153 903 1316 983 passiva,
1340 908 1380 962 ut
1395 902 1477 980 lego
1494 900 1612 980 legor:

325 1006 450 1065 activum
474 1004 596 1065 verbum
619 1011 678 1074 est,
695 1004 773 1085 quod
796 1023 814 1064 o
836 1003 927 1066 babet
950 1012 978 1066 et
993 1005 1093 1066 addito
1115 1023 1131 1064 r
1153 1006 1302 1085 passivum
1322 1001 1326 1084 Ι
1346 1004 1425 1065 lacit.
1463 1021 1533 1064 nam
1554 1022 1637 1068 nono

326 1114 426 1187 potest
448 1125 514 1167 esse
535 1107 672 1176 activum,
696 1105 777 1187 quod
795 1125 855 1168 uon
871 1107 960 1168 faciat
974 1109 1139 1186 passivum,
1164 1125 1259 1186 neque
1274 1108 1437 1186 passivum,
1462 1105 1540 1186 quod
1557 1124 1615 1166 non

324 1209 412 1270 iaciat
427 1211 564 1270 activum.
602 1217 739 1270 neutrum
756 1215 815 1279 est,
832 1209 932 1269 sinon
950 1209 1038 1270 iaciat
1059 1211 1214 1290 passivum.
1254 1226 1425 1284 commune,
1450 1207 1528 1289 quod
1544 1209 1616 1268 casi-

324 1311 380 1372 bus
403 1311 595 1386 discernitur,
625 1310 704 1390 quod
727 1319 757 1372 et
778 1309 815 1372 ab
838 1313 932 1372 activo
955 1321 985 1372 et
1006 1331 1023 1372 a
1044 1313 1160 1392 passivo
1182 1313 1213 1372 in
1236 1331 1270 1372 or
1292 1311 1380 1372 venit.
1417 1310 1469 1372 sed
1492 1313 1614 1372 activam

325 1414 571 1492 significationem
594 1414 776 1473 accusativus
797 1414 889 1491 regit,
913 1415 1056 1493 passivam
1080 1413 1236 1483 ablativus,
1261 1421 1294 1475 ut
1309 1413 1454 1474 criminor
1470 1422 1498 1474 te
1514 1421 1544 1474 et
1559 1415 1615 1474 cri·

295 1517 423 1576 4minor
448 1534 465 1576 a
487 1514 710 1576 te.—Neutra
733 1513 838 1595 [sunt
860 1533 954 1595 quae
977 1516 1011 1576 iu
1034 1534 1050 1576 r
1076 1514 1205 1577 littera
1230 1516 1494 1584 terminantur,
1519 1525 1554 1576 et
1576 1533 1649 1576 eam

295 1606 297 1609 ⁵
325 1619 458 1678 amissa
479 1617 641 1678 redeunt
661 1617 699 1677 in
720 1619 854 1689 activa,
877 1625 915 1678 ut
937 1615 1042 1698 legor
1064 1617 1156 1696 lego.
1188 1617 1338 1700 neutra]
1364 1619 1489 1680 activum
1506 1616 1615 1679 babent

326 1727 448 1782 tantum.
487 1719 539 1780 sed
562 1721 630 1799 quia
652 1719 725 1781 illud
748 1719 822 1781 alter
845 1739 905 1782 non
927 1721 1052 1800 patitur,
1084 1721 1210 1783 activum
1237 1731 1378 1791 nonest,
1410 1727 1443 1780 ut
1469 1725 1558 1802 nato..
1575 1753 1615 1761 -
1655 1711 1660 1722 '

297 1823 418 1883 aSunt
446 1823 555 1882 etiam
584 1830 734 1891 neutra,
765 1841 857 1902 quae
885 1825 896 1883 i
923 1821 1052 1883 littero
1084 1824 1348 1892 terminantur,
1383 1829 1421 1882 ut
1447 1820 1507 1882 odi
1529 1813 1615 1882 novi

325 1924 488 1985 memini:
513 1924 563 1984 odi
583 1927 726 2002 temporis
748 1925 902 2004 praeteriti
924 1924 1048 2004 perlecti
1072 1931 1118 1985 est
1141 1921 1188 2004 [ut
1209 1923 1257 1984 odi
1281 1925 1349 1984 nori
1364 1922 1516 2004 memini],
1541 1925 1616 1983 siout

325 2025 391 2104 legi.
429 2043 498 2086 nam
520 2025 598 2106 quod
628 2026 701 2087 dicis
729 2025 815 2086 ‘odio
839 2035 867 2086 te
896 2025 1026 2101 habeo',
1057 2043 1166 2087 nomeu
1198 2033 1254 2095 est,
1284 2045 1343 2086 nou
1370 2025 1502 2087 verbum.
1548 2043 1650 2086 nanrn

325 2128 484 2188 Terentius

476 2214 583 2275 miris
605 2213 722 2274 modis
744 2213 869 2276 odisse
891 2215 999 2276 aiunt
1020 2213 1302 2276 adulescentem
1325 2213 1502 2275 Sostrata.

297 2331 366 2379 7-
388 2315 478 2376 Suut
497 2300 608 2402 {litem
631 2333 723 2394 quae
745 2318 782 2376 in
804 2335 861 2377 um
883 2316 1064 2397 syllabam
1087 2318 1278 2387 desinant,
1301 2324 1434 2377 utsum
1450 2333 1613 2396 prosum:

325 2437 389 2478 sum
411 2420 606 2497 praeteritum
628 2417 826 2497 inperfectum
843 2421 913 2479 iacit
928 2439 1025 2489 eram;
1049 2422 1080 2480 in
1096 2421 1259 2499 composito
1275 2419 1344 2479 lacit
1359 2417 1473 2479 adsum.
1510 2435 1616 2478 secun·

325 2520 381 2580 dae
402 2520 617 2600 coniugationis
639 2516 800 2599 productae
822 2528 879 2581 est:
905 2523 947 2582 sic
969 2521 1094 2583 dicimus
1117 2539 1162 2594 es2
1186 2519 1356 2600 quomodo
1378 2539 1495 2591 moues,
1525 2528 1557 2580 ut
1579 2522 1652 2584 siteo

296 2621 535 2688 8eircumllexus
550 2629 698 2684 accentus.
716 2656 757 2666 —
772 2623 862 2684 ltem
879 2643 971 2703 quae
993 2632 1006 2684 t
1027 2623 1157 2684 littera
1181 2631 1330 2693 exeunt,
1356 2633 1392 2684 ut
1407 2621 1521 2702 pudet
1536 2630 1616 2683 tae·

325 2725 386 2785 det
412 2726 596 2805 paenitet:
626 2725 731 2786 taedeo
753 2727 785 2786 iu
807 2726 911 2787 Casina
934 2725 1028 2787 Plauti
1051 2723 1185 2805 legimus.
1222 2725 1385 2787 secundum
1414 2725 1471 2786 boo
1494 2724 1616 2787 verbum

325 2826 490 2907 principale
511 2828 640 2907 positum
664 2835 709 2888 est
729 2828 915 2908 ‘pertaeduit
937 2848 984 2891 me
1005 2827 1086 2889 illius
1108 2830 1179 2899 rei',
1204 2836 1232 2889 et
1254 2830 1441 2909 ‘pertaesum
1465 2840 1510 2891 est
1524 2828 1616 2891 illius’

296 2932 383 2995 eiam
404 2948 461 3010 pro
483 2928 608 2990 arbitrio
630 2928 790 2991 scribentis
811 2940 985 3012 usurpatum
1008 2939 1061 2992 est.
1078 2929 1203 2992 —Sed
1227 2931 1318 2992 baec
1341 2938 1375 2992 et
1396 2931 1532 2993 similia
1553 2930 1615 2991 de·
1731 3004 1732 3015 2

325 3032 466 3092 lectiva
488 3032 735 3093 existimanda
750 3040 846 3094 sunt:
869 3034 1031 3095 notandum
1046 3052 1116 3095 sane
1131 3036 1229 3095 omnia
1251 3034 1450 3113 inpersonalia
1473 3033 1615 3093 defectiva
1629 3056 1653 3093 n
1731 3020 1732 3051 ³

326 3152 400 3195 esse.
421 3166 464 3179 —
485 3156 505 3192 n
528 3133 579 3195 sed
602 3132 675 3194 illud
689 3135 803 3208 ‚melius
825 3144 884 3207 est,
917 3136 995 3216 quod
1018 3144 1120 3197 carent
1141 3137 1297 3217 participio
1319 3136 1412 3198 loturi
1435 3130 1577 3215 temporis
1600 3153 1616 3195 a

282 3253 310 3301 11
325 3237 504 3314 passivo-
520 3236 733 3298 Communia
756 3246 842 3298 sunt
863 3257 957 3318 quaa
979 3257 994 3299 r
1016 3238 1145 3299 littera
1161 3240 1410 3299 terminantur
1426 3236 1618 3298 etinduas
1731 3294 1732 3301 ,

325 3336 463 3399 formas
485 3338 635 3399 cadunt:
660 3339 750 3400 vador
765 3338 849 3401 illum
865 3342 987 3419 agentis,
1004 3340 1093 3402 vador
1109 3340 1146 3402 ab
1167 3339 1219 3402 illo
1241 3342 1393 3419 patieutis;
1409 3338 1543 3402 similiter
1558 3340 1617 3399 cri·
1663 3383 1671 3393 .
1731 3328 1732 3403 l

326 3441 432 3500 minor.
470 3448 623 3513 neutrum,
653 3443 720 3520 quia
742 3460 798 3501 nec
819 3444 947 3504 activum
970 3450 1015 3503 est
1038 3441 1043 3525 Ι
1069 3462 1123 3505 nec
1144 3444 1301 3523 passivum.
1340 3442 1507 3522 deponens,
1536 3440 1616 3521 quod
1731 3500 1732 3527 p

282 3553 341 3601 lar
363 3540 492 3603 litteram
514 3560 674 3623 numquam
697 3542 840 3623 deponat,
864 3564 920 3624 per
946 3545 1158 3607 catantilrasiu.
1195 3580 1234 3590 -
1267 3547 1360 3607 Sunt
1381 3543 1490 3605 rerba
1514 3549 1654 3606 entiam
1731 3528 1732 3593 Ᾰ

326 3642 618 3723 hancregulam,
643 3646 1170 3725 quaeiuaoqualiadicuntur:
1194 3646 1359 3728 inaequalia
1374 3646 1512 3706 dicuutur
1527 3644 1618 3705 verba
1731 3650 1732 3661 ¹

326 3747 456 3825 quaein
477 3750 628 3825 praesenti
651 3756 787 3827 tempore
809 3750 894 3827 quasi
916 3751 1007 3810 activa
1030 3758 1099 3811 sunt
1122 3757 1151 3810 et
1171 3752 1201 3810 in
1217 3750 1376 3830 praeterito
1392 3748 1475 3827 quasi
1489 3750 1625 3826 passiva·

326 3855 358 3907 ut
381 3846 464 3910 soleo
485 3848 590 3910 solitus
611 3868 692 3920 sum,
715 3848 830 3928 gaudeo
853 3852 969 3929 gavisus
990 3870 1071 3921 sum,
1095 3852 1133 3912 lro
1156 3854 1249 3913 lactus
1270 3869 1351 3921 sum,
1374 3849 1433 3911 fido
1455 3850 1526 3910 fisus
1540 3868 1617 3922 sum,
1731 3840 1732 3843 '

327 3955 357 4009 et
377 3951 463 4029 siqua
483 3958 553 4011 sunt
566 3950 682 4013 similia.
720 3970 789 4012 nam
804 3952 886 4015 soleo
902 3952 977 4015 solui
992 3953 1095 4015 debuit
1109 3951 1238 4036 suficere,
1263 3953 1379 4033 gaudeo
1394 3951 1513 4031 gaudui.
1552 3952 1617 4010 iero

326 4070 387 4113 uon
410 4052 480 4113 lacit
500 4053 628 4114 inlertor
648 4053 701 4114 sed
722 4053 839 4116 inlator.
875 4072 980 4115 vescor
1003 4054 1123 4115 dubium
1147 4063 1246 4117 utrum
1270 4057 1395 4118 resultus
1417 4052 1543 4123 dicatur,
1568 4061 1618 4113 aut
1630 4076 1654 4115 as

254 4173 256 4179 ⁴
282 4168 312 4217 16
324 4153 403 4214 lorte
424 4152 492 4214 ideo
508 4171 627 4224 vescor,
651 4157 718 4234 quia
734 4174 791 4217 non
807 4158 877 4217 lacit
892 4158 988 4217 vescni
1005 4155 1114 4238 [audeo
1129 4177 1217 4221 ausus
1232 4156 1322 4239 sum].
1346 4192 1388 4201 -
1410 4157 1502 4217 Sunt
1525 4172 1616 4235 quae

396 4323 690 4375 murimonte—4.
746 4325 924 4377 3terminatur
972 4328 1093 4377 betdato
1147 4324 1317 4393 ipnsslvum]
1334 4328 1443 4375 uotiuum
1497 4324 1619 4376 llhabet

380 4396 412 4445 12
423 4394 481 4446 illnt
532 4394 565 4446 13
578 4393 653 4461 qnae]
670 4397 713 4460 qui
765 4396 934 4461 20producta
985 4398 1017 4447 21
1029 4398 1149 4446 aduentus
1198 4397 1266 4446 tedet
1280 4398 1375 4462 penitet
1391 4396 1463 4447 tedeo
1513 4394 1616 4462 ’ὤρετ-

242 4474 246 4480 ’
326 4464 406 4513 reduit
457 4471 585 4529 pertesum
639 4464 673 4517 26
693 4465 763 4515 illum
818 4465 852 4517 34
870 4464 968 4553 debuit]
988 4467 1063 4517 debui
1087 4466 1163 4515 debui
1186 4486 1188 4502 ·
1214 4466 1248 4515 35
1267 4466 1360 4515 dubiae
1412 4464 1446 4515 36
1465 4480 1514 4514 non
1534 4480 1581 4518 om.

326 4562 630 4578 u———d——..

397 4619 430 4672 16
448 4618 591 4687 Terentius]
610 4622 675 4671 Her.
695 4622 705 4669 l
723 4622 749 4681 ’2,
769 4618 820 4672 104
889 4622 923 4671 22
942 4621 1031 4671 taedeo
1048 4622 1073 4670 in
1091 4621 1184 4671 Casino
1200 4621 1288 4671 Plauti
1303 4636 1367 4671 nunc
1382 4636 1431 4672 non
1450 4622 1555 4685 kedar:
1573 4620 1619 4671 sed

327 4689 486 4751 impersonale
506 4692 592 4741 taedet
605 4700 642 4742 eat
657 4690 716 4745 Coc.
738 4693 747 4740 l
766 4692 889 4754 stateo,
909 4691 992 4740 taedet
1010 4692 1046 4739 tui
1059 4692 1183 4740 sermonis
1235 4690 1269 4742 26
1287 4693 1334 4742 sed
1352 4689 1415 4740 illud
1427 4704 1488 4739 -a
1503 4692 1616 4755 passivo,

328 4774 393 4823 quae
412 4775 447 4808 ex
464 4762 604 4823 definitione
623 4762 770 4824 deponm
791 4761 863 4811 verbi
888 4762 977 4811 relicta
1006 4768 1064 4810 sanat
1086 4769 1144 4821 poet
1167 4760 1201 4811 30
1224 4776 1270 4827 per
1299 4759 1474 4812 catantiirasin
1502 4761 1617 4811 oidenmr

327 4828 475 4878 collocando
492 4846 548 4880 esce
615 4832 647 4881 35
663 4832 768 4881 dubium
786 4829 930 4895 Puteolaiur]
992 4830 1026 4881 36
1044 4830 1125 4879 audeo
1140 4844 1218 4881 ausns
1236 4846 1291 4883 sum
1308 4842 1366 4898 poet
1384 4830 1418 4882 33
1437 4831 1545 4899 gavisus
1559 4844 1615 4883 sum

327 4899 550 4966 ceteramque
568 4901 684 4952 videaur
