3525 5600
659 391 729 452 ms
759 387 800 451 ιιι
822 349 894 451 aa
1365 387 1426 452 tot

170 513 190 554 p.
205 501 300 541 maaca
315 499 336 540 n
619 519 622 528 ,
1247 510 1268 551 p.
1285 497 1403 539 voveat.

148 581 230 642 iudex
258 580 365 640 iudicis
394 581 494 642 iudico
522 581 650 649 indicas,
686 597 825 659 manceps
853 581 1002 659 mancipis
1026 581 1163 658 mancipo
1189 581 1350 659 mancipas.
1401 586 1431 640 et

149 685 189 743 sic
211 699 327 761 semper
350 702 386 743 ev
409 685 501 744 certis
523 690 553 743 et
575 682 742 743 manifestis
763 684 877 744 incerta
899 682 1074 760 regulamus
1096 689 1127 742 et
1148 680 1301 759 ambigam
1328 699 1429 741 nemo·

147 803 200 864 qne
222 783 351 854 dubitat,
380 785 458 864 quod
487 786 588 864 priora
609 801 732 862 prorsus
753 804 769 845 a
792 783 893 844 verhis
915 791 984 844 sunt
1005 786 1138 852 uomina,
1162 785 1193 844 in
1215 781 1325 862 quihus
1345 790 1428 844 natu·

147 886 246 946 raliter
268 884 434 946 substantia
455 887 585 946 nominis
607 886 758 947 antecedit
778 893 876 947 actum
899 888 951 965 qui
974 892 1124 965 spectatur
1146 887 1176 946 in
1200 883 1311 945 verbis.

224 986 358 1067 Exempli
381 1005 469 1049 causa
492 987 528 1048 dc
551 987 651 1048 multis
674 986 748 1049 libet
774 989 912 1067 proferre
936 983 948 1069 ll
972 1006 1081 1069 pauca,
1104 995 1137 1047 ut
1164 971 1232 1047 esca
1254 989 1355 1047 inesco
1382 989 1426 1047 in-

145 1107 236 1159 escaS,
264 1089 342 1150 unda
365 1089 476 1150 inundo
499 1090 640 1159 mundas,
669 1108 725 1168 pax
748 1092 831 1170 pacis
852 1109 926 1169 paco
948 1108 1050 1169 pacas,
1078 1089 1163 1150 radix
1186 1088 1306 1148 eradico
1328 1089 1425 1149 eradi*

145 1211 204 1260 cas,
233 1193 325 1270 piscis
347 1192 447 1270 piscor
468 1192 610 1270 piscaris,
640 1209 692 1252 cor
720 1192 819 1252 cordis
841 1191 988 1252 concordo
1010 1177 1148 1252 discordo
1171 1190 1326 1259 recordor,
1354 1190 1427 1251 odor

143 1293 245 1353 odoror
267 1292 417 1363 odorariS,
441 1291 581 1354 Horatius
602 1295 633 1353 in
657 1295 751 1373 epodo

288 1397 497 1474 proiectum
519 1394 691 1456 odoraris
714 1395 850 1457 cibum:

114 1511 132 1549 ιι
144 1496 240 1557 radius
263 1496 348 1558 radio
370 1495 484 1562 radias.
507 1497 615 1556 humus
637 1495 726 1556 ltumo
749 1497 867 1568 homas,
891 1498 991 1558 fumus
1012 1498 1093 1558 fumo
1108 1497 1218 1567 fnmas,
1242 1499 1341 1557 contio
1355 1515 1425 1576 pon·

144 1601 250 1668 tionor,
278 1599 369 1659 limen
398 1598 536 1669 elimino,
566 1616 706 1659 cacumen
735 1601 904 1669 cacumine,
938 1598 1188 1678 ‘summasque
1219 1600 1426 1659 cacuminat

143 1704 265 1761 aures'
289 1700 412 1762 Ovidius
435 1700 711 1779 metamorphoseon
735 1699 814 1761 libro
837 1701 864 1760 l:
889 1719 994 1762 rumen
1017 1702 1144 1761 ruminis
1167 1702 1300 1770 rumino,

286 1802 377 1862 ilice
401 1800 467 1862 sult
491 1803 601 1879 nigra
622 1802 813 1882 pallentes
836 1805 1003 1863 ruminat
1024 1801 1161 1864 herbas

141 1904 277 1982 Virgilius
292 1905 324 1964 in
338 1901 488 1963 bucolico:
512 1921 616 1964 aurum
632 1905 737 1966 inauro
753 1906 888 1975 inauras,
906 1904 1046 1966 Horatius
1060 1906 1092 1964 in
1107 1903 1302 1983 epistularum
1317 1901 1397 1964 libro
1412 1903 1424 1962 l

113 2018 131 2058 o
1145 2013 1184 2065 ut
1204 2012 1242 2064 te

285 2106 487 2168 confestim
508 2107 641 2185 largus·
659 2108 831 2168 fortunae
853 2109 957 2168 rivus
979 2109 1149 2167 inauret:

142 2217 267 2272 mortum
288 2205 407 2278 'scorter
430 2211 586 2278 scortaris,
614 2225 723 2286 gurges
750 2211 879 2287 gurgitis
902 2211 1068 2287 ingurgito,
1099 2209 1204 2270 Cicero
1232 2210 1264 2268 in
1285 2208 1424 2269 Pisonem

141 2317 347 2390 ‘numquam
376 2317 411 2370 te
440 2311 471 2370 in
503 2317 559 2371 tot
593 2311 745 2389 flagitia
779 2312 1089 2388 ingurgitasses’.
1140 2327 1206 2371 cras
1239 2310 1422 2379 adverbium,

140 2414 284 2473 crastinus
312 2429 435 2482 nomen,
464 2417 495 2471 et
522 2410 559 2471 ab
587 2429 623 2472 eo
649 2412 774 2474 verbum
801 2415 1004 2493 procrastino;
1034 2412 1099 2472 dies
1126 2430 1249 2483 nomen,
1280 2411 1423 2492 perendie

110 2528 130 2565 tt
143 2513 326 2584 adverbium,
355 2513 587 2593 comperendino
615 2513 750 2576 verbum.
799 2522 955 2595 praeterea
983 2514 1021 2575 de
1047 2513 1148 2574 verhis
1174 2517 1264 2575 etiam
1291 2513 1422 2574 derivata

141 2613 226 2678 verba
249 2624 430 2677 consonante
455 2612 658 2695 pracceldente
681 2617 795 2696 primae
818 2634 938 2697 semper
959 2623 1042 2686 sunt,
1070 2625 1105 2677 ut
1119 2618 1228 2701 „omnis
1252 2617 1421 2696 frequenta·

140 2719 194 2777 tiva
215 2717 321 2778 forma.
356 2735 412 2777 nec
434 2717 471 2778 ad
493 2717 581 2778 aliam
603 2724 702 2797 potest
723 2718 846 2779 huiusce
870 2719 950 2779 modi
972 2718 1131 2779 verborum
1152 2718 1297 2778 derivatio
1318 2717 1421 2777 venire

140 2822 389 2897 coniugationem‚
419 2822 477 2881 nisi
505 2819 582 2880 forte
610 2821 722 2881 incidat
750 2822 781 2881 in
804 2820 981 2891 clausulam,
1010 2824 1069 2883 iam
1090 2828 1158 2882 ante
1180 2819 1298 2881 cuidam
1320 2820 1421 2879 coniu-

139 2923 245 2998 gationi
266 2921 450 2999 generaliter
465 2921 649 3002 deputatam,
672 2932 704 2983 ut
720 2925 750 2982 in
767 2924 833 2983 urio
849 2922 1015 2983 desinentia
1030 2922 1202 2984 meditativa
1217 2939 1283 2981 esse
1298 2926 1421 3000 quartae

108 3024 204 3084 artant
225 3025 290 3103 ipsa
317 3024 431 3084 formae
454 3024 579 3085 finalitas
612 3030 643 3084 et
676 3023 843 3085 inchoativa
871 3026 995 3096 tertiam
1030 3027 1178 3104 etiamque
1206 3025 1237 3083 in
1264 3039 1314 3082 sco
1341 3021 1419 3082 desi·

140 3126 234 3185 nentia
264 3124 412 3204 perfecta,
440 3126 467 3184 si
493 3132 593 3185 tamen
620 3144 678 3186 non
702 3127 760 3187 siut
782 3146 798 3187 a
821 3125 1006 3196 nominibus,
1036 3128 1120 3206 quasi
1148 3128 1182 3186 in
1203 3124 1420 3205 possessionem

139 3229 238 3287 tertiae
267 3226 360 3287 solius
389 3236 609 3289 concesserunt.
659 3228 843 3307 singulisque
871 3228 976 3289 formis
1003 3229 1233 3289 derivativorum
1262 3224 1420 3286 verborum

138 3330 264 3406 singulas
285 3330 422 3407 accipere
446 3330 556 3389 coactis
578 3329 614 3389 ad
630 3328 827 3389 differentiam
850 3332 898 3391 sui
916 3331 1140 3407 coniugationes
1161 3331 1227 3389 iure
1249 3328 1419 3400 meditativa

138 3430 253 3507 quidem
281 3436 419 3509 quartam
447 3432 477 3490 in
506 3432 536 3490 io
564 3432 773 3492 terminatione
799 3439 988 3501 meruerunt,
1016 3433 1095 3491 sicut
1123 3433 1154 3490 in
1182 3448 1219 3491 eo
1243 3430 1418 3499 desinentia,

108 3533 194 3591 estve
216 3533 365 3610 primitiva
390 3532 451 3591 sire
474 3530 635 3593 derivativa
658 3534 732 3601 sint,
761 3532 851 3593 solam
880 3532 1039 3594 secundam
1061 3534 1151 3593 etiam
1179 3534 1210 3592 in
1236 3532 1330 3591 forma
1351 3549 1419 3611 per·

139 3632 209 3693 fecta
235 3630 361 3703 hahent;
395 3633 611 3712 frequentativa
640 3651 709 3693 vero
737 3641 766 3694 et
794 3635 975 3705 inchoativa,
1011 3635 1143 3695 carentia
1172 3633 1264 3695 vocali
1293 3642 1360 3695 ante
1391 3651 1417 3702 o,

139 3735 257 3811 primam
281 3742 312 3794 et
333 3736 454 3795 tertiam
470 3736 597 3795 invicem
613 3737 780 3796 necessario
796 3739 974 3807 sortiuntur;
997 3738 1161 3816 meritoque
1177 3743 1301 3815 utraque
1323 3735 1418 3795 forma

139 3835 363 3896 derivativorum
385 3835 421 3895 ad
444 3854 508 3897 eam
524 3838 651 3897 maxime
675 3840 755 3898 venit
770 3840 1023 3917 coniugationem,
1046 3840 1079 3898 in
1100 3856 1158 3917 qua
1180 3854 1250 3898 suae
1266 3837 1418 3899 domitatis

199 4040 215 4091 3
235 4040 303 4101 quod
321 4040 405 4104 priora
420 4039 504 4089 uerbis
525 4046 584 4088 sunt
601 4040 725 4104 quaedam
745 4041 848 4090 nomina
866 4040 919 4099 Bt,
975 4040 992 4089 4
1010 4049 1171 4105 exspectatur
1189 4039 1214 4088 B
1232 4047 1379 4105 expectatur
1397 4040 1420 4088 P

199 4106 301 4175 olibet]
324 4110 382 4159 lieet
398 4108 446 4165 Βς
516 4118 542 4158 ιιι
559 4116 596 4157 eat
613 4112 802 4159 aescainaesco
821 4111 937 4159 inaeaeas
957 4110 981 4157 P
1047 4110 1104 4158 ern
1124 4108 1216 4176 epodo]
1235 4109 1261 4169 tt,
1282 4108 1315 4161 10
1384 4111 1417 4159 12

141 4186 235 4232 tnetam.
254 4176 360 4244 librol]
380 4177 482 4229 111195
554 4178 587 4227 14
605 4178 628 4227 in
650 4177 773 4245 bucolico]
794 4182 825 4241 o,
845 4182 878 4231 54
950 4178 1024 4243 epist.
1045 4178 1246 4245 librol]12‚9
1316 4176 1417 4227 lotor-

139 4248 214 4310 ginst
289 4248 406 4299 fortunae
425 4244 504 4314 rivus]
525 4248 647 4299 imberB
736 4250 767 4300 17
787 4250 812 4297 in
831 4249 922 4313 pisone
941 4246 1086 4304 P:18,l2
1172 4245 1261 4312 tatu]
1284 4244 1373 4307 int',lt.
1393 4264 1415 4298 e.

141 4318 197 4366 iuter
216 4319 238 4367 P
324 4317 358 4369 19
377 4313 545 4384 procrastino]
568 4320 677 4369 crastino
695 4318 721 4368 B
807 4318 862 4367 dies
886 4317 946 4367 item
967 4318 1086 4381 perendie
1099 4319 1156 4368 BP
1172 4318 1227 4368 diea
1247 4332 1338 4366 nomen
1357 4319 1414 4366 item

140 4388 252 4449 perendie
270 4396 280 4438 t
295 4388 351 4438 dies
370 4388 429 4436 item
444 4402 534 4436 nomen
555 4388 708 4451 perendief
771 4388 805 4436 20
823 4388 855 4436 de
871 4387 1000 4436 adnerbiia
1021 4388 1045 4436 P
1095 4388 1127 4438 at
1143 4385 1180 4451 ut]
1197 4398 1220 4436 et
1239 4388 1274 4435 P:
1293 4396 1318 4435 et
1332 4388 1414 4436 omnia

140 4456 330 4517 frequentatione
346 4456 441 4506 formae
457 4470 474 4513 ς
525 4458 558 4508 23
573 4458 671 4507 incedat
683 4459 708 4507 P
755 4458 804 4505 iarn
823 4465 881 4505 ante
900 4454 1040 4521 (auperacr.
1058 4456 1162 4521 dictam)
1179 4457 1278 4505 cuidam
1294 4457 1415 4523 coniuga-

139 4526 226 4576 tionum
244 4526 269 4577 B
287 4528 337 4576 ittm
356 4536 414 4576 ante
431 4527 524 4576 dictam
542 4526 643 4577 cuidam
655 4527 861 4593 coniugatiotmm
882 4527 905 4575 P
920 4528 970 4575 iam
987 4536 1045 4575 ante
1063 4527 1164 4576 cuidam
1184 4527 1387 4592 coniugationem
1405 4534 1416 4577 t

186 4597 218 4646 24
233 4596 378 4653 meditatiua
397 4605 499 4659 quartae
518 4597 705 4663 coniugationia
718 4612 775 4647 esse
789 4595 849 4645 facit
866 4597 922 4661 ipae
938 4594 1019 4645 forma
1033 4596 1161 4645 finalitatis
1174 4604 1184 4645 t
1197 4596 1343 4646 meditatim
1361 4594 1416 4644 fore

140 4672 236 4723 quanae
250 4664 308 4716 facit
326 4668 382 4731 ipso
407 4666 503 4717 formae
520 4665 629 4716 finalitas
648 4668 671 4715 P
689 4666 833 4716 meditatina
854 4674 993 4729 qttartaeq
1012 4663 1151 4729 (stuperem.
1166 4665 1261 4729 solius)
1280 4664 1339 4715 facit
1356 4666 1415 4731 ipsa

141 4732 214 4785 fornia
237 4734 381 4787 finalitatem
406 4734 488 4799 (corr.
508 4735 604 4785 formae
622 4734 744 4800 finalitas)
761 4737 786 4786 B
853 4736 888 4787 25
910 4743 935 4786 et
951 4735 1097 4785 inchoatiue
1113 4750 1171 4785 ease
1185 4736 1273 4785 tertiae
1290 4734 1314 4783 P
1381 4736 1415 4786 ¹28

140 4808 267 4855 careotasP
334 4806 369 4859 30
383 4803 444 4872 sint]
467 4814 550 4855 eeeent
564 4806 617 4857 BP
682 4808 762 4856 solam
780 4806 984 4873 coniugatiouem
999 4806 1136 4856 seeundum
1152 4806 1178 4855 P
1246 4804 1278 4856 31
1295 4805 1415 4855 habeut!

141 4870 240 4925 lrabeant
257 4875 313 4925 BP
381 4880 495 4926 carentes
513 4876 538 4925 P
