3525 5600
359 399 421 464 636
909 399 1090 461 nacuoeu

259 540 265 548 .
384 522 405 562 p.
419 511 508 550 147-49
522 508 550 548 V.

357 607 475 669 quoque
498 589 572 649 solet
594 589 737 667 disquiri,
766 606 804 648 an
831 595 945 646 temere
975 593 1005 646 et
1031 593 1065 646 ut
1086 589 1146 648 l'ors
1169 587 1273 648 tulerit
1294 586 1418 647 allervun
1445 586 1533 646 alteri
1561 603 1634 666 prar-

357 709 513 770 ponamus‚
543 697 593 749 aut
615 692 654 751 sit
677 689 775 768 aliqua
798 689 873 749 ratio
896 707 971 768 quae
994 687 1055 748 illis
1077 687 1155 748 hune
1178 689 1314 749 ordinem
1336 690 1521 768 imposuerit.
1548 697 1582 746 et
1605 690 1635 747 in·

356 795 476 853 venitur
497 811 557 852 non
579 795 644 852 sine
666 809 755 850 causa
778 809 814 850 eo
836 797 924 869 pacto
946 791 1039 850 luisse
1056 791 1195 868 digestos.
1218 809 1287 850 nam
1303 808 1379 852 unus
1400 795 1526 870 quisque
1541 807 1636 850 corun

356 897 386 954 vn
409 896 502 954 activa
523 894 570 953 vrTl
592 896 706 973 passiva
729 893 937 960 declinatione,
967 899 1054 970 prout
1077 895 1174 952 minus
1203 891 1342 954 habuerit
1364 895 1488 953 actionis
1511 891 1557 952 vel
1582 909 1636 970 pas-

264 997 463 1065 clr,1sionis‚
490 999 531 1056 ita
553 997 700 1075 posterior
722 997 788 1055 evit.
833 996 933 1072 itaque
955 993 1143 1064 indicativus,
1164 996 1216 1074 qui
1238 993 1330 1054 babet
1344 993 1595 1054 absolutissimam
1616 1010 1654 1052 arr·

355 1098 518 1176 perlectam
547 1097 583 1156 de
612 1116 644 1156 re
678 1115 752 1175 quae
786 1097 884 1172 agitur
911 1096 1196 1174 pronuntiationem,
1232 1099 1339 1156 merito
1368 1097 1497 1175 primum
1530 1095 1637 1156 obtinet

354 1200 493 1276 gradum:
517 1217 585 1258 nam
608 1200 658 1278 qui
682 1199 755 1257 dicit
776 1199 879 1276 pingo,
912 1200 1005 1276 ipsam
1034 1199 1179 1276 picturam
1209 1216 1223 1256 a
1249 1195 1253 1274 1
1278 1216 1309 1258 se
1337 1200 1397 1258 iam
1427 1199 1491 1258 lieri
1524 1197 1637 1256 demon·

354 1309 444 1370 strat;
472 1303 523 1380 qui
551 1319 621 1360 vero
651 1299 760 1359 dixerit
788 1301 887 1378 pinge,
917 1301 1044 1378 imperat
1066 1307 1099 1360 ut
1121 1299 1170 1359 irat.
1192 1302 1318 1378 pictura,
1343 1317 1401 1360 nou
1424 1302 1483 1359 iam
1507 1318 1572 1360 esse
1596 1299 1637 1358 de·

353 1404 465 1479 signat;
490 1404 593 1480 etqui
616 1402 854 1480 pronuntiaverit
875 1403 989 1461 utinam
1012 1403 1176 1480 pingerem,
1199 1408 1300 1461 votum
1321 1399 1380 1460 sibi
1403 1419 1438 1460 ac
1461 1400 1637 1462 desiderium

353 1503 447 1563 adbuc
477 1503 589 1563 indicat
617 1520 681 1561 osse
709 1501 868 1581 pingendi;
901 1505 953 1581 qui
976 1501 1049 1562 dicit
1070 1521 1139 1562 eum
1161 1505 1290 1581 pingam,
1313 1505 1437 1582 pingere
1460 1521 1492 1563 se
1516 1503 1638 1566 ostendit
1648 1518 1662 1554 v

353 1604 408 1666 sub
430 1603 614 1665 condicionis
637 1607 767 1674 inrerto;
790 1607 842 1683 qui
864 1607 998 1683 pingere,
1021 1603 1097 1664 nilril
1120 1604 1214 1664 adhue
1237 1607 1283 1682 agi
1307 1623 1343 1664 ex
1366 1607 1429 1684 ipsa
1453 1607 1570 1684 pictura
1594 1604 1638 1664 de-

351 1713 505 1766 monstrat.
542 1706 615 1765 illud
637 1724 755 1786 (quoque
777 1705 939 1765 indicativo
961 1705 1067 1766 detulit
1089 1708 1299 1785 principatum,
1323 1707 1401 1786 quod
1417 1725 1453 1766 ex
1476 1707 1533 1766 boc
1553 1706 1639 1766 verba

352 1808 409 1869 alia
438 1809 623 1878 derivantur,
652 1817 686 1868 ut
707 1800 773 1868 ἀπὸ
800 1808 862 1867 τοῦ
892 1806 958 1884 lego
986 1806 1112 1866 lecturio
1139 1807 1216 1867 lecto
1244 1808 1359 1876 lectito,
1389 1801 1455 1868 ἀπὸ
1477 1809 1539 1868 τοῦ
1561 1809 1640 1867 caleo

351 1909 479 1979 calesco,
510 1928 644 1988 quaeque
667 1909 754 1969 liuius
776 1908 855 1968 modi
886 1916 971 1977 sunt;
999 1915 1029 1967 et
1058 1910 1127 1988 quia
1154 1912 1273 1970 nomina
1301 1927 1419 1989 quoque
1443 1909 1585 1984 verbialia
1607 1929 1640 1969 aa

351 2009 406 2070 lroe
421 2011 564 2082 orientur,
588 1994 708 2071 οῑόἷπό
729 2010 790 2071 τοῦ
811 2017 898 2070 canto
921 2017 1033 2078 cantor,
1056 2003 1122 2070 dud
1145 2010 1285 2088 aurilegi
1308 2010 1365 2080 lex,
1388 2003 1538 2072 ἀπὸτοῦ
1561 2015 1664 2090 parsiv

350 2113 540 2191 parsimonia.
630 2169 636 2180 ,

232 2228 334 2283 arnae
437 2213 583 2274 Personas
610 2215 727 2274 easdem
761 2232 834 2294 qum
861 2214 969 2274 Graeci
1004 2213 1186 2294 totidemque
1208 2217 1333 2294 suscipit
1361 2215 1490 2276 naturali
1514 2218 1637 2276 ratione.

350 2317 446 2376 omnis
474 2317 553 2375 enim
584 2334 682 2376 sermo
712 2315 748 2375 ab
777 2315 875 2395 aliquo
899 2315 934 2374 ad
969 2323 1156 2394 praesentem
1179 2315 1224 2375 vel
1256 2317 1293 2376 de
1315 2335 1347 2376 se
1375 2319 1504 2376 invicem
1525 2317 1571 2378 vel
1603 2319 1638 2376 dr

348 2417 443 2478 altero
464 2416 601 2478 habetur.
644 2419 711 2478 ideo
733 2425 831 2478 autem
854 2419 981 2496 primam
1004 2416 1131 2477 dicimus
1153 2435 1228 2496 quae
1245 2416 1385 2497 loquitur,
1408 2421 1557 2498 quoniam,
1582 2423 1637 2479 nisi

348 2521 440 2579 luerit
468 2539 484 2579 a
511 2537 569 2600 quo
598 2539 652 2580 vox
680 2521 904 2598 proficiscatur,
932 2537 991 2578 non
1019 2520 1078 2578 erit
1104 2519 1214 2598 quide
1238 2519 1337 2579 sevel
1366 2519 1402 2580 de
1431 2520 1524 2582 altero
1545 2524 1665 2602 possita

348 2621 461 2682 audire.
507 2621 543 2681 de
571 2623 703 2681 numeris
732 2639 801 2682 vero
824 2620 1006 2700 superlluum
1036 2620 1133 2700 loqui,
1162 2639 1229 2681 cum
1252 2619 1429 2701 plusquam
1452 2625 1633 2684 notissimum

347 2725 386 2783 sit
409 2723 525 2783 dualem
552 2742 588 2784 ex
615 2721 675 2783 illis
703 2742 787 2782 usum
816 2725 967 2803 respuisse
990 2739 1158 2792 romanum,
1193 2741 1248 2782 nee
1270 2725 1391 2784 omnino
1413 2743 1517 2786 rocem
1547 2725 1631 2786 ullam

347 2826 424 2905 aprud
448 2826 514 2885 illos
536 2845 622 2904 posse
646 2828 782 2904 reperiri,
806 2844 881 2905 quae
905 2826 1074 2887 dualitatem
1096 2827 1245 2886 contineat
1267 2835 1387 2905 praeter
1410 2826 1468 2887 duo
1490 2836 1521 2888 et
1540 2827 1631 2887 ambo.

348 2931 479 3008 itemque
503 2930 611 2987 merito
632 2926 794 3007 utrubique
817 2947 833 2987 a
857 2927 1063 3005 singularitate
1086 2929 1255 3007 incipimus.
1292 2930 1318 2989 si
1340 2930 1420 2988 enim
1444 2932 1540 2989 omnis
1561 2930 1631 2989 mul-

347 3030 442 3090 titudo
465 3048 501 3087 ex
525 3030 650 3105 singulis
672 3037 795 3099 constat,
820 3038 901 3089 recte
919 3032 1017 3089 vinitas
1033 3030 1194 3108 praecedit,
1219 3032 1354 3109 sequitur
1375 3030 1567 3109 populositas.
1642 3044 1662 3081 a

229 3148 330 3205 baama
431 3131 577 3210 Superest
603 3140 635 3191 ut
663 3132 699 3191 dc
728 3134 832 3208 liguris
858 3130 969 3213 aliquid
997 3131 1191 3199 disseramus,
1222 3150 1297 3210 quae
1325 3149 1393 3191 cum
1415 3132 1536 3193 eaedem
1557 3134 1628 3213 apud

345 3241 486 3313 utrosque
514 3234 716 3311 reperiantur,
745 3252 803 3293 non
833 3233 907 3293 nilrll
936 3240 1034 3293 tamen
1063 3233 1245 3312 peculiarius
1271 3230 1382 3293 babere
1411 3242 1572 3295 noscuntur
1602 3238 1628 3294 in

345 3334 609 3414 conpositionibus.
655 3334 784 3414 (leuique
817 3344 886 3395 sunt
913 3335 1056 3414 quaedam
1084 3353 1160 3414 quae
1188 3343 1311 3413 possunt
1346 3335 1381 3395 ad
1415 3334 1627 3415 simplieitatem

345 3440 468 3505 reverti,
497 3444 531 3496 ut
559 3436 691 3496 distraho
719 3446 837 3517 repeto;
867 3448 938 3497 sunt
958 3430 1040 3517 quae*
1055 3438 1175 3497 minime
1199 3446 1329 3515 possunt,
1359 3444 1391 3496 ut
1413 3441 1543 3517 suspicio
1564 3456 1627 3498 ron·

345 3538 456 3617 plector
477 3538 649 3617 amplector.
693 3538 783 3599 nrulta
811 3546 876 3617 post
898 3540 1130 3618 conpositionem
1147 3538 1273 3597 admissa
1295 3546 1374 3606 sunt,
1397 3556 1466 3599 cum
1488 3540 1626 3619 simplicia
1637 3557 1658 3589 :v

344 3658 401 3699 non
424 3647 525 3699 essent
546 3648 675 3719 recepta,
699 3648 731 3700 ut
753 3642 847 3700 lacior
868 3658 936 3700 cnm
959 3643 1081 3701 minime
1104 3640 1220 3701 dicatur
1249 3639 1297 3717 (ab
1325 3660 1361 3700 co
1382 3642 1464 3701 enim
1489 3642 1564 3721 quod
1587 3651 1626 3701 est

343 3742 419 3800 lario
441 3745 591 3820 passivum
607 3761 666 3803 non
688 3744 782 3802 lacior
803 3745 894 3811 venit,
919 3742 969 3803 sed
994 3744 1031 3804 llo
1047 3743 1080 3801 irs
1096 3742 1148 3821 ln),
1172 3750 1269 3802 tarum
1292 3742 1414 3803 adlicior
1429 3744 1547 3803 reficior
1561 3762 1624 3803 con·

342 3844 426 3902 lacior
452 3846 564 3922 optime
594 3845 718 3913 dicitur,
747 3852 778 3904 et
805 3862 871 3904 cum
899 3862 991 3922 grego
1020 3844 1142 3904 latinum
1174 3845 1307 3929 nonsit,
1337 3862 1464 3921 segrego
1487 3852 1648 3932 congrego·

341 3945 469 4022 adgrega
500 3947 672 4006 suavissime
695 3946 813 4005 dicitur.
859 3946 937 4025 apud
961 3946 1090 4005 Graecos
1114 3962 1316 4025 quaecumque
1339 3964 1407 4006 curn
1438 3948 1621 4027 praepositio·

341 4046 429 4105 nibus
455 4056 663 4126 conponuntur
685 4066 844 4127 numquam
873 4054 1119 4127 corrumpuntur,
1149 4053 1182 4106 ut
1209 4054 1254 4107 est
1280 4043 1402 4127 γράφω
1433 4044 1650 4129 naperpapot-2

341 4144 557 4228 καταγράφω,
589 4145 702 4229 βάλλω
724 4146 915 4229 περιβάλλω
938 4145 1135 4227 καταβάλλω
1158 4140 1375 4228 appreciata,
1402 4144 1619 4229 ἄγωσονεὶγω

339 4243 457 4327 ἀπάγω
480 4250 485 4330 l
502 4246 607 4329 διάγω
622 4247 773 4331 repedem,
795 4247 890 4330 φέρω
905 4246 1066 4331 προφέρω
1089 4244 1240 4329 διαφέρω
1261 4242 1433 4331 ἀναφέρω,
1461 4252 1547 4331 φιλῶ
1565 4272 1618 4312 aro-

339 4352 487 4431 ταφιλώ;
515 4354 586 4432 quin
615 4356 705 4413 immo
731 4354 1002 4432 praepositionibus
1030 4370 1117 4431 saepe
1138 4354 1292 4427 corruptis
1313 4353 1406 4413 nibilo
1436 4357 1531 4415 minus
1550 4356 1641 4413 iota-¹

340 4456 448 4513 minata
472 4454 643 4531 perdurant,
667 4449 754 4533 λέγω
770 4450 935 4534 cotteym,
959 4450 1052 4536 φέρω
1069 4449 1243 4534 συμφέρω,
1267 4448 1356 4533 δέρω
1375 4450 1512 4537 ἕκδέρω,
1533 4451 1613 4535 φέρω

405 4742 636 4808 21οιιῐη]οιιηι13
705 4745 738 4794 23
756 4744 904 4794 continual?
972 4743 1316 4809 talitrmqurletquodeli
1385 4748 1418 4795 26
1435 4746 1532 4796 raedam
1545 4745 1609 4793 Iam

338 4812 428 4860 eadem
447 4811 472 4861 B
540 4814 573 4861 29
590 4814 704 4877 suspicio
721 4828 779 4862 carr.
797 4814 860 4863 Par.
878 4814 991 4878 suscipio
1010 4814 1034 4862 B
1102 4818 1135 4863 33
1156 4812 1246 4878 grego]
1266 4828 1341 4875 greco
1359 4812 1384 4862 B
1452 4818 1484 4866 38
1502 4812 1608 4877 corruptis

338 4894 384 4931 om.
399 4880 437 4929 B:
450 4881 577 4947 corruptis
589 4881 754 4929 nibilominus
767 4882 917 4931 intaminata
931 4882 1008 4931 verba
1021 4882 1158 4952 perdurant
1170 4884 1275 4933 coniecit
1293 4884 1379 4934 editor
1395 4885 1421 4935 V
1420 4884 1581 4935 iadoboaevr'av'r

1121 5014 1135 5064 Ι
