3525 5600
338 378 400 442 562
856 379 997 440 sulcu.
1020 379 1105 440 BOB.

365 503 385 542 p.
400 489 487 530 135-37
502 488 527 528 V.

340 589 409 630 casu
431 569 575 646 singulari
598 587 613 628 e
636 570 777 629 lanientur
800 575 830 628 et
858 587 893 628 ea
915 570 945 627 in
968 569 978 627 i
1001 585 1142 627 conversa
1164 575 1196 626 et
1216 566 1315 626 addita
1337 584 1388 626 uni
1410 565 1516 624 facient
1535 569 1603 641 geni-

340 674 431 732 tivum
459 670 618 752 pluralem,
650 679 681 731 ut
709 689 792 731 mens
820 677 918 730 mente
946 671 1105 738 mentium,
1139 669 1213 728 dens
1241 668 1329 728 dente
1357 667 1503 735 dentium,
1535 686 1604 727 mons

316 781 439 854 ¹larome
467 775 624 842 montium,
654 775 719 834 lutis
748 774 829 833 lente
856 773 999 841 lentium,
1028 773 1111 831 ironis
1132 772 1230 831 ironte
1253 771 1410 837 frontium,
1441 787 1513 847 pom
1532 779 1603 847 pente

339 879 483 956 pontium.
509 870 512 954 ι
537 877 562 934 si
584 877 680 935 omnis
702 876 821 953 generis
845 876 970 945 luerint,
994 873 1121 934 ablativo
1141 872 1285 949 singulari
1308 879 1339 930 et
1359 889 1376 930 e
1398 879 1429 930 ct
1451 873 1461 930 i
1483 873 1603 931 termina-

339 978 502 1038 bucinum
525 985 575 1036 aut
597 997 613 1036 e
637 980 667 1038 in
690 979 700 1037 i
723 995 862 1038 conversa
886 984 937 1037 aut
958 979 968 1036 i
992 982 1129 1036 manente
1146 982 1176 1034 et
1190 974 1288 1036 addila
1311 992 1361 1033 uui
1383 972 1493 1052 syllaba
1514 974 1623 1034 iaciente

339 1082 501 1158 genitivum
524 1079 669 1158 pluralem
686 1080 798 1159 duplici
814 1079 916 1148 modo,
940 1086 974 1138 ut
995 1079 1045 1138 bic
1066 1086 1097 1138 et
1118 1079 1191 1137 baec
1213 1083 1244 1136 et
1264 1076 1320 1136 boc
1342 1075 1488 1155 prudens,
1510 1075 1543 1135 ab
1562 1076 1604 1135 boe

340 1190 370 1243 et
392 1181 428 1242 ab
452 1182 506 1241 Ιιιι
528 1181 674 1260 prudente
698 1189 728 1241 et
749 1183 904 1262 prudenti,
934 1181 1040 1240 borum
1062 1187 1092 1239 et
1114 1180 1219 1240 barum
1241 1179 1422 1258 prudentum
1444 1186 1475 1237 et
1495 1178 1604 1256 pmdeu·

341 1286 429 1352 tium;
457 1281 596 1344 similiter
624 1291 654 1344 et
682 1285 849 1363 partieipia.
895 1282 946 1342 ubi
975 1303 995 1362 p
1023 1290 1073 1344 aut
1100 1301 1130 1341 ιιι
1157 1281 1352 1342 antecesserit
1374 1299 1390 1340 s
1410 1280 1605 1346 semivocalem,

341 1387 468 1446 ablativo
491 1385 635 1462 singulari
658 1404 674 1444 e
698 1387 847 1454 flrrientur,
871 1404 966 1466 eaque
988 1387 1020 1444 in
1042 1403 1092 1446 um
1114 1402 1256 1444 conversa
1277 1382 1427 1461 genitivus
1449 1384 1507 1441 erit
1526 1382 1606 1460 plura-

340 1488 391 1558 lis,
421 1497 455 1549 ut
482 1488 555 1550 baec
583 1488 656 1568 daps
685 1486 721 1548 ab
750 1487 804 1548 bac
833 1488 908 1567 dape
937 1487 1041 1548 barum
1069 1487 1194 1566 dapum,
1218 1486 1268 1546 bic
1289 1485 1381 1564 adeps
1401 1483 1439 1545 ab
1462 1484 1516 1544 boc
1536 1483 1634 1561 adipeu

340 1591 446 1653 borum
475 1591 610 1670 adipum,
638 1591 711 1650 baec
739 1609 792 1669 ops
819 1589 856 1650 ab
886 1590 940 1650 bac
967 1607 1023 1669 ope
1050 1589 1156 1650 barum
1183 1607 1287 1667 opum,
1316 1587 1389 1648 baec
1415 1587 1491 1665 stips
1511 1585 1545 1646 ab
1563 1584 1606 1644 ιιι

341 1695 417 1772 stipe
433 1693 538 1754 harum
555 1695 680 1772 stipum,
704 1693 776 1752 baec
792 1694 885 1771 stirps
898 1691 936 1752 ab
958 1691 1014 1752 bac
1036 1693 1130 1771 stirpe
1154 1691 1259 1751 barum
1275 1691 1418 1768 stirpuui,
1441 1688 1515 1748 baec
1530 1687 1608 1746 biens

254 1787 270 1810 ’
340 1795 377 1855 ab
400 1795 455 1855 bac
477 1795 575 1856 bieme
598 1794 702 1855 barum
725 1795 868 1855 hiemum.
913 1797 1096 1874 excipiemus
1123 1811 1158 1854 ea
1184 1811 1260 1872 quae
1287 1799 1357 1852 sunt
1378 1792 1477 1851 omnis
1497 1790 1608 1867 generis,

340 1906 373 1957 ut
395 1897 444 1956 ine
467 1905 497 1956 et
525 1896 597 1958 baec
626 1903 656 1956 et
683 1896 738 1956 lruc
766 1909 909 1976 praeceps
938 1895 1041 1975 biceps
1062 1897 1189 1975 triceps:
1217 1895 1329 1954 facient
1357 1895 1438 1956 euim
1461 1891 1498 1952 ab
1519 1892 1568 1950 boc
1585 1898 1610 1949 et

340 1999 377 2059 ab
400 1999 455 2059 lrac
477 2000 636 2077 praecipiti
666 1997 782 2078 bicipiti
810 2000 950 2078 tricipiti,
979 1999 1085 2059 borum
1106 2006 1138 2058 et
1162 1997 1268 2058 barum
1289 1996 1499 2075 praecipitium
1520 1993 1637 2072 bicipi-u

342 2103 415 2161 tium
439 2102 628 2180 tricipitium,
652 2107 682 2160 et
705 2100 740 2160 ab
763 2101 818 2161 boc
841 2102 1007 2180 praecipite
1029 2100 1152 2178 bicipite
1174 2099 1318 2177 tricipite,
1343 2096 1450 2156 luorum
1472 2102 1502 2154 et
1522 2095 1609 2154 barum

340 2205 536 2282 praecipitum
566 2202 723 2282 bicipitum
752 2205 934 2282 tricipitem
965 2202 1104 2263 similiter
1130 2209 1160 2261 et
1188 2201 1236 2261 bic
1258 2208 1289 2260 et
1310 2199 1384 2259 baec
1406 2207 1438 2258 et
1459 2197 1514 2258 boc
1535 2199 1609 2277 parti·

340 2325 424 2385 ceps,
449 2303 485 2364 ab
508 2304 563 2364 hoc
592 2306 738 2384 participe
761 2314 790 2365 et
813 2305 849 2365 ab
877 2305 933 2364 boc
956 2306 1110 2384 participi,
1141 2303 1247 2364 borum
1269 2310 1299 2362 et
1321 2301 1427 2361 barum
1449 2302 1611 2379 participum

341 2415 370 2467 et
398 2409 598 2486 participium.
646 2406 696 2467 ubi
723 2426 739 2466 r
767 2408 973 2476 antecesserit,
1002 2414 1033 2466 et
1060 2405 1188 2467 ablativo
1215 2425 1231 2464 e
1259 2406 1415 2472 finientur,
1444 2410 1475 2462 et
1501 2421 1533 2462 ea
1559 2402 1611 2460 ini
1707 2424 1709 2439 ι

341 2515 519 2570 commutata
547 2519 577 2569 et
605 2508 704 2570 addita
725 2527 775 2569 um
799 2510 848 2569 siet
877 2511 1026 2586 genitivus
1047 2507 1183 2587 pluraliS,
1207 2517 1241 2568 ut
1262 2507 1336 2567 baec
1358 2524 1407 2566 ars
1428 2504 1466 2565 ab
1488 2505 1540 2564 bac
1559 2511 1638 2563 aneu

341 2612 444 2672 barum
468 2612 592 2680 artium,
616 2630 686 2690 pars
708 2618 791 2690 parte
814 2613 958 2690 partium,
981 2629 1047 2671 sors
1061 2618 1142 2670 sorte
1157 2612 1297 2678 sortium,
1320 2610 1383 2668 fors
1403 2609 1481 2668 iorte
1495 2608 1609 2669 toruum

342 2713 419 2774 Mars
441 2713 532 2772 Marte
556 2713 709 2782 Martium,
732 2716 758 2773 si
781 2716 811 2774 in
832 2713 977 2794 pluralem
992 2690 1148 2774 numerum
1172 2719 1223 2772 aut
1244 2711 1299 2771 hoc
1321 2717 1373 2771 aut
1393 2709 1466 2770 illud
1487 2708 1609 2768 ilectitur.

426 2814 531 2879 Omnia
556 2836 573 2877 ιι
596 2816 695 2878 littera
724 2818 881 2877 terminata
908 2834 1095 2897 quacumque
1117 2814 1310 2876 antecedente
1333 2813 1427 2873 vocali
1450 2832 1503 2873 seu
1522 2828 1610 2871 conm-

343 2927 446 2988 naute,
471 2920 529 2979 nisi
552 2920 642 2979 trium
665 2938 809 2997 generum
831 2920 959 2988 luerint,
982 2918 1011 2978 id
1035 2925 1081 2978 est
1103 2920 1168 2977 eius
1190 2916 1268 2995 ‹prrod
1290 2934 1377 2975 ourue
1401 2916 1524 2982 dicitur,
1545 2911 1610 2971 abla-

342 3022 433 3081 tivum
455 3021 635 3098 singularem
652 3040 668 3081 e
684 3021 787 3081 lanient
802 3040 894 3101 eaque
912 3021 998 3081 morlo
1018 3024 1049 3081 iu
1069 3020 1079 3079 i
1099 3025 1282 3080 commutata
1296 3027 1326 3078 et
1341 3017 1442 3078 addita
1456 3032 1505 3075 uua
1519 3016 1638 3075 iaciente

341 3124 503 3199 genitivum
526 3122 687 3201 pluralem,
710 3132 743 3183 ut
765 3125 812 3183 ιιι
835 3124 893 3183 salx
918 3116 970 3203 [cd
1000 3117 1186 3201 δρέπανον]
1210 3121 1292 3189 lanx,
1322 3122 1385 3180 lace
1409 3120 1530 3186 larium,
1550 3115 1610 3176 falce

342 3226 476 3295 ιιιιιιιιιι,
507 3226 589 3286 lance
617 3224 759 3293 lancium,
790 3228 839 3286 uix
864 3226 1082 3294 perenuium
1111 3224 1198 3285 medo
1226 3225 1257 3283 in
1280 3242 1329 3282 mu
1352 3228 1467 3283 tautum
1488 3235 1610 3278 conversa

343 3328 470 3388 eirrrdem
492 3346 592 3387 casum
615 3327 773 3398 crealumt,
797 3334 830 3387 ut
853 3347 905 3387 rex
922 3345 992 3404 rege
1008 3344 1126 3403 regum,
1149 3325 1197 3385 lex
1220 3325 1285 3401 lege
1308 3324 1421 3401 legum,
1445 3340 1516 3399 grex
1536 3336 1609 3397 grege

342 3448 481 3507 gregum,
510 3430 583 3490 salix
613 3430 702 3491 salice
731 3430 867 3498 salicum,
898 3431 1023 3489 cicatrix
1051 3430 1190 3489 cicatrice
1221 3428 1409 3494 cicatricum,
1441 3423 1515 3484 calix
1535 3422 1609 3481 calice

343 3531 479 3591 calicum.
524 3533 549 3591 si
573 3550 643 3591 vero
665 3533 756 3591 trium
779 3550 923 3607 generum
945 3532 1057 3591 luerint
1079 3532 1159 3590 omni
1183 3528 1270 3589 modo
1291 3537 1322 3588 et
1343 3525 1472 3587 ablativo
1494 3528 1504 3585 i
1524 3524 1638 3584 bulen-u
1707 3603 1708 3608 η

344 3640 392 3693 tur
422 3640 451 3693 et
474 3632 571 3693 addita
606 3652 654 3693 um
684 3632 793 3711 syllaba
822 3635 932 3693 iacient
959 3635 1123 3710 genitivum
1146 3630 1306 3711 pluralem,
1329 3637 1362 3689 ut
1383 3629 1433 3689 bic
1455 3637 1485 3688 et
1506 3628 1610 3687 haeret

343 3735 398 3794 boc
421 3734 523 3805 fallax,
553 3734 590 3795 ab
612 3735 667 3794 boe
691 3743 720 3794 et
743 3734 779 3795 ab
802 3735 857 3795 bac
886 3735 996 3804 laliaci,
1028 3736 1133 3795 borum
1157 3742 1187 3794 et
1208 3733 1313 3793 barum
1336 3728 1500 3798 fallacium,
1528 3728 1572 3787 bic
1589 3734 1609 3783 ιι

342 3837 415 3897 baec
444 3844 474 3895 et
502 3836 557 3895 hoc
586 3835 672 3905 l'clix,
702 3836 738 3896 ab
768 3837 823 3896 boc
852 3844 882 3897 et
909 3835 946 3896 ab
974 3837 1029 3897 hac
1057 3836 1152 3905 felici,
1180 3834 1287 3895 borum
1309 3842 1339 3894 et
1360 3832 1468 3892 harum
1489 3831 1609 3893 felicium,

343 3939 425 3997 velox
456 3938 548 3997 veloci
577 3937 735 4007 velocium,
765 3946 847 3999 atrox
871 3941 963 3999 atroci
986 3940 1146 4007 atrocium,
1176 3945 1243 3997 trux
1266 3938 1343 3997 truci
1366 3934 1505 3994 trucium.
1544 3930 1609 3995 teir,

343 4039 460 4120 quando
484 4040 636 4118 proprium
661 4043 732 4108 erit,
756 4040 792 4101 ab
815 4041 871 4101 ιιιιι
889 4040 1002 4109 Felice,
1027 4058 1082 4119 per
1103 4060 1134 4109 e,
1159 4058 1218 4099 nou
1241 4058 1294 4117 per
1316 4040 1326 4097 i
1348 4038 1442 4096 laciet
1462 4036 1636 4096 abluimus
1707 4055 1708 4078 2

344 4144 421 4202 sicut
443 4150 472 4201 et
495 4141 641 4203 luvenalis
664 4139 816 4221 Maritialis
838 4142 957 4211 Vitalis,
987 4141 1024 4201 ab
1052 4142 1107 4201 linc
1134 4140 1271 4201 iuvenale
1300 4138 1434 4199 Martiale
1462 4136 1564 4203 Vitale,
1588 4140 1609 4191 et

344 4246 429 4323 siqua
452 4243 570 4303 similia.

429 4344 507 4405 Haec
530 4346 593 4405 iere
617 4353 685 4405 suut
707 4348 737 4405 in
761 4346 890 4406 ablatiru
913 4346 1019 4406 tertiae
1042 4344 1251 4405 declinationis
1265 4362 1340 4424 «puae
1362 4344 1399 4403 ad
1421 4344 1492 4403 lixas
1512 4346 1541 4399 et
1558 4354 1610 4397 ecr-
1707 4369 1708 4398 ;

344 4457 388 4508 tas
410 4446 527 4524 regulas
549 4448 645 4525 redigi
669 4455 809 4526 possunt;
833 4447 930 4526 sirprid
946 4464 1033 4507 secus
1046 4454 1198 4524 repertum
1214 4447 1319 4515 luerit,
1343 4444 1508 4505 auctoritati
1529 4441 1611 4519 petitu¹
1707 4421 1709 4536 ἰ

343 4556 373 4609 et
395 4549 602 4610 consuetudini
627 4550 672 4610 rel
695 4551 861 4629 euphoniae
884 4567 973 4627 uriam
996 4550 1120 4617 rationi,
1143 4567 1219 4627 quae
1242 4546 1279 4606 ab
1302 4546 1361 4607 illis
1382 4552 1547 4624 superatur,
1568 4538 1636 4597 adu

343 4650 469 4712 tribues.

430 4764 626 4854 esimtluerm
644 4804 818 4870 participiali
870 4802 980 4855 uastat.
1000 4801 1338 4868 singularemeleniturB
1392 4802 1424 4851 ιθ
1440 4799 1527 4847 abhoc
1542 4796 1607 4858 ιιιιρο
1707 4808 1709 4869 p

347 4873 436 4923 binum
456 4874 564 4939 udepum
585 4873 609 4922 B
680 4875 901 4937 'tflqrraecmuque
917 4874 1074 4924 antecedenti
1093 4873 1118 4923 B
1188 4872 1221 4921 25
1238 4878 1451 4921 commutatatum.
1470 4868 1494 4917 Β
