<?xml version="1.0" encoding="UTF-8"?>
<!DOCTYPE html PUBLIC "-//W3C//DTD XHTML 1.0 Transitional//EN"
    "http://www.w3.org/TR/xhtml1/DTD/xhtml1-transitional.dtd">
<html xmlns="http://www.w3.org/1999/xhtml" xml:lang="en" lang="en">
 <head>
  <title>
</title>
<meta http-equiv="Content-Type" content="text/html;charset=utf-8" />
  <meta name='ocr-system' content='tesseract 3.04.00' />
  <meta name='ocr-capabilities' content='ocr_page ocr_carea ocr_par ocr_line ocrx_word'/>
</head>
<body>
  <div class='ocr_page' id='page_1' title='image "./grammaticilatin03hagagoog_0628.png"; bbox 0 0 3525 5600; ppageno 0'>
   <div class='ocr_carea' id='block_1_1' title="bbox 362 442 1101 604">
    <p class='ocr_par' dir='ltr' id='par_1_1' title="bbox 362 442 1101 604">
     <span class='ocr_line' id='line_1_1' title="bbox 362 442 1101 506; baseline 0.001 -1"><span class='ocrx_word' id='word_1_1' title='bbox 362 442 424 505; x_wconf 83' lang='lat'><strong>618</strong></span> <span class='ocrx_word' id='word_1_2' title='bbox 920 444 1101 506; x_wconf 71' lang='lat' dir='ltr'><strong>Macrobii</strong></span> 
     </span>
     <span class='ocr_line' id='line_1_2' title="bbox 387 549 560 604; baseline -0.006 -11"><span class='ocrx_word' id='word_1_3' title='bbox 387 565 409 604; x_wconf 82' lang='lat' dir='ltr'><strong>p.</strong></span> <span class='ocrx_word' id='word_1_4' title='bbox 422 549 524 592; x_wconf 72' lang='grc' dir='ltr'><em>ουτ-ιι</em></span> <span class='ocrx_word' id='word_1_5' title='bbox 537 550 560 592; x_wconf 78' lang='lat'><strong>1³.</strong></span> 
     </span>
    </p>
   </div>
   <div class='ocr_carea' id='block_1_2' title="bbox 248 631 1720 4680">
    <p class='ocr_par' dir='ltr' id='par_1_2' title="bbox 248 631 1720 4680">
     <span class='ocr_line' id='line_1_3' title="bbox 361 631 1630 711; baseline -0.002 -19"><span class='ocrx_word' id='word_1_6' title='bbox 361 651 418 692; x_wconf 90' lang='lat' dir='ltr'><strong>non</strong></span> <span class='ocrx_word' id='word_1_7' title='bbox 442 633 477 692; x_wconf 90' lang='lat' dir='ltr'><strong>ad</strong></span> <span class='ocrx_word' id='word_1_8' title='bbox 500 632 707 711; x_wconf 89' lang='lat' dir='ltr'><strong>imperativum</strong></span> <span class='ocrx_word' id='word_1_9' title='bbox 729 631 848 692; x_wconf 89' lang='lat' dir='ltr'><strong>modum</strong></span> <span class='ocrx_word' id='word_1_10' title='bbox 871 634 1024 710; x_wconf 88' lang='lat' dir='ltr'><strong>pertinere</strong></span> <span class='ocrx_word' id='word_1_11' title='bbox 1047 632 1171 692; x_wconf 90' lang='lat' dir='ltr'><strong>dicenda</strong></span> <span class='ocrx_word' id='word_1_12' title='bbox 1194 638 1272 692; x_wconf 89' lang='lat' dir='ltr'><strong>sunt.</strong></span> <span class='ocrx_word' id='word_1_13' title='bbox 1303 631 1381 710; x_wconf 87' lang='lat' dir='ltr'><strong>apud</strong></span> <span class='ocrx_word' id='word_1_14' title='bbox 1404 631 1532 691; x_wconf 88' lang='lat' dir='ltr'><strong>Graecos</strong></span> <span class='ocrx_word' id='word_1_15' title='bbox 1554 632 1630 710; x_wconf 86' lang='lat' dir='ltr'><strong>impc-</strong></span> 
     </span>
     <span class='ocr_line' id='line_1_4' title="bbox 361 733 1631 813; baseline 0 -21"><span class='ocrx_word' id='word_1_16' title='bbox 361 737 473 794; x_wconf 90' lang='lat' dir='ltr'><strong>rativns</strong></span> <span class='ocrx_word' id='word_1_17' title='bbox 494 733 653 810; x_wconf 84' lang='lat' dir='ltr'><strong>singularis</strong></span> <span class='ocrx_word' id='word_1_18' title='bbox 676 736 789 794; x_wconf 87' lang='lat' dir='ltr'><strong>activus</strong></span> <span class='ocrx_word' id='word_1_19' title='bbox 809 735 954 813; x_wconf 91' lang='lat' dir='ltr'><strong>temporis</strong></span> <span class='ocrx_word' id='word_1_20' title='bbox 977 735 1143 813; x_wconf 89' lang='lat' dir='ltr'><strong>praesentis</strong></span> <span class='ocrx_word' id='word_1_21' title='bbox 1166 742 1195 793; x_wconf 89' lang='lat' dir='ltr'><strong>et</strong></span> <span class='ocrx_word' id='word_1_22' title='bbox 1225 735 1381 812; x_wconf 87' lang='lat' dir='ltr'><strong>praeteriti</strong></span> <span class='ocrx_word' id='word_1_23' title='bbox 1410 733 1580 811; x_wconf 79' lang='lat' dir='ltr'><strong>inperfecti,</strong></span> <span class='ocrx_word' id='word_1_24' title='bbox 1608 736 1631 793; x_wconf 89' lang='lat' dir='ltr'><strong>in</strong></span> 
     </span>
     <span class='ocr_line' id='line_1_5' title="bbox 360 835 1631 915; baseline -0.001 -21"><span class='ocrx_word' id='word_1_25' title='bbox 360 836 489 896; x_wconf 89' lang='lat' dir='ltr'><strong>secunda</strong></span> <span class='ocrx_word' id='word_1_26' title='bbox 512 835 627 896; x_wconf 90' lang='lat' dir='ltr'><strong>scilicet</strong></span> <span class='ocrx_word' id='word_1_27' title='bbox 648 854 790 915; x_wconf 89' lang='lat' dir='ltr'><strong>persona,</strong></span> <span class='ocrx_word' id='word_1_28' title='bbox 821 844 872 896; x_wconf 90' lang='lat' dir='ltr'><strong>aut</strong></span> <span class='ocrx_word' id='word_1_29' title='bbox 899 839 930 896; x_wconf 92' lang='lat' dir='ltr'><strong>in</strong></span> <span class='ocrx_word' id='word_1_30' title='bbox 959 853 989 896; x_wconf 89' lang='grc' dir='ltr'><strong>ει</strong></span> <span class='ocrx_word' id='word_1_31' title='bbox 1016 838 1119 896; x_wconf 82' lang='lat' dir='ltr'><strong>autin</strong></span> <span class='ocrx_word' id='word_1_32' title='bbox 1142 853 1162 893; x_wconf 94' lang='grc' dir='ltr'><em>α</em></span> <span class='ocrx_word' id='word_1_33' title='bbox 1185 841 1236 896; x_wconf 87' lang='lat' dir='ltr'><strong>aut</strong></span> <span class='ocrx_word' id='word_1_34' title='bbox 1265 838 1295 895; x_wconf 93' lang='lat' dir='ltr'><strong>in</strong></span> <span class='ocrx_word' id='word_1_35' title='bbox 1319 853 1360 894; x_wconf 91' lang='grc' dir='ltr'><strong>ου</strong></span> <span class='ocrx_word' id='word_1_36' title='bbox 1383 837 1485 895; x_wconf 90' lang='lat' dir='ltr'><strong>autin</strong></span> <span class='ocrx_word' id='word_1_37' title='bbox 1508 853 1523 892; x_wconf 90' lang='grc' dir='ltr'><em>ε</em></span> <span class='ocrx_word' id='word_1_38' title='bbox 1546 843 1589 894; x_wconf 87' lang='lat' dir='ltr'><strong>aut</strong></span> <span class='ocrx_word' id='word_1_39' title='bbox 1608 836 1631 893; x_wconf 95' lang='lat' dir='ltr'><strong>in</strong></span> 
     </span>
     <span class='ocr_line' id='line_1_6' title="bbox 357 929 1632 1017; baseline -0.002 -21"><span class='ocrx_word' id='word_1_40' title='bbox 357 939 396 996; x_wconf 94' lang='grc' dir='ltr'><em>θι</em></span> <span class='ocrx_word' id='word_1_41' title='bbox 424 940 611 998; x_wconf 89' lang='lat' dir='ltr'><strong>terminatur.</strong></span> <span class='ocrx_word' id='word_1_42' title='bbox 656 939 752 1017; x_wconf 90' lang='lat' dir='ltr'><strong>prima</strong></span> <span class='ocrx_word' id='word_1_43' title='bbox 775 940 832 998; x_wconf 89' lang='lat' dir='ltr'><strong>tria</strong></span> <span class='ocrx_word' id='word_1_44' title='bbox 862 937 897 998; x_wconf 90' lang='lat' dir='ltr'><strong>ad</strong></span> <span class='ocrx_word' id='word_1_45' title='bbox 921 939 1127 1016; x_wconf 90' lang='lat' dir='ltr'><strong>perispomena</strong></span> <span class='ocrx_word' id='word_1_46' title='bbox 1151 939 1310 1016; x_wconf 86' lang='lat' dir='ltr'><strong>pertinent,</strong></span> <span class='ocrx_word' id='word_1_47' title='bbox 1334 929 1404 996; x_wconf 89' lang='grc' dir='ltr'><em>νόει</em></span> <span class='ocrx_word' id='word_1_48' title='bbox 1431 935 1508 1015; x_wconf 84' lang='grc' dir='ltr'><em>τίμα</em></span> <span class='ocrx_word' id='word_1_49' title='bbox 1530 930 1632 1014; x_wconf 79' lang='grc' dir='ltr'><em>δήλου,</em></span> 
     </span>
     <span class='ocr_line' id='line_1_7' title="bbox 358 1031 1651 1119; baseline -0.002 -21"><span class='ocrx_word' id='word_1_50' title='bbox 358 1048 495 1117; x_wconf 90' lang='lat' dir='ltr'><strong>quartum</strong></span> <span class='ocrx_word' id='word_1_51' title='bbox 517 1039 553 1100; x_wconf 88' lang='lat' dir='ltr'><strong>ad</strong></span> <span class='ocrx_word' id='word_1_52' title='bbox 574 1039 726 1118; x_wconf 77' lang='lat' dir='ltr'><strong>berytona,</strong></span> <span class='ocrx_word' id='word_1_53' title='bbox 750 1034 825 1116; x_wconf 77' lang='grc' dir='ltr'><em>λέγε</em></span> <span class='ocrx_word' id='word_1_54' title='bbox 845 1035 968 1119; x_wconf 76' lang='grc' dir='ltr'><em>γράφε,</em></span> <span class='ocrx_word' id='word_1_55' title='bbox 992 1041 1127 1118; x_wconf 86' lang='lat' dir='ltr'><strong>quintum</strong></span> <span class='ocrx_word' id='word_1_56' title='bbox 1143 1039 1180 1098; x_wconf 87' lang='lat' dir='ltr'><strong>ad</strong></span> <span class='ocrx_word' id='word_1_57' title='bbox 1196 1037 1285 1098; x_wconf 89' lang='lat' dir='ltr'><strong>verba</strong></span> <span class='ocrx_word' id='word_1_58' title='bbox 1300 1031 1341 1099; x_wconf 86' lang='grc' dir='ltr'><em>τά</em></span> <span class='ocrx_word' id='word_1_59' title='bbox 1356 1035 1403 1110; x_wconf 83' lang='grc' dir='ltr'><em>εἰς</em></span> <span class='ocrx_word' id='word_1_60' title='bbox 1417 1058 1465 1118; x_wconf 79' lang='lat' dir='ltr'><strong>pr,</strong></span> <span class='ocrx_word' id='word_1_61' title='bbox 1487 1045 1520 1097; x_wconf 86' lang='lat' dir='ltr'><strong>ui</strong></span> <span class='ocrx_word' id='word_1_62' title='bbox 1533 1031 1651 1096; x_wconf 80' lang='grc' dir='ltr'><em>ἰ’σταθιι</em></span> 
     </span>
     <span class='ocr_line' id='line_1_8' title="bbox 357 1133 1633 1219; baseline -0.002 -20"><span class='ocrx_word' id='word_1_63' title='bbox 357 1133 486 1219; x_wconf 78' lang='grc' dir='ltr'><strong><em>ὄμνυθι</em></strong></span> <span class='ocrx_word' id='word_1_64' title='bbox 513 1136 611 1218; x_wconf 82' lang='grc' dir='ltr'><em>φάθι.</em></span> <span class='ocrx_word' id='word_1_65' title='bbox 657 1140 707 1200; x_wconf 87' lang='lat' dir='ltr'><strong>sed</strong></span> <span class='ocrx_word' id='word_1_66' title='bbox 731 1149 762 1201; x_wconf 90' lang='lat' dir='ltr'><strong>et</strong></span> <span class='ocrx_word' id='word_1_67' title='bbox 783 1141 833 1202; x_wconf 91' lang='lat' dir='ltr'><strong>illa</strong></span> <span class='ocrx_word' id='word_1_68' title='bbox 856 1141 984 1202; x_wconf 82' lang='lat' dir='ltr'><strong>similem</strong></span> <span class='ocrx_word' id='word_1_69' title='bbox 1007 1141 1117 1202; x_wconf 91' lang='lat' dir='ltr'><strong>babent</strong></span> <span class='ocrx_word' id='word_1_70' title='bbox 1140 1143 1309 1210; x_wconf 84' lang='lat' dir='ltr'><strong>terminum,</strong></span> <span class='ocrx_word' id='word_1_71' title='bbox 1339 1159 1464 1219; x_wconf 88' lang='lat' dir='ltr'><strong>quorum</strong></span> <span class='ocrx_word' id='word_1_72' title='bbox 1487 1139 1633 1199; x_wconf 80' lang='lat' dir='ltr'><strong>infinitivus</strong></span> 
     </span>
     <span class='ocr_line' id='line_1_9' title="bbox 356 1235 1632 1322; baseline 0.002 -22"><span class='ocrx_word' id='word_1_73' title='bbox 356 1243 387 1300; x_wconf 93' lang='lat' dir='ltr'><strong>in</strong></span> <span class='ocrx_word' id='word_1_74' title='bbox 410 1261 466 1301; x_wconf 91' lang='grc' dir='ltr'><em>ναι</em></span> <span class='ocrx_word' id='word_1_75' title='bbox 489 1244 564 1312; x_wconf 82' lang='lat' dir='ltr'><strong>exit,</strong></span> <span class='ocrx_word' id='word_1_76' title='bbox 592 1243 648 1301; x_wconf 87' lang='lat' dir='ltr'><strong>etsi</strong></span> <span class='ocrx_word' id='word_1_77' title='bbox 676 1260 736 1302; x_wconf 89' lang='lat' dir='ltr'><strong>nou</strong></span> <span class='ocrx_word' id='word_1_78' title='bbox 765 1245 825 1303; x_wconf 91' lang='lat' dir='ltr'><strong>siut</strong></span> <span class='ocrx_word' id='word_1_79' title='bbox 851 1237 920 1302; x_wconf 72' lang='grc' dir='ltr'><em>τῶν</em></span> <span class='ocrx_word' id='word_1_80' title='bbox 948 1237 994 1314; x_wconf 87' lang='grc' dir='ltr'><em>εἰς</em></span> <span class='ocrx_word' id='word_1_81' title='bbox 1015 1262 1068 1322; x_wconf 90' lang='grc' dir='ltr'><strong>μι,</strong></span> <span class='ocrx_word' id='word_1_82' title='bbox 1096 1240 1197 1321; x_wconf 80' lang='grc' dir='ltr'><em>βῆναι</em></span> <span class='ocrx_word' id='word_1_83' title='bbox 1219 1241 1310 1322; x_wconf 80' lang='grc' dir='ltr'><em>βῆθι,</em></span> <span class='ocrx_word' id='word_1_84' title='bbox 1343 1240 1488 1322; x_wconf 79' lang='grc' dir='ltr'><em>νυγῆναι</em></span> <span class='ocrx_word' id='word_1_85' title='bbox 1509 1235 1632 1318; x_wconf 76' lang='grc' dir='ltr'><em>νύγηθι,</em></span> 
     </span>
     <span class='ocr_line' id='line_1_10' title="bbox 356 1331 1632 1424; baseline 0 -23"><span class='ocrx_word' id='word_1_86' title='bbox 356 1340 501 1422; x_wconf 80' lang='grc' dir='ltr'><em>δαμῆναι</em></span> <span class='ocrx_word' id='word_1_87' title='bbox 528 1341 669 1424; x_wconf 82' lang='grc' dir='ltr'><em>δάμηθι;</em></span> <span class='ocrx_word' id='word_1_88' title='bbox 699 1351 821 1422; x_wconf 84' lang='lat' dir='ltr'><strong>excepta</strong></span> <span class='ocrx_word' id='word_1_89' title='bbox 849 1351 920 1404; x_wconf 88' lang='lat' dir='ltr'><strong>sunt</strong></span> <span class='ocrx_word' id='word_1_90' title='bbox 942 1331 1029 1404; x_wconf 81' lang='grc' dir='ltr'><em>εἶναι</em></span> <span class='ocrx_word' id='word_1_91' title='bbox 1051 1341 1170 1405; x_wconf 85' lang='grc' dir='ltr'><em>δύύναι</em></span> <span class='ocrx_word' id='word_1_92' title='bbox 1197 1345 1322 1404; x_wconf 76' lang='grc' dir='ltr'><em>θεῖναι.</em></span> <span class='ocrx_word' id='word_1_93' title='bbox 1367 1351 1501 1405; x_wconf 89' lang='lat' dir='ltr'><strong>ceterum</strong></span> <span class='ocrx_word' id='word_1_94' title='bbox 1528 1359 1632 1418; x_wconf 85' lang='grc' dir='ltr'><em>νενοη-</em></span> 
     </span>
     <span class='ocr_line' id='line_1_11' title="bbox 355 1439 1632 1525; baseline -0.002 -21"><span class='ocrx_word' id='word_1_95' title='bbox 355 1440 450 1505; x_wconf 82' lang='grc' dir='ltr'><strong><em>κέναι</em></strong></span> <span class='ocrx_word' id='word_1_96' title='bbox 473 1445 518 1506; x_wconf 87' lang='lat' dir='ltr'><strong>vel</strong></span> <span class='ocrx_word' id='word_1_97' title='bbox 539 1445 611 1506; x_wconf 89' lang='lat' dir='ltr'><strong>buic</strong></span> <span class='ocrx_word' id='word_1_98' title='bbox 627 1446 736 1506; x_wconf 81' lang='lat' dir='ltr'><strong>similia</strong></span> <span class='ocrx_word' id='word_1_99' title='bbox 751 1453 785 1505; x_wconf 93' lang='lat' dir='ltr'><strong>ut</strong></span> <span class='ocrx_word' id='word_1_100' title='bbox 800 1447 895 1523; x_wconf 87' lang='lat' dir='ltr'><strong>magis</strong></span> <span class='ocrx_word' id='word_1_101' title='bbox 910 1439 1051 1525; x_wconf 86' lang='grc' dir='ltr'><em>νενύηκε</em></span> <span class='ocrx_word' id='word_1_102' title='bbox 1065 1442 1251 1525; x_wconf 83' lang='grc' dir='ltr'><em>νενοηκέτω</em></span> <span class='ocrx_word' id='word_1_103' title='bbox 1266 1464 1353 1524; x_wconf 89' lang='lat' dir='ltr'><strong>quam</strong></span> <span class='ocrx_word' id='word_1_104' title='bbox 1369 1439 1511 1522; x_wconf 85' lang='grc' dir='ltr'><em>νενύηθι</em></span> <span class='ocrx_word' id='word_1_105' title='bbox 1525 1444 1632 1509; x_wconf 85' lang='lat' dir='ltr'><strong>iaciant,</strong></span> 
     </span>
     <span class='ocr_line' id='line_1_12' title="bbox 355 1546 1662 1628; baseline -0.004 -23"><span class='ocrx_word' id='word_1_106' title='bbox 355 1547 510 1626; x_wconf 80' lang='lat' dir='ltr'><strong>multiplex</strong></span> <span class='ocrx_word' id='word_1_107' title='bbox 534 1550 609 1609; x_wconf 89' lang='lat' dir='ltr'><strong>ratio</strong></span> <span class='ocrx_word' id='word_1_108' title='bbox 631 1546 635 1627; x_wconf 87' lang='grc' dir='ltr'>Ι</span> <span class='ocrx_word' id='word_1_109' title='bbox 660 1550 754 1625; x_wconf 76' lang='lat' dir='ltr'><strong>cogit,</strong></span> <span class='ocrx_word' id='word_1_110' title='bbox 783 1546 820 1606; x_wconf 91' lang='lat' dir='ltr'><strong>de</strong></span> <span class='ocrx_word' id='word_1_111' title='bbox 852 1564 910 1625; x_wconf 90' lang='lat' dir='ltr'><strong>qua</strong></span> <span class='ocrx_word' id='word_1_112' title='bbox 943 1565 1034 1608; x_wconf 89' lang='lat' dir='ltr'><strong>unum</strong></span> <span class='ocrx_word' id='word_1_113' title='bbox 1068 1567 1122 1628; x_wconf 89' lang='lat' dir='ltr'><strong>pre</strong></span> <span class='ocrx_word' id='word_1_114' title='bbox 1144 1547 1280 1628; x_wconf 81' lang='lat' dir='ltr'><strong>exemplo</strong></span> <span class='ocrx_word' id='word_1_115' title='bbox 1307 1553 1512 1624; x_wconf 83' lang='lat' dir='ltr'><strong>argumentum</strong></span> <span class='ocrx_word' id='word_1_116' title='bbox 1536 1563 1633 1624; x_wconf 89' lang='lat' dir='ltr'><strong>ponere</strong></span> <span class='ocrx_word' id='word_1_117' title='bbox 1644 1566 1662 1600; x_wconf 85' lang='lat' dir='ltr'><strong>n</strong></span> 
     </span>
     <span class='ocr_line' id='line_1_13' title="bbox 355 1647 1633 1728; baseline -0.003 -20"><span class='ocrx_word' id='word_1_118' title='bbox 355 1666 414 1708; x_wconf 92' lang='lat' dir='ltr'><strong>nou</strong></span> <span class='ocrx_word' id='word_1_119' title='bbox 436 1648 561 1728; x_wconf 79' lang='lat' dir='ltr'><strong>pigebit.</strong></span> <span class='ocrx_word' id='word_1_120' title='bbox 606 1667 681 1728; x_wconf 91' lang='lat' dir='ltr'><strong>quae</strong></span> <span class='ocrx_word' id='word_1_121' title='bbox 705 1652 736 1709; x_wconf 94' lang='lat' dir='ltr'><strong>in</strong></span> <span class='ocrx_word' id='word_1_122' title='bbox 757 1652 797 1710; x_wconf 89' lang='grc' dir='ltr'><em>θι</em></span> <span class='ocrx_word' id='word_1_123' title='bbox 819 1658 930 1708; x_wconf 83' lang='lat' dir='ltr'><strong>exeunt</strong></span> <span class='ocrx_word' id='word_1_124' title='bbox 952 1648 989 1708; x_wconf 92' lang='lat' dir='ltr'><strong>ab</strong></span> <span class='ocrx_word' id='word_1_125' title='bbox 1013 1651 1138 1710; x_wconf 83' lang='lat' dir='ltr'><strong>infinitis</strong></span> <span class='ocrx_word' id='word_1_126' title='bbox 1160 1652 1191 1710; x_wconf 94' lang='lat' dir='ltr'><strong>in</strong></span> <span class='ocrx_word' id='word_1_127' title='bbox 1213 1669 1270 1710; x_wconf 87' lang='grc' dir='ltr'><em>ναι</em></span> <span class='ocrx_word' id='word_1_128' title='bbox 1298 1647 1503 1710; x_wconf 82' lang='lat' dir='ltr'><strong>desinentibus</strong></span> <span class='ocrx_word' id='word_1_129' title='bbox 1526 1665 1633 1706; x_wconf 82' lang='lat' dir='ltr'><strong>neeesse</strong></span> 
     </span>
     <span class='ocr_line' id='line_1_14' title="bbox 354 1744 1634 1830; baseline -0.002 -20"><span class='ocrx_word' id='word_1_130' title='bbox 354 1759 401 1810; x_wconf 87' lang='lat' dir='ltr'><strong>est</strong></span> <span class='ocrx_word' id='word_1_131' title='bbox 422 1761 455 1810; x_wconf 93' lang='lat' dir='ltr'><strong>ut</strong></span> <span class='ocrx_word' id='word_1_132' title='bbox 476 1753 537 1811; x_wconf 89' lang='lat' dir='ltr'><strong>sint</strong></span> <span class='ocrx_word' id='word_1_133' title='bbox 560 1751 684 1812; x_wconf 85' lang='lat' dir='ltr'><strong>inbuitis</strong></span> <span class='ocrx_word' id='word_1_134' title='bbox 699 1753 762 1810; x_wconf 88' lang='lat' dir='ltr'><strong>suis</strong></span> <span class='ocrx_word' id='word_1_135' title='bbox 777 1746 998 1829; x_wconf 75' lang='grc' dir='ltr'><em>λσοσύλλαβα,</em></span> <span class='ocrx_word' id='word_1_136' title='bbox 1021 1746 1148 1830; x_wconf 82' lang='grc' dir='ltr'><em>νύγηθι</em></span> <span class='ocrx_word' id='word_1_137' title='bbox 1162 1745 1317 1830; x_wconf 81' lang='grc' dir='ltr'><em>νυγῆναι,</em></span> <span class='ocrx_word' id='word_1_138' title='bbox 1341 1746 1467 1830; x_wconf 82' lang='grc' dir='ltr'><em>δάμηθι</em></span> <span class='ocrx_word' id='word_1_139' title='bbox 1490 1744 1634 1829; x_wconf 70' lang='grc' dir='ltr'><em>δαμῆναι,</em></span> 
     </span>
     <span class='ocr_line' id='line_1_15' title="bbox 353 1848 1634 1933; baseline -0.002 -22"><span class='ocrx_word' id='word_1_140' title='bbox 353 1850 436 1931; x_wconf 83' lang='grc' dir='ltr'><em>βῆθι</em></span> <span class='ocrx_word' id='word_1_141' title='bbox 462 1850 571 1932; x_wconf 75' lang='grc' dir='ltr'><em>βῆναι.</em></span> <span class='ocrx_word' id='word_1_142' title='bbox 604 1851 766 1932; x_wconf 84' lang='grc' dir='ltr'><em>πεποίηθι</em></span> <span class='ocrx_word' id='word_1_143' title='bbox 793 1860 891 1916; x_wconf 89' lang='lat' dir='ltr'><strong>autem</strong></span> <span class='ocrx_word' id='word_1_144' title='bbox 919 1848 1137 1933; x_wconf 77' lang='grc' dir='ltr'><em>πεποιηκέναι</em></span> <span class='ocrx_word' id='word_1_145' title='bbox 1165 1852 1340 1931; x_wconf 73' lang='lat' dir='ltr'><strong>aequalitate</strong></span> <span class='ocrx_word' id='word_1_146' title='bbox 1363 1855 1422 1912; x_wconf 95' lang='lat' dir='ltr'><strong>iam</strong></span> <span class='ocrx_word' id='word_1_147' title='bbox 1444 1851 1553 1912; x_wconf 87' lang='lat' dir='ltr'><strong>caruit:</strong></span> <span class='ocrx_word' id='word_1_148' title='bbox 1576 1849 1634 1910; x_wconf 80' lang='lat' dir='ltr'><strong>inlr</strong></span> 
     </span>
     <span class='ocr_line' id='line_1_16' title="bbox 248 1952 1634 2040; baseline -0.001 -28"><span class='ocrx_word' id='word_1_149' title='bbox 248 1967 296 2013; x_wconf 78' lang='lat'><strong>154</strong></span> <span class='ocrx_word' id='word_1_150' title='bbox 310 1966 339 2012; x_wconf 90' lang='lat' dir='ltr'><strong>v.</strong></span> <span class='ocrx_word' id='word_1_151' title='bbox 354 1973 411 2014; x_wconf 90' lang='lat' dir='ltr'><strong>non</strong></span> <span class='ocrx_word' id='word_1_152' title='bbox 433 1961 587 2040; x_wconf 82' lang='lat' dir='ltr'><strong>receptum</strong></span> <span class='ocrx_word' id='word_1_153' title='bbox 603 1961 648 2013; x_wconf 89' lang='lat' dir='ltr'><strong>est</strong></span> <span class='ocrx_word' id='word_1_154' title='bbox 670 1952 840 2032; x_wconf 83' lang='grc' dir='ltr'><em>πεποίηθι,</em></span> <span class='ocrx_word' id='word_1_155' title='bbox 863 1954 916 2014; x_wconf 90' lang='lat' dir='ltr'><strong>sed</strong></span> <span class='ocrx_word' id='word_1_156' title='bbox 932 1953 1102 2034; x_wconf 84' lang='grc' dir='ltr'><em>πεποίηκε.</em></span> <span class='ocrx_word' id='word_1_157' title='bbox 1133 1953 1272 2016; x_wconf 87' lang='lat' dir='ltr'><strong>similiter</strong></span> <span class='ocrx_word' id='word_1_158' title='bbox 1286 1954 1363 2032; x_wconf 89' lang='lat' dir='ltr'><strong>apud</strong></span> <span class='ocrx_word' id='word_1_159' title='bbox 1379 1954 1500 2015; x_wconf 89' lang='lat' dir='ltr'><strong>Latinos</strong></span> <span class='ocrx_word' id='word_1_160' title='bbox 1517 1955 1634 2032; x_wconf 90' lang='lat' dir='ltr'><strong>impera·</strong></span> 
     </span>
     <span class='ocr_line' id='line_1_17' title="bbox 352 2055 1663 2130; baseline -0.002 -15"><span class='ocrx_word' id='word_1_161' title='bbox 352 2057 429 2116; x_wconf 90' lang='lat' dir='ltr'><strong>tivus</strong></span> <span class='ocrx_word' id='word_1_162' title='bbox 456 2057 589 2116; x_wconf 86' lang='lat' dir='ltr'><strong>nascitur</strong></span> <span class='ocrx_word' id='word_1_163' title='bbox 616 2055 654 2114; x_wconf 93' lang='lat' dir='ltr'><strong>ab</strong></span> <span class='ocrx_word' id='word_1_164' title='bbox 681 2056 797 2117; x_wconf 79' lang='lat' dir='ltr'><strong>infinito</strong></span> <span class='ocrx_word' id='word_1_165' title='bbox 825 2056 940 2130; x_wconf 79' lang='lat' dir='ltr'><strong>abiecta</strong></span> <span class='ocrx_word' id='word_1_166' title='bbox 970 2056 1087 2126; x_wconf 89' lang='lat' dir='ltr'><strong>ultima,</strong></span> <span class='ocrx_word' id='word_1_167' title='bbox 1117 2064 1237 2118; x_wconf 81' lang='lat' dir='ltr'><strong>raritare</strong></span> <span class='ocrx_word' id='word_1_168' title='bbox 1265 2063 1367 2126; x_wconf 90' lang='lat' dir='ltr'><strong>canta,</strong></span> <span class='ocrx_word' id='word_1_169' title='bbox 1401 2073 1525 2114; x_wconf 91' lang='lat' dir='ltr'><strong>monere</strong></span> <span class='ocrx_word' id='word_1_170' title='bbox 1548 2073 1663 2114; x_wconf 81' lang='lat' dir='ltr'><strong>menen</strong></span> 
     </span>
     <span class='ocr_line' id='line_1_18' title="bbox 351 2155 1635 2236; baseline -0.003 -20"><span class='ocrx_word' id='word_1_171' title='bbox 351 2156 450 2234; x_wconf 77' lang='lat' dir='ltr'><strong>legere</strong></span> <span class='ocrx_word' id='word_1_172' title='bbox 472 2157 547 2234; x_wconf 83' lang='lat' dir='ltr'><strong>lege,</strong></span> <span class='ocrx_word' id='word_1_173' title='bbox 571 2156 685 2217; x_wconf 91' lang='lat' dir='ltr'><strong>ambire</strong></span> <span class='ocrx_word' id='word_1_174' title='bbox 708 2155 798 2226; x_wconf 90' lang='lat' dir='ltr'><strong>ambi,</strong></span> <span class='ocrx_word' id='word_1_175' title='bbox 821 2159 902 2217; x_wconf 88' lang='lat' dir='ltr'><strong>ierre</strong></span> <span class='ocrx_word' id='word_1_176' title='bbox 931 2159 985 2228; x_wconf 90' lang='lat' dir='ltr'><strong>ler,</strong></span> <span class='ocrx_word' id='word_1_177' title='bbox 1021 2178 1086 2218; x_wconf 86' lang='lat' dir='ltr'><strong>esse</strong></span> <span class='ocrx_word' id='word_1_178' title='bbox 1109 2176 1141 2217; x_wconf 90' lang='lat' dir='ltr'><strong>es</strong></span> <span class='ocrx_word' id='word_1_179' title='bbox 1164 2165 1194 2217; x_wconf 89' lang='lat' dir='ltr'><strong>et</strong></span> <span class='ocrx_word' id='word_1_180' title='bbox 1216 2157 1286 2218; x_wconf 87' lang='lat' dir='ltr'><strong>ades</strong></span> <span class='ocrx_word' id='word_1_181' title='bbox 1309 2164 1339 2216; x_wconf 91' lang='lat' dir='ltr'><strong>et</strong></span> <span class='ocrx_word' id='word_1_182' title='bbox 1361 2157 1484 2236; x_wconf 83' lang='lat' dir='ltr'><strong>prodes:</strong></span> <span class='ocrx_word' id='word_1_183' title='bbox 1514 2155 1635 2216; x_wconf 80' lang='lat' dir='ltr'><strong>Lucilius</strong></span> 
     </span>
     <span class='ocr_line' id='line_1_19' title="bbox 351 2256 1635 2338; baseline -0.003 -19"><span class='ocrx_word' id='word_1_184' title='bbox 351 2259 506 2338; x_wconf 77' lang='lat' dir='ltr'><strong>‘prodes</strong></span> <span class='ocrx_word' id='word_1_185' title='bbox 528 2259 687 2328; x_wconf 88' lang='lat' dir='ltr'><strong>amicis&#39;‚</strong></span> <span class='ocrx_word' id='word_1_186' title='bbox 711 2259 860 2335; x_wconf 81' lang='lat' dir='ltr'><strong>Vergilius</strong></span> <span class='ocrx_word' id='word_1_187' title='bbox 882 2259 970 2322; x_wconf 78' lang='lat' dir='ltr'><strong>‘buc</strong></span> <span class='ocrx_word' id='word_1_188' title='bbox 991 2260 1094 2328; x_wconf 86' lang='lat' dir='ltr'><strong>ades,</strong></span> <span class='ocrx_word' id='word_1_189' title='bbox 1118 2278 1135 2318; x_wconf 95' lang='grc' dir='ltr'><em>ο</em></span> <span class='ocrx_word' id='word_1_190' title='bbox 1158 2260 1329 2328; x_wconf 87' lang='lat' dir='ltr'><strong>Lenaee&#39;,</strong></span> <span class='ocrx_word' id='word_1_191' title='bbox 1353 2259 1516 2319; x_wconf 86' lang='lat' dir='ltr'><strong>Terentius</strong></span> <span class='ocrx_word' id='word_1_192' title='bbox 1532 2256 1635 2317; x_wconf 83' lang='lat' dir='ltr'><strong>‘bono</strong></span> 
     </span>
     <span class='ocr_line' id='line_1_20' title="bbox 350 2359 1633 2442; baseline -0.002 -23"><span class='ocrx_word' id='word_1_193' title='bbox 350 2364 472 2421; x_wconf 92' lang='lat' dir='ltr'><strong>animo</strong></span> <span class='ocrx_word' id='word_1_194' title='bbox 499 2362 570 2420; x_wconf 86' lang='lat' dir='ltr'><strong>es&#39;:</strong></span> <span class='ocrx_word' id='word_1_195' title='bbox 604 2362 703 2420; x_wconf 90' lang='lat' dir='ltr'><strong>iacere</strong></span> <span class='ocrx_word' id='word_1_196' title='bbox 730 2361 803 2430; x_wconf 89' lang='lat' dir='ltr'><strong>iace,</strong></span> <span class='ocrx_word' id='word_1_197' title='bbox 827 2361 927 2421; x_wconf 77' lang='lat' dir='ltr'><strong>«licere</strong></span> <span class='ocrx_word' id='word_1_198' title='bbox 950 2361 1031 2430; x_wconf 84' lang='lat' dir='ltr'><strong>vlice,</strong></span> <span class='ocrx_word' id='word_1_199' title='bbox 1056 2370 1085 2422; x_wconf 88' lang='lat' dir='ltr'><strong>ct</strong></span> <span class='ocrx_word' id='word_1_200' title='bbox 1107 2379 1162 2441; x_wconf 88' lang='lat' dir='ltr'><strong>per</strong></span> <span class='ocrx_word' id='word_1_201' title='bbox 1184 2379 1341 2442; x_wconf 73' lang='lat' dir='ltr'><strong>syncopam</strong></span> <span class='ocrx_word' id='word_1_202' title='bbox 1364 2361 1411 2420; x_wconf 88' lang='lat' dir='ltr'><strong>iac</strong></span> <span class='ocrx_word' id='word_1_203' title='bbox 1432 2359 1492 2420; x_wconf 86' lang='lat' dir='ltr'><strong>dic.</strong></span> <span class='ocrx_word' id='word_1_204' title='bbox 1539 2360 1633 2420; x_wconf 81' lang='lat' dir='ltr'><strong>Graeci</strong></span> 
     </span>
     <span class='ocr_line' id='line_1_21' title="bbox 349 2461 1633 2542; baseline 0.002 -23"><span class='ocrx_word' id='word_1_205' title='bbox 349 2463 496 2523; x_wconf 84' lang='lat' dir='ltr'><strong>secundae</strong></span> <span class='ocrx_word' id='word_1_206' title='bbox 518 2481 662 2542; x_wconf 82' lang='lat' dir='ltr'><strong>personae</strong></span> <span class='ocrx_word' id='word_1_207' title='bbox 685 2461 783 2523; x_wconf 84' lang='lat' dir='ltr'><strong>addita</strong></span> <span class='ocrx_word' id='word_1_208' title='bbox 806 2482 852 2522; x_wconf 90' lang='grc' dir='ltr'><em>τω</em></span> <span class='ocrx_word' id='word_1_209' title='bbox 874 2461 985 2542; x_wconf 73' lang='lat' dir='ltr'><strong>syllaba</strong></span> <span class='ocrx_word' id='word_1_210' title='bbox 1008 2465 1125 2524; x_wconf 87' lang='lat' dir='ltr'><strong>tertiam</strong></span> <span class='ocrx_word' id='word_1_211' title='bbox 1149 2463 1282 2524; x_wconf 86' lang='lat' dir='ltr'><strong>eiusdem</strong></span> <span class='ocrx_word' id='word_1_212' title='bbox 1305 2463 1476 2541; x_wconf 88' lang='lat' dir='ltr'><strong>praesentis</strong></span> <span class='ocrx_word' id='word_1_213' title='bbox 1498 2463 1633 2522; x_wconf 85' lang='lat' dir='ltr'><strong>efficiunt.</strong></span> 
     </span>
     <span class='ocr_line' id='line_1_22' title="bbox 349 2558 1664 2644; baseline -0.004 -20"><span class='ocrx_word' id='word_1_214' title='bbox 349 2564 437 2624; x_wconf 90' lang='grc' dir='ltr'><em>ποίει</em></span> <span class='ocrx_word' id='word_1_215' title='bbox 459 2563 606 2641; x_wconf 87' lang='grc' dir='ltr'><em>ποιείτω,</em></span> <span class='ocrx_word' id='word_1_216' title='bbox 628 2561 706 2644; x_wconf 83' lang='grc' dir='ltr'><em>τίμα</em></span> <span class='ocrx_word' id='word_1_217' title='bbox 733 2560 868 2643; x_wconf 86' lang='grc' dir='ltr'><em>τιμάτω,</em></span> <span class='ocrx_word' id='word_1_218' title='bbox 892 2559 1021 2644; x_wconf 81' lang='grc' dir='ltr'><em>χρύσου</em></span> <span class='ocrx_word' id='word_1_219' title='bbox 1043 2559 1235 2644; x_wconf 85' lang='grc' dir='ltr'><em>χρυσούτω,</em></span> <span class='ocrx_word' id='word_1_220' title='bbox 1259 2561 1335 2643; x_wconf 82' lang='grc' dir='ltr'><em>λέγε</em></span> <span class='ocrx_word' id='word_1_221' title='bbox 1357 2558 1491 2641; x_wconf 75' lang='grc' dir='ltr'><em>λεγέτω.</em></span> <span class='ocrx_word' id='word_1_222' title='bbox 1537 2561 1664 2642; x_wconf 71' lang='lat' dir='ltr'><strong>quarata</strong></span> 
     </span>
     <span class='ocr_line' id='line_1_23' title="bbox 350 2651 1633 2745; baseline -0.001 -22"><span class='ocrx_word' id='word_1_223' title='bbox 350 2667 476 2726; x_wconf 83' lang='lat' dir='ltr'><strong>secunda</strong></span> <span class='ocrx_word' id='word_1_224' title='bbox 501 2667 530 2726; x_wconf 92' lang='lat' dir='ltr'><strong>in</strong></span> <span class='ocrx_word' id='word_1_225' title='bbox 552 2667 590 2726; x_wconf 87' lang='grc' dir='ltr'><em>θι</em></span> <span class='ocrx_word' id='word_1_226' title='bbox 613 2665 711 2734; x_wconf 85' lang='lat' dir='ltr'><strong>desiit,</strong></span> <span class='ocrx_word' id='word_1_227' title='bbox 735 2668 828 2744; x_wconf 89' lang='lat' dir='ltr'><strong>ipsam</strong></span> <span class='ocrx_word' id='word_1_228' title='bbox 851 2673 966 2727; x_wconf 89' lang='lat' dir='ltr'><strong>mutant</strong></span> <span class='ocrx_word' id='word_1_229' title='bbox 988 2667 1018 2726; x_wconf 90' lang='lat' dir='ltr'><strong>in</strong></span> <span class='ocrx_word' id='word_1_230' title='bbox 1034 2659 1195 2745; x_wconf 74' lang='grc' dir='ltr'><em>τω,“βῆθι</em></span> <span class='ocrx_word' id='word_1_231' title='bbox 1217 2661 1318 2745; x_wconf 82' lang='grc' dir='ltr'><em>βήτω.</em></span> <span class='ocrx_word' id='word_1_232' title='bbox 1348 2651 1477 2725; x_wconf 79' lang='grc' dir='ltr'><em>τείοτο</em></span> <span class='ocrx_word' id='word_1_233' title='bbox 1500 2664 1633 2744; x_wconf 79' lang='lat' dir='ltr'><strong>syllabam</strong></span> 
     </span>
     <span class='ocr_line' id='line_1_24' title="bbox 349 2766 1632 2848; baseline 0.002 -21"><span class='ocrx_word' id='word_1_234' title='bbox 349 2766 510 2829; x_wconf 80' lang='lat' dir='ltr'><strong>adicientes</strong></span> <span class='ocrx_word' id='word_1_235' title='bbox 533 2769 682 2847; x_wconf 84' lang='lat' dir='ltr'><strong>praesenti</strong></span> <span class='ocrx_word' id='word_1_236' title='bbox 716 2767 860 2845; x_wconf 83' lang='lat' dir='ltr'><strong>singulari</strong></span> <span class='ocrx_word' id='word_1_237' title='bbox 883 2769 1059 2848; x_wconf 87' lang='lat' dir='ltr'><strong>imperativo</strong></span> <span class='ocrx_word' id='word_1_238' title='bbox 1082 2766 1224 2847; x_wconf 88' lang='lat' dir='ltr'><strong>pluralem</strong></span> <span class='ocrx_word' id='word_1_239' title='bbox 1248 2769 1370 2837; x_wconf 85' lang='lat' dir='ltr'><strong>iaciunt,</strong></span> <span class='ocrx_word' id='word_1_240' title='bbox 1392 2767 1485 2827; x_wconf 83' lang='grc' dir='ltr'><em>ποίει</em></span> <span class='ocrx_word' id='word_1_241' title='bbox 1507 2773 1632 2829; x_wconf 84' lang='grc' dir='ltr'><em>ποιεῖτε.</em></span> 
     </span>
     <span class='ocr_line' id='line_1_25' title="bbox 347 2865 1634 2951; baseline -0.004 -21"><span class='ocrx_word' id='word_1_242' title='bbox 347 2865 411 2947; x_wconf 84' lang='grc' dir='ltr'><strong>βόα</strong></span> <span class='ocrx_word' id='word_1_243' title='bbox 439 2868 554 2947; x_wconf 82' lang='grc' dir='ltr'><em>βοᾶτε,</em></span> <span class='ocrx_word' id='word_1_244' title='bbox 583 2866 690 2951; x_wconf 80' lang='grc' dir='ltr'><em>δήλου</em></span> <span class='ocrx_word' id='word_1_245' title='bbox 717 2866 873 2949; x_wconf 86' lang='grc' dir='ltr'><em>δηλούτε,</em></span> <span class='ocrx_word' id='word_1_246' title='bbox 904 2866 1007 2931; x_wconf 85' lang='grc' dir='ltr'><em>τύπτε</em></span> <span class='ocrx_word' id='word_1_247' title='bbox 1034 2866 1189 2931; x_wconf 79' lang='grc' dir='ltr'><em>τύπτετει</em></span> <span class='ocrx_word' id='word_1_248' title='bbox 1219 2872 1337 2929; x_wconf 87' lang='lat' dir='ltr'><strong>tertiam</strong></span> <span class='ocrx_word' id='word_1_249' title='bbox 1360 2869 1507 2948; x_wconf 88' lang='lat' dir='ltr'><strong>pluralem</strong></span> <span class='ocrx_word' id='word_1_250' title='bbox 1531 2872 1634 2931; x_wconf 83' lang='lat' dir='ltr'><strong>iaciunt</strong></span> 
     </span>
     <span class='ocr_line' id='line_1_26' title="bbox 347 2970 1633 3047; baseline 0.003 -18"><span class='ocrx_word' id='word_1_251' title='bbox 347 2970 482 3030; x_wconf 80' lang='lat' dir='ltr'><strong>addrnrlo</strong></span> <span class='ocrx_word' id='word_1_252' title='bbox 505 2986 570 3031; x_wconf 88' lang='grc' dir='ltr'><strong>σαν</strong></span> <span class='ocrx_word' id='word_1_253' title='bbox 593 2974 699 3031; x_wconf 87' lang='lat' dir='ltr'><strong>tertiae</strong></span> <span class='ocrx_word' id='word_1_254' title='bbox 722 2971 875 3047; x_wconf 83' lang='lat' dir='ltr'><strong>singulari,</strong></span> <span class='ocrx_word' id='word_1_255' title='bbox 899 2971 1034 3032; x_wconf 85' lang='grc' dir='ltr'><em>ποιείτω</em></span> <span class='ocrx_word' id='word_1_256' title='bbox 1056 2970 1267 3033; x_wconf 86' lang='grc' dir='ltr'><em>ποιείτωσαν.</em></span> <span class='ocrx_word' id='word_1_257' title='bbox 1303 2971 1377 3032; x_wconf 86' lang='lat' dir='ltr'><strong>barrr</strong></span> <span class='ocrx_word' id='word_1_258' title='bbox 1401 2970 1633 3033; x_wconf 83' lang='lat' dir='ltr'><strong>declinationem.</strong></span> 
     </span>
     <span class='ocr_line' id='line_1_27' title="bbox 347 3072 1665 3153; baseline -0.001 -22"><span class='ocrx_word' id='word_1_259' title='bbox 347 3090 422 3151; x_wconf 86' lang='lat' dir='ltr'><strong>quae</strong></span> <span class='ocrx_word' id='word_1_260' title='bbox 446 3072 570 3133; x_wconf 83' lang='lat' dir='ltr'><strong>decursa</strong></span> <span class='ocrx_word' id='word_1_261' title='bbox 594 3081 653 3141; x_wconf 83' lang='lat' dir='ltr'><strong>est,</strong></span> <span class='ocrx_word' id='word_1_262' title='bbox 682 3073 787 3133; x_wconf 83' lang='lat' dir='ltr'><strong>Graeci</strong></span> <span class='ocrx_word' id='word_1_263' title='bbox 811 3072 927 3135; x_wconf 84' lang='lat' dir='ltr'><strong>duobus</strong></span> <span class='ocrx_word' id='word_1_264' title='bbox 950 3074 1036 3134; x_wconf 88' lang='lat' dir='ltr'><strong>simul</strong></span> <span class='ocrx_word' id='word_1_265' title='bbox 1062 3073 1246 3153; x_wconf 85' lang='lat' dir='ltr'><strong>temporibus</strong></span> <span class='ocrx_word' id='word_1_266' title='bbox 1268 3074 1434 3150; x_wconf 83' lang='lat' dir='ltr'><strong>adsignant,</strong></span> <span class='ocrx_word' id='word_1_267' title='bbox 1465 3076 1585 3134; x_wconf 87' lang='lat' dir='ltr'><strong>instanti</strong></span> <span class='ocrx_word' id='word_1_268' title='bbox 1608 3082 1665 3131; x_wconf 74' lang='lat' dir='ltr'><strong>ets</strong></span> 
     </span>
     <span class='ocr_line' id='line_1_28' title="bbox 347 3174 1633 3255; baseline 0.001 -22"><span class='ocrx_word' id='word_1_269' title='bbox 347 3176 510 3253; x_wconf 87' lang='lat' dir='ltr'><strong>praeterito</strong></span> <span class='ocrx_word' id='word_1_270' title='bbox 536 3176 713 3253; x_wconf 78' lang='lat' dir='ltr'><strong>inperfecto.</strong></span> <span class='ocrx_word' id='word_1_271' title='bbox 758 3182 788 3235; x_wconf 89' lang='lat' dir='ltr'><strong>et</strong></span> <span class='ocrx_word' id='word_1_272' title='bbox 817 3194 849 3233; x_wconf 90' lang='lat' dir='ltr'><strong>re</strong></span> <span class='ocrx_word' id='word_1_273' title='bbox 879 3194 961 3245; x_wconf 86' lang='lat' dir='ltr'><strong>vera,</strong></span> <span class='ocrx_word' id='word_1_274' title='bbox 994 3178 1019 3235; x_wconf 85' lang='lat' dir='ltr'><strong>si</strong></span> <span class='ocrx_word' id='word_1_275' title='bbox 1042 3179 1175 3255; x_wconf 87' lang='lat' dir='ltr'><strong>pressius</strong></span> <span class='ocrx_word' id='word_1_276' title='bbox 1197 3194 1332 3254; x_wconf 86' lang='lat' dir='ltr'><strong>quaeras,</strong></span> <span class='ocrx_word' id='word_1_277' title='bbox 1360 3177 1456 3252; x_wconf 80' lang='lat' dir='ltr'><strong>magis</strong></span> <span class='ocrx_word' id='word_1_278' title='bbox 1479 3174 1517 3235; x_wconf 73' lang='lat' dir='ltr'><strong>tle</strong></span> <span class='ocrx_word' id='word_1_279' title='bbox 1539 3178 1633 3254; x_wconf 89' lang='lat' dir='ltr'><strong>inper-</strong></span> 
     </span>
     <span class='ocr_line' id='line_1_29' title="bbox 347 3275 1634 3357; baseline 0 -21"><span class='ocrx_word' id='word_1_280' title='bbox 347 3278 425 3336; x_wconf 88' lang='lat' dir='ltr'><strong>leete</strong></span> <span class='ocrx_word' id='word_1_281' title='bbox 448 3295 535 3354; x_wconf 86' lang='lat' dir='ltr'><strong>quam</strong></span> <span class='ocrx_word' id='word_1_282' title='bbox 558 3276 594 3335; x_wconf 85' lang='lat' dir='ltr'><strong>rle</strong></span> <span class='ocrx_word' id='word_1_283' title='bbox 621 3278 741 3336; x_wconf 84' lang='lat' dir='ltr'><strong>instanti</strong></span> <span class='ocrx_word' id='word_1_284' title='bbox 758 3284 858 3337; x_wconf 90' lang='lat' dir='ltr'><strong>natum</strong></span> <span class='ocrx_word' id='word_1_285' title='bbox 881 3277 958 3356; x_wconf 88' lang='lat' dir='ltr'><strong>apud</strong></span> <span class='ocrx_word' id='word_1_286' title='bbox 982 3275 1047 3337; x_wconf 90' lang='lat' dir='ltr'><strong>illos</strong></span> <span class='ocrx_word' id='word_1_287' title='bbox 1070 3280 1274 3357; x_wconf 87' lang='lat' dir='ltr'><strong>imperativum</strong></span> <span class='ocrx_word' id='word_1_288' title='bbox 1298 3276 1424 3337; x_wconf 83' lang='lat' dir='ltr'><strong>videbis.</strong></span> <span class='ocrx_word' id='word_1_289' title='bbox 1456 3280 1544 3336; x_wconf 89' lang='lat' dir='ltr'><strong>tertia</strong></span> <span class='ocrx_word' id='word_1_290' title='bbox 1560 3280 1634 3336; x_wconf 90' lang='lat' dir='ltr'><strong>euim</strong></span> 
     </span>
     <span class='ocr_line' id='line_1_30' title="bbox 346 3370 1720 3459; baseline 0 -24"><span class='ocrx_word' id='word_1_291' title='bbox 346 3378 505 3455; x_wconf 76' lang='lat' dir='ltr'><strong>inperfecti</strong></span> <span class='ocrx_word' id='word_1_292' title='bbox 528 3377 681 3439; x_wconf 83' lang='lat' dir='ltr'><strong>indicativi</strong></span> <span class='ocrx_word' id='word_1_293' title='bbox 703 3396 827 3457; x_wconf 86' lang='lat' dir='ltr'><strong>persona</strong></span> <span class='ocrx_word' id='word_1_294' title='bbox 842 3382 939 3459; x_wconf 89' lang='lat' dir='ltr'><strong>capite</strong></span> <span class='ocrx_word' id='word_1_295' title='bbox 963 3379 1112 3439; x_wconf 76' lang='lat' dir='ltr'><strong>‹leurinuta</strong></span> <span class='ocrx_word' id='word_1_296' title='bbox 1130 3381 1174 3441; x_wconf 88' lang='lat' dir='ltr'><strong>vel</strong></span> <span class='ocrx_word' id='word_1_297' title='bbox 1198 3382 1228 3439; x_wconf 92' lang='lat' dir='ltr'><strong>in</strong></span> <span class='ocrx_word' id='word_1_298' title='bbox 1251 3377 1362 3457; x_wconf 76' lang='lat' dir='ltr'><strong>syllaba</strong></span> <span class='ocrx_word' id='word_1_299' title='bbox 1386 3378 1432 3437; x_wconf 85' lang='lat' dir='ltr'><strong>vel</strong></span> <span class='ocrx_word' id='word_1_300' title='bbox 1457 3382 1487 3439; x_wconf 95' lang='lat' dir='ltr'><strong>in</strong></span> <span class='ocrx_word' id='word_1_301' title='bbox 1512 3377 1634 3458; x_wconf 65' lang='lat' dir='ltr'><strong>spllabae</strong></span> <span class='ocrx_word' id='word_1_302' title='bbox 1713 3370 1720 3385; x_wconf 83' lang='lat'>‘</span> 
     </span>
     <span class='ocr_line' id='line_1_31' title="bbox 346 3475 1635 3559; baseline 0.002 -22"><span class='ocrx_word' id='word_1_303' title='bbox 346 3487 478 3557; x_wconf 90' lang='lat' dir='ltr'><strong>tempore</strong></span> <span class='ocrx_word' id='word_1_304' title='bbox 503 3480 573 3539; x_wconf 85' lang='lat' dir='ltr'><strong>lacit</strong></span> <span class='ocrx_word' id='word_1_305' title='bbox 594 3481 760 3559; x_wconf 79' lang='lat' dir='ltr'><strong>imperativi</strong></span> <span class='ocrx_word' id='word_1_306' title='bbox 782 3480 952 3549; x_wconf 82' lang='lat' dir='ltr'><strong>serrrudam,</strong></span> <span class='ocrx_word' id='word_1_307' title='bbox 977 3476 1088 3543; x_wconf 79' lang='grc' dir='ltr'><em>ἐλάλει</em></span> <span class='ocrx_word' id='word_1_308' title='bbox 1110 3476 1216 3557; x_wconf 86' lang='grc' dir='ltr'><em>λάλει,</em></span> <span class='ocrx_word' id='word_1_309' title='bbox 1239 3475 1321 3559; x_wconf 80' lang='grc' dir='ltr'><em>ἐβόα</em></span> <span class='ocrx_word' id='word_1_310' title='bbox 1342 3476 1418 3559; x_wconf 86' lang='grc' dir='ltr'><em>βόα,</em></span> <span class='ocrx_word' id='word_1_311' title='bbox 1448 3476 1635 3559; x_wconf 78' lang='grc' dir='ltr'><em>ἐστεφάνου</em></span> 
     </span>
     <span class='ocr_line' id='line_1_32' title="bbox 347 3568 1665 3661; baseline 0.001 -22"><span class='ocrx_word' id='word_1_312' title='bbox 347 3576 529 3659; x_wconf 86' lang='grc' dir='ltr'><em>στεφάνου,</em></span> <span class='ocrx_word' id='word_1_313' title='bbox 557 3578 651 3659; x_wconf 81' lang='grc' dir='ltr'><em>ἔλεγε</em></span> <span class='ocrx_word' id='word_1_314' title='bbox 672 3577 757 3658; x_wconf 83' lang='grc' dir='ltr'><em>λε’γε,</em></span> <span class='ocrx_word' id='word_1_315' title='bbox 781 3568 841 3660; x_wconf 78' lang='grc' dir='ltr'><em>ἦγε</em></span> <span class='ocrx_word' id='word_1_316' title='bbox 862 3575 935 3659; x_wconf 71' lang='lat' dir='ltr'><strong>llys,</strong></span> <span class='ocrx_word' id='word_1_317' title='bbox 958 3568 1049 3643; x_wconf 79' lang='grc' dir='ltr'><em>εἷλκε</em></span> <span class='ocrx_word' id='word_1_318' title='bbox 1076 3578 1166 3643; x_wconf 77' lang='grc' dir='ltr'><em>ἕλκει</em></span> <span class='ocrx_word' id='word_1_319' title='bbox 1196 3586 1235 3643; x_wconf 91' lang='lat' dir='ltr'><strong>ita</strong></span> <span class='ocrx_word' id='word_1_320' title='bbox 1259 3592 1288 3643; x_wconf 89' lang='lat' dir='ltr'><strong>et</strong></span> <span class='ocrx_word' id='word_1_321' title='bbox 1312 3584 1341 3641; x_wconf 92' lang='lat' dir='ltr'><strong>in</strong></span> <span class='ocrx_word' id='word_1_322' title='bbox 1365 3584 1505 3661; x_wconf 83' lang='lat' dir='ltr'><strong>passivis,</strong></span> <span class='ocrx_word' id='word_1_323' title='bbox 1536 3580 1665 3643; x_wconf 77' lang='grc' dir='ltr'><em>ἐνοούυ</em></span> 
     </span>
     <span class='ocr_line' id='line_1_33' title="bbox 345 3676 1632 3764; baseline 0.003 -23"><span class='ocrx_word' id='word_1_324' title='bbox 345 3679 447 3759; x_wconf 85' lang='grc' dir='ltr'><em>νοοῦ,</em></span> <span class='ocrx_word' id='word_1_325' title='bbox 477 3676 579 3761; x_wconf 60' lang='lat' dir='ltr'><strong>tarpei</strong></span> <span class='ocrx_word' id='word_1_326' title='bbox 604 3680 704 3761; x_wconf 76' lang='grc' dir='ltr'><em>τιμῶ,</em></span> <span class='ocrx_word' id='word_1_327' title='bbox 734 3679 883 3761; x_wconf 83' lang='grc' dir='ltr'><em>ἑχρυσοῠ</em></span> <span class='ocrx_word' id='word_1_328' title='bbox 910 3678 1055 3763; x_wconf 79' lang='grc' dir='ltr'><em>χρυσοῦ,</em></span> <span class='ocrx_word' id='word_1_329' title='bbox 1085 3680 1231 3745; x_wconf 75' lang='grc' dir='ltr'><em>ἑτύπτου</em></span> <span class='ocrx_word' id='word_1_330' title='bbox 1257 3680 1402 3754; x_wconf 89' lang='grc' dir='ltr'><em>τύπτου,</em></span> <span class='ocrx_word' id='word_1_331' title='bbox 1430 3678 1519 3764; x_wconf 75' lang='grc' dir='ltr'><em>ἦγον</em></span> <span class='ocrx_word' id='word_1_332' title='bbox 1540 3678 1632 3763; x_wconf 72' lang='grc' dir='ltr'><em>ἄγου.</em></span> 
     </span>
     <span class='ocr_line' id='line_1_34' title="bbox 345 3778 1634 3865; baseline 0 -23"><span class='ocrx_word' id='word_1_333' title='bbox 345 3778 461 3844; x_wconf 80' lang='grc' dir='ltr'><em>εἷλκον</em></span> <span class='ocrx_word' id='word_1_334' title='bbox 490 3778 600 3847; x_wconf 82' lang='grc' dir='ltr'><em>ἕλκον.</em></span> <span class='ocrx_word' id='word_1_335' title='bbox 644 3784 742 3845; x_wconf 87' lang='lat' dir='ltr'><strong>Latini</strong></span> <span class='ocrx_word' id='word_1_336' title='bbox 772 3803 830 3844; x_wconf 91' lang='lat' dir='ltr'><strong>noo</strong></span> <span class='ocrx_word' id='word_1_337' title='bbox 859 3788 1090 3845; x_wconf 87' lang='lat' dir='ltr'><strong>aestimaverunt</strong></span> <span class='ocrx_word' id='word_1_338' title='bbox 1118 3785 1206 3845; x_wconf 90' lang='lat' dir='ltr'><strong>ullum</strong></span> <span class='ocrx_word' id='word_1_339' title='bbox 1236 3788 1430 3863; x_wconf 87' lang='lat' dir='ltr'><strong>praeteritum</strong></span> <span class='ocrx_word' id='word_1_340' title='bbox 1461 3788 1634 3865; x_wconf 88' lang='lat' dir='ltr'><strong>imperativo</strong></span> 
     </span>
     <span class='ocr_line' id='line_1_35' title="bbox 344 3885 1632 3966; baseline 0.001 -22"><span class='ocrx_word' id='word_1_341' title='bbox 344 3885 487 3955; x_wconf 81' lang='lat' dir='ltr'><strong>viandum,</strong></span> <span class='ocrx_word' id='word_1_342' title='bbox 518 3887 587 3964; x_wconf 81' lang='lat' dir='ltr'><strong>quia</strong></span> <span class='ocrx_word' id='word_1_343' title='bbox 616 3886 781 3964; x_wconf 87' lang='lat' dir='ltr'><strong>imperatur</strong></span> <span class='ocrx_word' id='word_1_344' title='bbox 808 3886 894 3966; x_wconf 79' lang='lat' dir='ltr'><strong>quiri,</strong></span> <span class='ocrx_word' id='word_1_345' title='bbox 924 3893 956 3947; x_wconf 92' lang='lat' dir='ltr'><strong>ut</strong></span> <span class='ocrx_word' id='word_1_346' title='bbox 984 3896 1033 3947; x_wconf 86' lang='lat' dir='ltr'><strong>aut</strong></span> <span class='ocrx_word' id='word_1_347' title='bbox 1063 3904 1140 3946; x_wconf 86' lang='lat' dir='ltr'><strong>rrunc</strong></span> <span class='ocrx_word' id='word_1_348' title='bbox 1170 3896 1220 3947; x_wconf 89' lang='lat' dir='ltr'><strong>aut</strong></span> <span class='ocrx_word' id='word_1_349' title='bbox 1243 3888 1272 3947; x_wconf 93' lang='lat' dir='ltr'><strong>in</strong></span> <span class='ocrx_word' id='word_1_350' title='bbox 1296 3895 1449 3965; x_wconf 89' lang='lat' dir='ltr'><strong>posterum</strong></span> <span class='ocrx_word' id='word_1_351' title='bbox 1480 3890 1545 3949; x_wconf 89' lang='lat' dir='ltr'><strong>liat:</strong></span> <span class='ocrx_word' id='word_1_352' title='bbox 1569 3889 1632 3947; x_wconf 84' lang='lat' dir='ltr'><strong>ideo</strong></span> 
     </span>
     <span class='ocr_line' id='line_1_36' title="bbox 344 3986 1632 4065; baseline 0.002 -19"><span class='ocrx_word' id='word_1_353' title='bbox 344 3990 493 4065; x_wconf 84' lang='lat' dir='ltr'><strong>praesenti</strong></span> <span class='ocrx_word' id='word_1_354' title='bbox 518 3995 549 4045; x_wconf 92' lang='lat' dir='ltr'><strong>et</strong></span> <span class='ocrx_word' id='word_1_355' title='bbox 569 3987 670 4046; x_wconf 89' lang='lat' dir='ltr'><strong>inturo</strong></span> <span class='ocrx_word' id='word_1_356' title='bbox 692 3989 722 4047; x_wconf 90' lang='lat' dir='ltr'><strong>in</strong></span> <span class='ocrx_word' id='word_1_357' title='bbox 746 3986 825 4047; x_wconf 77' lang='lat' dir='ltr'><strong>nrovli</strong></span> <span class='ocrx_word' id='word_1_358' title='bbox 849 3988 937 4048; x_wconf 79' lang='lat' dir='ltr'><strong>buius</strong></span> <span class='ocrx_word' id='word_1_359' title='bbox 960 3988 1158 4049; x_wconf 73' lang='lat' dir='ltr'><strong>(inclinatione</strong></span> <span class='ocrx_word' id='word_1_360' title='bbox 1181 3990 1312 4049; x_wconf 86' lang='lat' dir='ltr'><strong>contenti</strong></span> <span class='ocrx_word' id='word_1_361' title='bbox 1336 3997 1415 4049; x_wconf 88' lang='lat' dir='ltr'><strong>sunt.</strong></span> <span class='ocrx_word' id='word_1_362' title='bbox 1453 3990 1504 4049; x_wconf 88' lang='lat' dir='ltr'><strong>sed</strong></span> <span class='ocrx_word' id='word_1_363' title='bbox 1528 3990 1632 4051; x_wconf 76' lang='lat' dir='ltr'><strong>Graeci</strong></span> 
     </span>
     <span class='ocr_line' id='line_1_37' title="bbox 343 4087 1664 4171; baseline 0.002 -24"><span class='ocrx_word' id='word_1_364' title='bbox 343 4090 524 4167; x_wconf 86' lang='lat' dir='ltr'><strong>introspecta</strong></span> <span class='ocrx_word' id='word_1_365' title='bbox 557 4087 706 4148; x_wconf 80' lang='lat' dir='ltr'><strong>sollertius</strong></span> <span class='ocrx_word' id='word_1_366' title='bbox 740 4088 861 4149; x_wconf 79' lang='lat' dir='ltr'><strong>iubenrli</strong></span> <span class='ocrx_word' id='word_1_367' title='bbox 897 4097 1000 4149; x_wconf 81' lang='lat' dir='ltr'><strong>tratura</strong></span> <span class='ocrx_word' id='word_1_368' title='bbox 1034 4090 1270 4151; x_wconf 83' lang='lat' dir='ltr'><strong>animadvertunt</strong></span> <span class='ocrx_word' id='word_1_369' title='bbox 1309 4110 1395 4171; x_wconf 85' lang='lat' dir='ltr'><strong>posse</strong></span> <span class='ocrx_word' id='word_1_370' title='bbox 1431 4092 1664 4171; x_wconf 75' lang='lat' dir='ltr'><strong>conprebenuie</strong></span> 
     </span>
     <span class='ocr_line' id='line_1_38' title="bbox 286 4184 1633 4271; baseline 0.001 -21"><span class='ocrx_word' id='word_1_371' title='bbox 286 4256 290 4264; x_wconf 56' lang='grc'><em>,</em></span> <span class='ocrx_word' id='word_1_372' title='bbox 344 4197 503 4268; x_wconf 85' lang='lat' dir='ltr'><strong>praecepto</strong></span> <span class='ocrx_word' id='word_1_373' title='bbox 529 4197 646 4269; x_wconf 85' lang='lat' dir='ltr'><strong>ternpus</strong></span> <span class='ocrx_word' id='word_1_374' title='bbox 673 4189 821 4270; x_wconf 89' lang='lat' dir='ltr'><strong>elapsum,</strong></span> <span class='ocrx_word' id='word_1_375' title='bbox 850 4198 883 4251; x_wconf 87' lang='lat' dir='ltr'><strong>ut</strong></span> <span class='ocrx_word' id='word_1_376' title='bbox 911 4199 955 4251; x_wconf 86' lang='lat' dir='ltr'><strong>est</strong></span> <span class='ocrx_word' id='word_1_377' title='bbox 978 4184 1009 4270; x_wconf 84' lang='grc' dir='ltr'><strong><em>ἡ</em></strong></span> <span class='ocrx_word' id='word_1_378' title='bbox 1025 4186 1118 4269; x_wconf 90' lang='grc' dir='ltr'><em>θύρα</em></span> <span class='ocrx_word' id='word_1_379' title='bbox 1146 4192 1346 4260; x_wconf 84' lang='grc' dir='ltr'><em>κεκλείσθω,</em></span> <span class='ocrx_word' id='word_1_380' title='bbox 1377 4193 1455 4271; x_wconf 83' lang='lat' dir='ltr'><strong>quod</strong></span> <span class='ocrx_word' id='word_1_381' title='bbox 1485 4194 1565 4253; x_wconf 89' lang='lat' dir='ltr'><strong>alind</strong></span> <span class='ocrx_word' id='word_1_382' title='bbox 1590 4204 1633 4251; x_wconf 81' lang='lat' dir='ltr'><strong>est</strong></span> 
     </span>
     <span class='ocr_line' id='line_1_39' title="bbox 342 4284 1632 4373; baseline 0.005 -25"><span class='ocrx_word' id='word_1_383' title='bbox 342 4310 428 4370; x_wconf 72' lang='lat' dir='ltr'><strong>ipram</strong></span> <span class='ocrx_word' id='word_1_384' title='bbox 455 4284 476 4370; x_wconf 82' lang='grc' dir='ltr'><strong><em>ἡ</em></strong></span> <span class='ocrx_word' id='word_1_385' title='bbox 498 4285 592 4369; x_wconf 89' lang='grc' dir='ltr'><em>θύρα</em></span> <span class='ocrx_word' id='word_1_386' title='bbox 614 4290 772 4352; x_wconf 77' lang='grc' dir='ltr'><em>πλείσθω.</em></span> <span class='ocrx_word' id='word_1_387' title='bbox 812 4311 879 4352; x_wconf 89' lang='lat' dir='ltr'><strong>nam</strong></span> <span class='ocrx_word' id='word_1_388' title='bbox 902 4292 1050 4354; x_wconf 78' lang='grc' dir='ltr'><em>πλείσθω</em></span> <span class='ocrx_word' id='word_1_389' title='bbox 1073 4312 1138 4353; x_wconf 88' lang='lat' dir='ltr'><strong>enm</strong></span> <span class='ocrx_word' id='word_1_390' title='bbox 1162 4294 1236 4362; x_wconf 72' lang='lat' dir='ltr'><strong>ilico,</strong></span> <span class='ocrx_word' id='word_1_391' title='bbox 1271 4294 1395 4355; x_wconf 76' lang='lat' dir='ltr'><strong>ostentio</strong></span> <span class='ocrx_word' id='word_1_392' title='bbox 1418 4295 1562 4355; x_wconf 85' lang='lat' dir='ltr'><strong>hactenus</strong></span> <span class='ocrx_word' id='word_1_393' title='bbox 1585 4314 1632 4373; x_wconf 89' lang='lat' dir='ltr'><strong>pa-</strong></span> 
     </span>
     <span class='ocr_line' id='line_1_40' title="bbox 343 4391 1632 4475; baseline 0.002 -22"><span class='ocrx_word' id='word_1_394' title='bbox 343 4396 451 4463; x_wconf 85' lang='lat' dir='ltr'><strong>tuisse;</strong></span> <span class='ocrx_word' id='word_1_395' title='bbox 475 4412 542 4454; x_wconf 84' lang='lat' dir='ltr'><strong>eum</strong></span> <span class='ocrx_word' id='word_1_396' title='bbox 566 4412 635 4453; x_wconf 90' lang='lat' dir='ltr'><strong>vere</strong></span> <span class='ocrx_word' id='word_1_397' title='bbox 649 4394 716 4453; x_wconf 74' lang='lat' dir='ltr'><strong>elien</strong></span> <span class='ocrx_word' id='word_1_398' title='bbox 738 4391 935 4463; x_wconf 84' lang='grc' dir='ltr'><em>κεκλείσθω,</em></span> <span class='ocrx_word' id='word_1_399' title='bbox 960 4394 1015 4455; x_wconf 86' lang='lat' dir='ltr'><strong>boc</strong></span> <span class='ocrx_word' id='word_1_400' title='bbox 1038 4398 1161 4475; x_wconf 67' lang='lat' dir='ltr'><strong>bariono,</strong></span> <span class='ocrx_word' id='word_1_401' title='bbox 1187 4405 1218 4455; x_wconf 91' lang='lat' dir='ltr'><strong>ut</strong></span> <span class='ocrx_word' id='word_1_402' title='bbox 1240 4394 1396 4456; x_wconf 85' lang='lat' dir='ltr'><strong>claudendi</strong></span> <span class='ocrx_word' id='word_1_403' title='bbox 1420 4396 1549 4456; x_wconf 83' lang='lat' dir='ltr'><strong>officium</strong></span> <span class='ocrx_word' id='word_1_404' title='bbox 1574 4398 1632 4455; x_wconf 88' lang='lat' dir='ltr'><strong>iarn</strong></span> 
     </span>
     <span class='ocr_line' id='line_1_41' title="bbox 341 4493 1633 4576; baseline 0.002 -22"><span class='ocrx_word' id='word_1_405' title='bbox 341 4505 494 4573; x_wconf 87' lang='lat' dir='ltr'><strong>peractum</strong></span> <span class='ocrx_word' id='word_1_406' title='bbox 519 4493 522 4574; x_wconf 76' lang='grc' dir='ltr'>Ι</span> <span class='ocrx_word' id='word_1_407' title='bbox 546 4498 595 4555; x_wconf 87' lang='lat' dir='ltr'><strong>sit.</strong></span> <span class='ocrx_word' id='word_1_408' title='bbox 639 4496 717 4575; x_wconf 76' lang='lat' dir='ltr'><strong>quoti</strong></span> <span class='ocrx_word' id='word_1_409' title='bbox 747 4504 777 4554; x_wconf 92' lang='lat' dir='ltr'><strong>et</strong></span> <span class='ocrx_word' id='word_1_410' title='bbox 805 4496 935 4555; x_wconf 86' lang='lat' dir='ltr'><strong>latinitas</strong></span> <span class='ocrx_word' id='word_1_411' title='bbox 963 4495 1125 4556; x_wconf 75' lang='lat' dir='ltr'><strong>iubentium</strong></span> <span class='ocrx_word' id='word_1_412' title='bbox 1155 4500 1248 4565; x_wconf 84' lang='lat' dir='ltr'><strong>rrovit,</strong></span> <span class='ocrx_word' id='word_1_413' title='bbox 1273 4516 1340 4558; x_wconf 89' lang='lat' dir='ltr'><strong>rum</strong></span> <span class='ocrx_word' id='word_1_414' title='bbox 1362 4496 1633 4576; x_wconf 75' lang='grc' dir='ltr'><em>περιφραστιιιως</em></span> 
     </span>
     <span class='ocr_line' id='line_1_42' title="bbox 342 4597 1664 4680; baseline -0.001 -23"><span class='ocrx_word' id='word_1_415' title='bbox 342 4597 414 4657; x_wconf 86' lang='lat' dir='ltr'><strong>dicit</strong></span> <span class='ocrx_word' id='word_1_416' title='bbox 436 4600 561 4658; x_wconf 76' lang='lat' dir='ltr'><strong>‘ostium</strong></span> <span class='ocrx_word' id='word_1_417' title='bbox 588 4598 719 4658; x_wconf 84' lang='lat' dir='ltr'><strong>clausrun</strong></span> <span class='ocrx_word' id='word_1_418' title='bbox 748 4598 816 4659; x_wconf 87' lang='lat' dir='ltr'><strong>sit&#39;.</strong></span> <span class='ocrx_word' id='word_1_419' title='bbox 861 4598 931 4659; x_wconf 86' lang='lat' dir='ltr'><strong>birc</strong></span> <span class='ocrx_word' id='word_1_420' title='bbox 959 4601 1016 4659; x_wconf 91' lang='lat' dir='ltr'><strong>iam</strong></span> <span class='ocrx_word' id='word_1_421' title='bbox 1045 4600 1218 4678; x_wconf 87' lang='lat' dir='ltr'><strong>peremnia</strong></span> <span class='ocrx_word' id='word_1_422' title='bbox 1247 4602 1399 4680; x_wconf 86' lang='lat' dir='ltr'><strong>praeteriti</strong></span> <span class='ocrx_word' id='word_1_423' title='bbox 1422 4607 1555 4677; x_wconf 89' lang='lat' dir='ltr'><strong>tempera</strong></span> <span class='ocrx_word' id='word_1_424' title='bbox 1581 4598 1664 4659; x_wconf 81' lang='grc' dir='ltr'><em>δεϊ</em></span> 
     </span>
    </p>
   </div>
   <div class='ocr_carea' id='block_1_3' title="bbox 339 4782 1629 4985">
    <p class='ocr_par' dir='ltr' id='par_1_3' title="bbox 339 4782 1631 4985">
     <span class='ocr_line' id='line_1_43' title="bbox 408 4782 1629 4849; baseline 0.001 -17"><span class='ocrx_word' id='word_1_425' title='bbox 408 4785 472 4833; x_wconf 76' lang='lat' dir='ltr'><strong>bad</strong></span> <span class='ocrx_word' id='word_1_426' title='bbox 495 4786 639 4849; x_wconf 75' lang='lat' dir='ltr'><strong>uerbapa</strong></span> <span class='ocrx_word' id='word_1_427' title='bbox 661 4786 783 4832; x_wconf 74' lang='lat' dir='ltr'><strong>uerlioP</strong></span> <span class='ocrx_word' id='word_1_428' title='bbox 848 4784 992 4847; x_wconf 79' lang='grc' dir='ltr'><em>θθεΐναι]</em></span> <span class='ocrx_word' id='word_1_429' title='bbox 1010 4784 1095 4835; x_wconf 83' lang='grc' dir='ltr'><em>θιναι</em></span> <span class='ocrx_word' id='word_1_430' title='bbox 1115 4786 1140 4833; x_wconf 88' lang='grc' dir='ltr'><em>Ρ</em></span> <span class='ocrx_word' id='word_1_431' title='bbox 1206 4782 1366 4835; x_wconf 80' lang='grc' dir='ltr'><em>9λειολιιιῬ</em></span> <span class='ocrx_word' id='word_1_432' title='bbox 1433 4787 1464 4833; x_wconf 88' lang='lat' dir='ltr'><strong>l&#39;l</strong></span> <span class='ocrx_word' id='word_1_433' title='bbox 1484 4782 1629 4848; x_wconf 72' lang='lat' dir='ltr'><strong>Vergilius]</strong></span> 
     </span>
     <span class='ocr_line' id='line_1_44' title="bbox 339 4852 1485 4985; baseline 0.002 -18"><span class='ocrx_word' id='word_1_434' title='bbox 339 4853 812 4985; x_wconf 56' lang='lat' dir='ltr'><strong>rurconcensus</strong></span> <span class='ocrx_word' id='word_1_435' title='bbox 843 4852 1159 4985; x_wconf 65' lang='lat' dir='ltr'><strong>unmarr</strong></span> <span class='ocrx_word' id='word_1_436' title='bbox 1307 4854 1337 4903; x_wconf 74' lang='lat'><strong>⁶·</strong></span> <span class='ocrx_word' id='word_1_437' title='bbox 1358 4855 1388 4902; x_wconf 73' lang='lat'><strong>¹⁸</strong></span> <span class='ocrx_word' id='word_1_438' title='bbox 1454 4854 1485 4904; x_wconf 73' lang='lat'><strong>21</strong></span> 
     </span>
    </p>
   </div>
   <div class='ocr_carea' id='block_1_4' title="bbox 0 0 1768 5600">
    <p class='ocr_par' dir='ltr' id='par_1_4' title="bbox 0 0 1768 5600">
     <span class='ocr_line' id='line_1_45' title="bbox 0 0 1768 5600; baseline 0 6"><span class='ocrx_word' id='word_1_439' title='bbox 0 0 1768 5600; x_wconf 95' lang='lat' dir='ltr'><strong> </strong></span> 
     </span>
    </p>
   </div>
  </div>
 </body>
</html>
