<?xml version="1.0" encoding="UTF-8"?>
<!DOCTYPE html PUBLIC "-//W3C//DTD XHTML 1.0 Transitional//EN"
    "http://www.w3.org/TR/xhtml1/DTD/xhtml1-transitional.dtd">
<html xmlns="http://www.w3.org/1999/xhtml" xml:lang="en" lang="en">
 <head>
  <title>
</title>
<meta http-equiv="Content-Type" content="text/html;charset=utf-8" />
  <meta name='ocr-system' content='tesseract 3.04.00' />
  <meta name='ocr-capabilities' content='ocr_page ocr_carea ocr_par ocr_line ocrx_word'/>
</head>
<body>
  <div class='ocr_page' id='page_1' title='image "./grammaticilatin03hagagoog_0505.png"; bbox 0 0 3525 5600; ppageno 0'>
   <div class='ocr_carea' id='block_1_1' title="bbox 745 378 1429 444">
    <p class='ocr_par' dir='ltr' id='par_1_1' title="bbox 745 378 1429 444">
     <span class='ocr_line' id='line_1_1' title="bbox 745 378 1429 444; baseline 0.004 -4"><span class='ocrx_word' id='word_1_1' title='bbox 745 379 817 441; x_wconf 80' lang='lat' dir='ltr'>ARS</span> <span class='ocrx_word' id='word_1_2' title='bbox 1365 378 1429 444; x_wconf 81' lang='lat'>495</span> 
     </span>
    </p>
   </div>
   <div class='ocr_carea' id='block_1_2' title="bbox 170 485 1402 542">
    <p class='ocr_par' dir='ltr' id='par_1_2' title="bbox 170 485 1402 542">
     <span class='ocr_line' id='line_1_2' title="bbox 170 485 1402 542; baseline 0.002 -15"><span class='ocrx_word' id='word_1_3' title='bbox 170 485 284 540; x_wconf 68' lang='lat' dir='ltr'>pmm</span> <span class='ocrx_word' id='word_1_4' title='bbox 1293 490 1402 542; x_wconf 68' lang='lat' dir='ltr'>pum</span> 
     </span>
    </p>
   </div>
   <div class='ocr_carea' id='block_1_3' title="bbox 147 567 1426 649">
    <p class='ocr_par' dir='ltr' id='par_1_3' title="bbox 147 567 1426 649">
     <span class='ocr_line' id='line_1_3' title="bbox 147 567 1426 649; baseline 0.002 -21"><span class='ocrx_word' id='word_1_5' title='bbox 147 567 227 628; x_wconf 90' lang='lat' dir='ltr'>sendi</span> <span class='ocrx_word' id='word_1_6' title='bbox 250 575 280 628; x_wconf 89' lang='lat' dir='ltr'>et</span> <span class='ocrx_word' id='word_1_7' title='bbox 301 568 427 628; x_wconf 88' lang='lat' dir='ltr'>essendo</span> <span class='ocrx_word' id='word_1_8' title='bbox 449 575 479 628; x_wconf 90' lang='lat' dir='ltr'>et</span> <span class='ocrx_word' id='word_1_9' title='bbox 500 568 659 630; x_wconf 88' lang='lat' dir='ltr'>essendum</span> <span class='ocrx_word' id='word_1_10' title='bbox 681 576 711 628; x_wconf 91' lang='lat' dir='ltr'>et</span> <span class='ocrx_word' id='word_1_11' title='bbox 732 585 834 630; x_wconf 84' lang='lat' dir='ltr'>essens</span> <span class='ocrx_word' id='word_1_12' title='bbox 856 568 1013 638; x_wconf 85' lang='lat' dir='ltr'>dixerunt,</span> <span class='ocrx_word' id='word_1_13' title='bbox 1042 587 1131 649; x_wconf 88' lang='lat' dir='ltr'>quem</span> <span class='ocrx_word' id='word_1_14' title='bbox 1154 570 1331 631; x_wconf 90' lang='lat' dir='ltr'>admodum</span> <span class='ocrx_word' id='word_1_15' title='bbox 1353 571 1426 631; x_wconf 92' lang='lat' dir='ltr'>scri·</span> 
     </span>
    </p>
   </div>
   <div class='ocr_carea' id='block_1_4' title="bbox 148 652 1018 774">
    <p class='ocr_par' dir='ltr' id='par_1_4' title="bbox 148 652 1018 774">
     <span class='ocr_line' id='line_1_4' title="bbox 148 652 1018 774; baseline -0.005 -58"><span class='ocrx_word' id='word_1_16' title='bbox 148 653 232 716; x_wconf 90' lang='lat' dir='ltr'>heudi</span> <span class='ocrx_word' id='word_1_17' title='bbox 254 652 412 714; x_wconf 84' lang='lat' dir='ltr'>scribendo</span> <span class='ocrx_word' id='word_1_18' title='bbox 435 652 624 774; x_wconf 64' lang='lat' dir='ltr'>scribendum</span> <span class='ocrx_word' id='word_1_19' title='bbox 648 652 795 774; x_wconf 50' lang='lat' dir='ltr'>scribenp</span> <span class='ocrx_word' id='word_1_20' title='bbox 1000 735 1018 773; x_wconf 58' lang='lat'><strong>*</strong></span> 
     </span>
    </p>
   </div>
   <div class='ocr_carea' id='block_1_5' title="bbox 641 923 926 988">
    <p class='ocr_par' dir='ltr' id='par_1_5' title="bbox 641 923 926 988">
     <span class='ocr_line' id='line_1_5' title="bbox 641 923 926 988; baseline 0.007 -2"><span class='ocrx_word' id='word_1_21' title='bbox 641 925 690 986; x_wconf 76' lang='grc' dir='ltr'>ΒΕ</span> <span class='ocrx_word' id='word_1_22' title='bbox 713 923 926 988; x_wconf 74' lang='lat' dir='ltr'>Plurimum</span> 
     </span>
    </p>
   </div>
   <div class='ocr_carea' id='block_1_6' title="bbox 114 1009 1427 2180">
    <p class='ocr_par' dir='ltr' id='par_1_6' title="bbox 114 1009 1427 2180">
     <span class='ocr_line' id='line_1_6' title="bbox 169 1009 1400 1064; baseline 0.001 -13"><span class='ocrx_word' id='word_1_23' title='bbox 169 1009 280 1064; x_wconf 64' lang='lat' dir='ltr'>amm</span> <span class='ocrx_word' id='word_1_24' title='bbox 1135 1044 1145 1051; x_wconf 86' lang='lat'><em>.</em></span> <span class='ocrx_word' id='word_1_25' title='bbox 1244 1010 1400 1062; x_wconf 63' lang='lat' dir='ltr'>pamm</span> 
     </span>
     <span class='ocr_line' id='line_1_7' title="bbox 225 1079 1426 1161; baseline 0 -19"><span class='ocrx_word' id='word_1_26' title='bbox 225 1081 301 1142; x_wconf 89' lang='lat' dir='ltr'>Sunt</span> <span class='ocrx_word' id='word_1_27' title='bbox 322 1080 466 1161; x_wconf 80' lang='lat' dir='ltr'>qrraedam</span> <span class='ocrx_word' id='word_1_28' title='bbox 488 1082 647 1160; x_wconf 91' lang='lat' dir='ltr'>participia</span> <span class='ocrx_word' id='word_1_29' title='bbox 670 1079 773 1140; x_wconf 86' lang='lat' dir='ltr'>eadem</span> <span class='ocrx_word' id='word_1_30' title='bbox 797 1089 826 1140; x_wconf 86' lang='lat' dir='ltr'>ct</span> <span class='ocrx_word' id='word_1_31' title='bbox 849 1084 981 1150; x_wconf 90' lang='lat' dir='ltr'>nomina,</span> <span class='ocrx_word' id='word_1_32' title='bbox 1005 1088 1038 1140; x_wconf 92' lang='lat' dir='ltr'>ut</span> <span class='ocrx_word' id='word_1_33' title='bbox 1060 1080 1155 1141; x_wconf 90' lang='lat' dir='ltr'>cultus</span> <span class='ocrx_word' id='word_1_34' title='bbox 1177 1087 1208 1140; x_wconf 91' lang='lat' dir='ltr'>et</span> <span class='ocrx_word' id='word_1_35' title='bbox 1229 1083 1355 1160; x_wconf 89' lang='lat' dir='ltr'>sapiens,</span> <span class='ocrx_word' id='word_1_36' title='bbox 1379 1101 1426 1142; x_wconf 91' lang='lat' dir='ltr'>ra·</span> 
     </span>
     <span class='ocr_line' id='line_1_8' title="bbox 124 1164 1426 1246; baseline -0.001 -18"><span class='ocrx_word' id='word_1_37' title='bbox 124 1171 220 1234; x_wconf 71' lang='lat' dir='ltr'>atione</span> <span class='ocrx_word' id='word_1_38' title='bbox 249 1167 374 1227; x_wconf 84' lang='lat' dir='ltr'>diversa.</span> <span class='ocrx_word' id='word_1_39' title='bbox 419 1184 485 1226; x_wconf 92' lang='lat' dir='ltr'>nam</span> <span class='ocrx_word' id='word_1_40' title='bbox 519 1164 615 1226; x_wconf 88' lang='lat' dir='ltr'>cultus</span> <span class='ocrx_word' id='word_1_41' title='bbox 643 1182 715 1224; x_wconf 90' lang='lat' dir='ltr'>casu</span> <span class='ocrx_word' id='word_1_42' title='bbox 743 1167 888 1242; x_wconf 87' lang='lat' dir='ltr'>genetivo·</span> <span class='ocrx_word' id='word_1_43' title='bbox 907 1166 1106 1226; x_wconf 85' lang='lat' dir='ltr'>discernitur:</span> <span class='ocrx_word' id='word_1_44' title='bbox 1130 1168 1324 1246; x_wconf 76' lang='lat' dir='ltr'>aparticipio</span> <span class='ocrx_word' id='word_1_45' title='bbox 1346 1169 1426 1227; x_wconf 89' lang='lat' dir='ltr'>enim</span> 
     </span>
     <span class='ocr_line' id='line_1_9' title="bbox 146 1245 1425 1321; baseline -0.002 -7"><span class='ocrx_word' id='word_1_46' title='bbox 146 1254 230 1314; x_wconf 88' lang='lat' dir='ltr'>huius</span> <span class='ocrx_word' id='word_1_47' title='bbox 256 1253 327 1314; x_wconf 92' lang='lat' dir='ltr'>culti</span> <span class='ocrx_word' id='word_1_48' title='bbox 354 1252 439 1320; x_wconf 88' lang='lat' dir='ltr'>iacit,</span> <span class='ocrx_word' id='word_1_49' title='bbox 470 1253 550 1311; x_wconf 90' lang='lat' dir='ltr'>venit</span> <span class='ocrx_word' id='word_1_50' title='bbox 576 1257 676 1312; x_wconf 86' lang='lat' dir='ltr'>autern</span> <span class='ocrx_word' id='word_1_51' title='bbox 705 1268 721 1308; x_wconf 93' lang='lat' dir='ltr'>a</span> <span class='ocrx_word' id='word_1_52' title='bbox 749 1249 839 1310; x_wconf 84' lang='lat' dir='ltr'>verbo</span> <span class='ocrx_word' id='word_1_53' title='bbox 867 1250 948 1311; x_wconf 90' lang='lat' dir='ltr'>color</span> <span class='ocrx_word' id='word_1_54' title='bbox 977 1245 1084 1310; x_wconf 83' lang='lat' dir='ltr'>coleris</span> <span class='ocrx_word' id='word_1_55' title='bbox 1110 1251 1233 1321; x_wconf 91' lang='lat' dir='ltr'>colitur;</span> <span class='ocrx_word' id='word_1_56' title='bbox 1262 1270 1278 1311; x_wconf 92' lang='lat' dir='ltr'>a</span> <span class='ocrx_word' id='word_1_57' title='bbox 1307 1255 1425 1312; x_wconf 91' lang='lat' dir='ltr'>nomine</span> 
     </span>
     <span class='ocr_line' id='line_1_10' title="bbox 146 1335 1425 1416; baseline -0.002 -17"><span class='ocrx_word' id='word_1_58' title='bbox 146 1346 239 1399; x_wconf 84' lang='lat' dir='ltr'>autam</span> <span class='ocrx_word' id='word_1_59' title='bbox 260 1336 349 1397; x_wconf 84' lang='lat' dir='ltr'>huius</span> <span class='ocrx_word' id='word_1_60' title='bbox 379 1337 473 1397; x_wconf 88' lang='lat' dir='ltr'>cultus</span> <span class='ocrx_word' id='word_1_61' title='bbox 501 1337 580 1396; x_wconf 89' lang='lat' dir='ltr'>lacit.</span> <span class='ocrx_word' id='word_1_62' title='bbox 626 1336 743 1414; x_wconf 89' lang='lat' dir='ltr'>sapiens</span> <span class='ocrx_word' id='word_1_63' title='bbox 771 1353 841 1395; x_wconf 88' lang='lat' dir='ltr'>vero</span> <span class='ocrx_word' id='word_1_64' title='bbox 869 1335 935 1396; x_wconf 93' lang='lat' dir='ltr'>ideo</span> <span class='ocrx_word' id='word_1_65' title='bbox 958 1338 1046 1396; x_wconf 90' lang='lat' dir='ltr'>etiam</span> <span class='ocrx_word' id='word_1_66' title='bbox 1067 1354 1177 1396; x_wconf 90' lang='lat' dir='ltr'>nomen</span> <span class='ocrx_word' id='word_1_67' title='bbox 1197 1337 1324 1413; x_wconf 89' lang='lat' dir='ltr'>dicitur,</span> <span class='ocrx_word' id='word_1_68' title='bbox 1346 1337 1425 1416; x_wconf 91' lang='lat' dir='ltr'>quod</span> 
     </span>
     <span class='ocr_line' id='line_1_11' title="bbox 145 1421 1424 1502; baseline -0.002 -19"><span class='ocrx_word' id='word_1_69' title='bbox 145 1424 249 1502; x_wconf 85' lang='lat' dir='ltr'>recipit</span> <span class='ocrx_word' id='word_1_70' title='bbox 272 1424 528 1502; x_wconf 81' lang='lat' dir='ltr'>conparationem:</span> <span class='ocrx_word' id='word_1_71' title='bbox 553 1422 625 1481; x_wconf 90' lang='lat' dir='ltr'>lacit</span> <span class='ocrx_word' id='word_1_72' title='bbox 647 1421 726 1480; x_wconf 91' lang='lat' dir='ltr'>enim</span> <span class='ocrx_word' id='word_1_73' title='bbox 749 1422 867 1498; x_wconf 89' lang='lat' dir='ltr'>sapiens</span> <span class='ocrx_word' id='word_1_74' title='bbox 890 1422 1053 1500; x_wconf 77' lang='lat' dir='ltr'>sapientior</span> <span class='ocrx_word' id='word_1_75' title='bbox 1074 1422 1319 1499; x_wconf 89' lang='lat' dir='ltr'>sapientissimus.</span> <span class='ocrx_word' id='word_1_76' title='bbox 1349 1440 1424 1501; x_wconf 89' lang='lat' dir='ltr'>quae</span> 
     </span>
     <span class='ocr_line' id='line_1_12' title="bbox 146 1506 1424 1586; baseline -0.002 -18"><span class='ocrx_word' id='word_1_77' title='bbox 146 1510 216 1568; x_wconf 89' lang='lat' dir='ltr'>ratio</span> <span class='ocrx_word' id='word_1_78' title='bbox 238 1508 309 1568; x_wconf 91' lang='lat' dir='ltr'>mihi</span> <span class='ocrx_word' id='word_1_79' title='bbox 333 1525 392 1567; x_wconf 95' lang='lat' dir='ltr'>non</span> <span class='ocrx_word' id='word_1_80' title='bbox 415 1506 572 1568; x_wconf 86' lang='lat' dir='ltr'>admodum</span> <span class='ocrx_word' id='word_1_81' title='bbox 600 1507 718 1584; x_wconf 67' lang='lat' dir='ltr'>placet,</span> <span class='ocrx_word' id='word_1_82' title='bbox 751 1523 818 1566; x_wconf 91' lang='lat' dir='ltr'>nam</span> <span class='ocrx_word' id='word_1_83' title='bbox 847 1515 876 1564; x_wconf 90' lang='lat' dir='ltr'>et</span> <span class='ocrx_word' id='word_1_84' title='bbox 903 1507 1059 1585; x_wconf 90' lang='lat' dir='ltr'>participia</span> <span class='ocrx_word' id='word_1_85' title='bbox 1081 1506 1218 1566; x_wconf 87' lang='lat' dir='ltr'>videntur</span> <span class='ocrx_word' id='word_1_86' title='bbox 1240 1509 1424 1586; x_wconf 92' lang='lat' dir='ltr'>conparatio·</span> 
     </span>
     <span class='ocr_line' id='line_1_13' title="bbox 114 1591 1424 1671; baseline -0.002 -17"><span class='ocrx_word' id='word_1_87' title='bbox 114 1612 209 1658; x_wconf 68' lang='lat' dir='ltr'>ranem</span> <span class='ocrx_word' id='word_1_88' title='bbox 237 1594 386 1671; x_wconf 87' lang='lat' dir='ltr'>recipere,</span> <span class='ocrx_word' id='word_1_89' title='bbox 416 1594 440 1652; x_wconf 89' lang='lat' dir='ltr'>si</span> <span class='ocrx_word' id='word_1_90' title='bbox 470 1591 611 1671; x_wconf 90' lang='lat' dir='ltr'>loquendi</span> <span class='ocrx_word' id='word_1_91' title='bbox 640 1591 822 1650; x_wconf 89' lang='lat' dir='ltr'>consuetudo</span> <span class='ocrx_word' id='word_1_92' title='bbox 849 1594 1002 1670; x_wconf 86' lang='lat' dir='ltr'>permittat</span> <span class='ocrx_word' id='word_1_93' title='bbox 1030 1591 1073 1650; x_wconf 84' lang='lat' dir='ltr'>vel</span> <span class='ocrx_word' id='word_1_94' title='bbox 1097 1591 1232 1651; x_wconf 88' lang='lat' dir='ltr'>hortetur</span> <span class='ocrx_word' id='word_1_95' title='bbox 1254 1594 1424 1661; x_wconf 88' lang='lat' dir='ltr'>auctoritas,</span> 
     </span>
     <span class='ocr_line' id='line_1_14' title="bbox 145 1676 1426 1756; baseline -0.002 -18"><span class='ocrx_word' id='word_1_96' title='bbox 145 1677 192 1738; x_wconf 90' lang='lat' dir='ltr'>sed</span> <span class='ocrx_word' id='word_1_97' title='bbox 220 1684 333 1738; x_wconf 89' lang='lat' dir='ltr'>tautum</span> <span class='ocrx_word' id='word_1_98' title='bbox 363 1679 517 1755; x_wconf 87' lang='lat' dir='ltr'>praeteriti</span> <span class='ocrx_word' id='word_1_99' title='bbox 545 1677 700 1754; x_wconf 90' lang='lat' dir='ltr'>temporis:</span> <span class='ocrx_word' id='word_1_100' title='bbox 743 1693 811 1735; x_wconf 92' lang='lat' dir='ltr'>nam</span> <span class='ocrx_word' id='word_1_101' title='bbox 840 1677 898 1736; x_wconf 94' lang='lat' dir='ltr'>duo</span> <span class='ocrx_word' id='word_1_102' title='bbox 925 1677 1024 1736; x_wconf 88' lang='lat' dir='ltr'>lutura</span> <span class='ocrx_word' id='word_1_103' title='bbox 1053 1695 1112 1736; x_wconf 93' lang='lat' dir='ltr'>uon</span> <span class='ocrx_word' id='word_1_104' title='bbox 1146 1676 1314 1736; x_wconf 88' lang='lat' dir='ltr'>admittunt.</span> <span class='ocrx_word' id='word_1_105' title='bbox 1359 1679 1426 1756; x_wconf 90' lang='lat' dir='ltr'>quis</span> 
     </span>
     <span class='ocr_line' id='line_1_15' title="bbox 145 1760 1426 1840; baseline -0.001 -18"><span class='ocrx_word' id='word_1_106' title='bbox 145 1766 220 1822; x_wconf 83' lang='lat' dir='ltr'>onim</span> <span class='ocrx_word' id='word_1_107' title='bbox 242 1780 300 1823; x_wconf 93' lang='lat' dir='ltr'>non</span> <span class='ocrx_word' id='word_1_108' title='bbox 324 1762 411 1822; x_wconf 87' lang='lat' dir='ltr'>audet</span> <span class='ocrx_word' id='word_1_109' title='bbox 433 1762 531 1822; x_wconf 85' lang='lat' dir='ltr'>dicere</span> <span class='ocrx_word' id='word_1_110' title='bbox 555 1762 785 1830; x_wconf 89' lang='lat' dir='ltr'>armatissimus,</span> <span class='ocrx_word' id='word_1_111' title='bbox 815 1761 894 1840; x_wconf 87' lang='lat' dir='ltr'>quod</span> <span class='ocrx_word' id='word_1_112' title='bbox 917 1760 1032 1822; x_wconf 87' lang='lat' dir='ltr'>Tullius</span> <span class='ocrx_word' id='word_1_113' title='bbox 1054 1762 1112 1820; x_wconf 80' lang='lat' dir='ltr'>ait?</span> <span class='ocrx_word' id='word_1_114' title='bbox 1134 1779 1189 1820; x_wconf 86' lang='lat' dir='ltr'>nec</span> <span class='ocrx_word' id='word_1_115' title='bbox 1212 1768 1309 1822; x_wconf 88' lang='lat' dir='ltr'>tamen</span> <span class='ocrx_word' id='word_1_116' title='bbox 1332 1779 1426 1822; x_wconf 86' lang='lat' dir='ltr'>arma-</span> 
     </span>
     <span class='ocr_line' id='line_1_16' title="bbox 146 1845 1424 1925; baseline -0.003 -17"><span class='ocrx_word' id='word_1_117' title='bbox 146 1850 237 1908; x_wconf 89' lang='lat' dir='ltr'>turior</span> <span class='ocrx_word' id='word_1_118' title='bbox 260 1855 310 1908; x_wconf 90' lang='lat' dir='ltr'>aut</span> <span class='ocrx_word' id='word_1_119' title='bbox 333 1847 503 1907; x_wconf 89' lang='lat' dir='ltr'>armandior</span> <span class='ocrx_word' id='word_1_120' title='bbox 525 1846 561 1906; x_wconf 92' lang='lat' dir='ltr'>ab</span> <span class='ocrx_word' id='word_1_121' title='bbox 585 1845 720 1925; x_wconf 90' lang='lat' dir='ltr'>eoquod</span> <span class='ocrx_word' id='word_1_122' title='bbox 743 1853 788 1904; x_wconf 89' lang='lat' dir='ltr'>est</span> <span class='ocrx_word' id='word_1_123' title='bbox 811 1853 978 1907; x_wconf 87' lang='lat' dir='ltr'>armaturus</span> <span class='ocrx_word' id='word_1_124' title='bbox 1001 1854 1032 1905; x_wconf 88' lang='lat' dir='ltr'>ct</span> <span class='ocrx_word' id='word_1_125' title='bbox 1054 1846 1212 1906; x_wconf 90' lang='lat' dir='ltr'>armandus</span> <span class='ocrx_word' id='word_1_126' title='bbox 1234 1846 1293 1906; x_wconf 92' lang='lat' dir='ltr'>dici</span> <span class='ocrx_word' id='word_1_127' title='bbox 1316 1853 1424 1925; x_wconf 90' lang='lat' dir='ltr'>potest.</span> 
     </span>
     <span class='ocr_line' id='line_1_17' title="bbox 145 1931 1425 2012; baseline -0.002 -19"><span class='ocrx_word' id='word_1_128' title='bbox 145 1932 219 2012; x_wconf 88' lang='lat' dir='ltr'>quod</span> <span class='ocrx_word' id='word_1_129' title='bbox 243 1932 393 1993; x_wconf 90' lang='lat' dir='ltr'>latendum</span> <span class='ocrx_word' id='word_1_130' title='bbox 417 1940 477 2000; x_wconf 86' lang='lat' dir='ltr'>est,</span> <span class='ocrx_word' id='word_1_131' title='bbox 501 1933 526 1991; x_wconf 94' lang='lat' dir='ltr'>si</span> <span class='ocrx_word' id='word_1_132' title='bbox 543 1949 610 1991; x_wconf 89' lang='lat' dir='ltr'>cum</span> <span class='ocrx_word' id='word_1_133' title='bbox 627 1939 761 2010; x_wconf 89' lang='lat' dir='ltr'>tempore</span> <span class='ocrx_word' id='word_1_134' title='bbox 786 1932 970 2010; x_wconf 83' lang='lat' dir='ltr'>accipiantur</span> <span class='ocrx_word' id='word_1_135' title='bbox 991 1933 1163 2010; x_wconf 88' lang='lat' dir='ltr'>participia,</span> <span class='ocrx_word' id='word_1_136' title='bbox 1187 1931 1309 1991; x_wconf 87' lang='lat' dir='ltr'>diliicile</span> <span class='ocrx_word' id='word_1_137' title='bbox 1324 1931 1425 1992; x_wconf 85' lang='lat' dir='ltr'>viden·</span> 
     </span>
     <span class='ocr_line' id='line_1_18' title="bbox 114 2015 1427 2096; baseline -0.002 -18"><span class='ocrx_word' id='word_1_138' title='bbox 114 2041 133 2079; x_wconf 79' lang='lat' dir='ltr'>e</span> <span class='ocrx_word' id='word_1_139' title='bbox 146 2027 189 2078; x_wconf 90' lang='lat' dir='ltr'>tur</span> <span class='ocrx_word' id='word_1_140' title='bbox 211 2035 298 2096; x_wconf 88' lang='lat' dir='ltr'>posse</span> <span class='ocrx_word' id='word_1_141' title='bbox 321 2019 562 2096; x_wconf 86' lang='lat' dir='ltr'>conparationem</span> <span class='ocrx_word' id='word_1_142' title='bbox 584 2018 730 2094; x_wconf 86' lang='lat' dir='ltr'>recipere.</span> <span class='ocrx_word' id='word_1_143' title='bbox 775 2034 842 2076; x_wconf 85' lang='lat' dir='ltr'>narn</span> <span class='ocrx_word' id='word_1_144' title='bbox 866 2024 896 2075; x_wconf 90' lang='lat' dir='ltr'>et</span> <span class='ocrx_word' id='word_1_145' title='bbox 917 2016 991 2076; x_wconf 92' lang='lat' dir='ltr'>illud</span> <span class='ocrx_word' id='word_1_146' title='bbox 1013 2015 1090 2094; x_wconf 88' lang='lat' dir='ltr'>quod</span> <span class='ocrx_word' id='word_1_147' title='bbox 1113 2015 1225 2076; x_wconf 90' lang='lat' dir='ltr'>cultum</span> <span class='ocrx_word' id='word_1_148' title='bbox 1247 2017 1359 2076; x_wconf 92' lang='lat' dir='ltr'>dictum</span> <span class='ocrx_word' id='word_1_149' title='bbox 1381 2023 1427 2076; x_wconf 88' lang='lat' dir='ltr'>est</span> 
     </span>
     <span class='ocr_line' id='line_1_19' title="bbox 144 2099 1426 2180; baseline -0.001 -18"><span class='ocrx_word' id='word_1_150' title='bbox 144 2105 211 2163; x_wconf 88' lang='lat' dir='ltr'>lacit</span> <span class='ocrx_word' id='word_1_151' title='bbox 233 2101 340 2162; x_wconf 87' lang='lat' dir='ltr'>cultior</span> <span class='ocrx_word' id='word_1_152' title='bbox 362 2109 392 2161; x_wconf 90' lang='lat' dir='ltr'>et</span> <span class='ocrx_word' id='word_1_153' title='bbox 413 2102 603 2162; x_wconf 90' lang='lat' dir='ltr'>cultissimus.</span> <span class='ocrx_word' id='word_1_154' title='bbox 649 2100 701 2160; x_wconf 90' lang='lat' dir='ltr'>sed</span> <span class='ocrx_word' id='word_1_155' title='bbox 729 2101 754 2160; x_wconf 90' lang='lat' dir='ltr'>si</span> <span class='ocrx_word' id='word_1_156' title='bbox 784 2099 819 2161; x_wconf 92' lang='lat' dir='ltr'>ad</span> <span class='ocrx_word' id='word_1_157' title='bbox 847 2107 965 2180; x_wconf 91' lang='lat' dir='ltr'>tempus</span> <span class='ocrx_word' id='word_1_158' title='bbox 991 2102 1187 2179; x_wconf 88' lang='lat' dir='ltr'>praeteritum</span> <span class='ocrx_word' id='word_1_159' title='bbox 1213 2101 1342 2170; x_wconf 86' lang='lat' dir='ltr'>releras,</span> <span class='ocrx_word' id='word_1_160' title='bbox 1366 2120 1426 2161; x_wconf 91' lang='lat' dir='ltr'>nou</span> 
     </span>
    </p>
   </div>
   <div class='ocr_carea' id='block_1_7' title="bbox 144 2183 1538 2272">
    <p class='ocr_par' dir='ltr' id='par_1_7' title="bbox 144 2183 1538 2272">
     <span class='ocr_line' id='line_1_20' title="bbox 144 2183 1538 2272; baseline -0.001 -24"><span class='ocrx_word' id='word_1_161' title='bbox 144 2189 221 2248; x_wconf 87' lang='lat' dir='ltr'>iacit.</span> <span class='ocrx_word' id='word_1_162' title='bbox 266 2185 363 2248; x_wconf 88' lang='lat' dir='ltr'>cultus</span> <span class='ocrx_word' id='word_1_163' title='bbox 385 2189 465 2246; x_wconf 87' lang='lat' dir='ltr'>enim</span> <span class='ocrx_word' id='word_1_164' title='bbox 489 2203 559 2263; x_wconf 87' lang='lat' dir='ltr'>ager</span> <span class='ocrx_word' id='word_1_165' title='bbox 581 2203 618 2245; x_wconf 84' lang='lat' dir='ltr'>ex</span> <span class='ocrx_word' id='word_1_166' title='bbox 640 2188 705 2265; x_wconf 93' lang='lat' dir='ltr'>ipso</span> <span class='ocrx_word' id='word_1_167' title='bbox 728 2183 831 2246; x_wconf 88' lang='lat' dir='ltr'>habitu</span> <span class='ocrx_word' id='word_1_168' title='bbox 854 2203 908 2246; x_wconf 89' lang='lat' dir='ltr'>suo</span> <span class='ocrx_word' id='word_1_169' title='bbox 929 2184 1026 2246; x_wconf 85' lang='lat' dir='ltr'>cultus</span> <span class='ocrx_word' id='word_1_170' title='bbox 1049 2193 1111 2255; x_wconf 87' lang='lat' dir='ltr'>cst;</span> <span class='ocrx_word' id='word_1_171' title='bbox 1141 2187 1166 2244; x_wconf 92' lang='lat' dir='ltr'>si</span> <span class='ocrx_word' id='word_1_172' title='bbox 1189 2193 1286 2246; x_wconf 89' lang='lat' dir='ltr'>autem</span> <span class='ocrx_word' id='word_1_173' title='bbox 1309 2194 1426 2265; x_wconf 87' lang='lat' dir='ltr'>tempus</span> <span class='ocrx_word' id='word_1_174' title='bbox 1533 2256 1538 2272; x_wconf 35' lang='grc' dir='ltr'>Ι</span> 
     </span>
    </p>
   </div>
   <div class='ocr_carea' id='block_1_8' title="bbox 111 2269 1426 2503">
    <p class='ocr_par' dir='ltr' id='par_1_8' title="bbox 111 2269 1426 2503">
     <span class='ocr_line' id='line_1_21' title="bbox 144 2269 1426 2352; baseline -0.002 -20"><span class='ocrx_word' id='word_1_175' title='bbox 144 2272 274 2332; x_wconf 90' lang='lat' dir='ltr'>attendas</span> <span class='ocrx_word' id='word_1_176' title='bbox 301 2274 510 2352; x_wconf 87' lang='lat' dir='ltr'>praeteritum,</span> <span class='ocrx_word' id='word_1_177' title='bbox 539 2272 642 2350; x_wconf 89' lang='lat' dir='ltr'>utique</span> <span class='ocrx_word' id='word_1_178' title='bbox 665 2271 780 2330; x_wconf 88' lang='lat' dir='ltr'>actione</span> <span class='ocrx_word' id='word_1_179' title='bbox 803 2269 935 2331; x_wconf 88' lang='lat' dir='ltr'>cultoris.</span> <span class='ocrx_word' id='word_1_180' title='bbox 977 2270 1114 2330; x_wconf 89' lang='lat' dir='ltr'>accidunt</span> <span class='ocrx_word' id='word_1_181' title='bbox 1140 2272 1310 2350; x_wconf 88' lang='lat' dir='ltr'>participiis</span> <span class='ocrx_word' id='word_1_182' title='bbox 1336 2273 1426 2331; x_wconf 92' lang='lat' dir='ltr'>etiam</span> 
     </span>
     <span class='ocr_line' id='line_1_22' title="bbox 144 2353 1424 2501; baseline -0.001 -84"><span class='ocrx_word' id='word_1_183' title='bbox 144 2359 265 2440; x_wconf 78' lang='lat' dir='ltr'>figurae,</span> <span class='ocrx_word' id='word_1_184' title='bbox 289 2359 368 2501; x_wconf 58' lang='lat' dir='ltr'>picot</span> <span class='ocrx_word' id='word_1_185' title='bbox 388 2354 499 2417; x_wconf 85' lang='lat' dir='ltr'>ceteris</span> <span class='ocrx_word' id='word_1_186' title='bbox 521 2353 657 2437; x_wconf 92' lang='lat' dir='ltr'>partibus</span> <span class='ocrx_word' id='word_1_187' title='bbox 680 2357 838 2424; x_wconf 89' lang='lat' dir='ltr'>orationis,</span> <span class='ocrx_word' id='word_1_188' title='bbox 868 2355 1009 2434; x_wconf 84' lang='lat' dir='ltr'>simplex,</span> <span class='ocrx_word' id='word_1_189' title='bbox 1033 2362 1066 2414; x_wconf 90' lang='lat' dir='ltr'>ut</span> <span class='ocrx_word' id='word_1_190' title='bbox 1088 2354 1237 2425; x_wconf 87' lang='lat' dir='ltr'>scribens,</span> <span class='ocrx_word' id='word_1_191' title='bbox 1261 2357 1424 2435; x_wconf 88' lang='lat' dir='ltr'>conposita,</span> 
     </span>
     <span class='ocr_line' id='line_1_23' title="bbox 111 2442 375 2503; baseline -0.004 0"><span class='ocrx_word' id='word_1_192' title='bbox 111 2449 173 2503; x_wconf 78' lang='lat' dir='ltr'>mut</span> <span class='ocrx_word' id='word_1_193' title='bbox 194 2442 290 2503; x_wconf 84' lang='lat' dir='ltr'>deseri</span> <span class='ocrx_word' id='word_1_194' title='bbox 313 2459 375 2502; x_wconf 88' lang='lat' dir='ltr'>ens.</span> 
     </span>
    </p>
   </div>
   <div class='ocr_carea' id='block_1_9' title="bbox 605 2591 957 2654">
    <p class='ocr_par' dir='ltr' id='par_1_9' title="bbox 605 2591 957 2654">
     <span class='ocr_line' id='line_1_24' title="bbox 605 2591 957 2654; baseline 0.003 -2"><span class='ocrx_word' id='word_1_195' title='bbox 605 2592 654 2654; x_wconf 85' lang='lat' dir='ltr'>DE</span> <span class='ocrx_word' id='word_1_196' title='bbox 677 2591 957 2654; x_wconf 72' lang='lat' dir='ltr'>coniunctioni:</span> 
     </span>
    </p>
   </div>
   <div class='ocr_carea' id='block_1_10' title="bbox 92 2710 1426 4385">
    <p class='ocr_par' dir='ltr' id='par_1_10' title="bbox 142 2710 1426 2962">
     <span class='ocr_line' id='line_1_25' title="bbox 222 2710 1424 2791; baseline -0.002 -17"><span class='ocrx_word' id='word_1_197' title='bbox 222 2714 398 2774; x_wconf 78' lang='lat' dir='ltr'>Coniunctio</span> <span class='ocrx_word' id='word_1_198' title='bbox 420 2720 555 2790; x_wconf 89' lang='lat' dir='ltr'>estpars</span> <span class='ocrx_word' id='word_1_199' title='bbox 577 2713 721 2772; x_wconf 88' lang='lat' dir='ltr'>orationis</span> <span class='ocrx_word' id='word_1_200' title='bbox 743 2710 903 2773; x_wconf 84' lang='lat' dir='ltr'>adnectens</span> <span class='ocrx_word' id='word_1_201' title='bbox 926 2711 1123 2791; x_wconf 87' lang='lat' dir='ltr'>ordinansque</span> <span class='ocrx_word' id='word_1_202' title='bbox 1146 2713 1332 2772; x_wconf 84' lang='lat' dir='ltr'>senteutiam.</span> <span class='ocrx_word' id='word_1_203' title='bbox 1356 2731 1424 2772; x_wconf 90' lang='lat' dir='ltr'>con-</span> 
     </span>
     <span class='ocr_line' id='line_1_26' title="bbox 142 2794 1425 2878; baseline 0.001 -20"><span class='ocrx_word' id='word_1_204' title='bbox 142 2801 283 2860; x_wconf 87' lang='lat' dir='ltr'>iunctioni</span> <span class='ocrx_word' id='word_1_205' title='bbox 307 2798 415 2861; x_wconf 87' lang='lat' dir='ltr'>accidit</span> <span class='ocrx_word' id='word_1_206' title='bbox 436 2804 577 2878; x_wconf 87' lang='lat' dir='ltr'>potestas.</span> <span class='ocrx_word' id='word_1_207' title='bbox 607 2804 737 2877; x_wconf 88' lang='lat' dir='ltr'>potestas</span> <span class='ocrx_word' id='word_1_208' title='bbox 760 2805 805 2858; x_wconf 90' lang='lat' dir='ltr'>cst</span> <span class='ocrx_word' id='word_1_209' title='bbox 826 2796 871 2858; x_wconf 88' lang='lat' dir='ltr'>vel</span> <span class='ocrx_word' id='word_1_210' title='bbox 894 2816 971 2877; x_wconf 89' lang='lat' dir='ltr'>quae</span> <span class='ocrx_word' id='word_1_211' title='bbox 993 2796 1111 2876; x_wconf 92' lang='lat' dir='ltr'>copulat</span> <span class='ocrx_word' id='word_1_212' title='bbox 1132 2794 1237 2867; x_wconf 83' lang='lat' dir='ltr'>rerba,</span> <span class='ocrx_word' id='word_1_213' title='bbox 1261 2806 1294 2857; x_wconf 87' lang='lat' dir='ltr'>ut</span> <span class='ocrx_word' id='word_1_214' title='bbox 1316 2805 1346 2857; x_wconf 89' lang='lat' dir='ltr'>et</span> <span class='ocrx_word' id='word_1_215' title='bbox 1367 2818 1425 2877; x_wconf 89' lang='lat' dir='ltr'>que</span> 
     </span>
     <span class='ocr_line' id='line_1_27' title="bbox 142 2882 1426 2962; baseline -0.002 -19"><span class='ocrx_word' id='word_1_216' title='bbox 142 2903 188 2955; x_wconf 91' lang='lat' dir='ltr'>ac;</span> <span class='ocrx_word' id='word_1_217' title='bbox 211 2884 255 2945; x_wconf 93' lang='lat' dir='ltr'>vel</span> <span class='ocrx_word' id='word_1_218' title='bbox 278 2884 436 2960; x_wconf 90' lang='lat' dir='ltr'>disiungit,</span> <span class='ocrx_word' id='word_1_219' title='bbox 461 2891 493 2943; x_wconf 91' lang='lat' dir='ltr'>ut</span> <span class='ocrx_word' id='word_1_220' title='bbox 515 2888 565 2943; x_wconf 89' lang='lat' dir='ltr'>aut</span> <span class='ocrx_word' id='word_1_221' title='bbox 586 2883 633 2943; x_wconf 86' lang='lat' dir='ltr'>vel</span> <span class='ocrx_word' id='word_1_222' title='bbox 655 2900 711 2943; x_wconf 90' lang='lat' dir='ltr'>nec</span> <span class='ocrx_word' id='word_1_223' title='bbox 733 2900 847 2961; x_wconf 88' lang='lat' dir='ltr'>neque;</span> <span class='ocrx_word' id='word_1_224' title='bbox 877 2890 927 2943; x_wconf 93' lang='lat' dir='ltr'>aut</span> <span class='ocrx_word' id='word_1_225' title='bbox 953 2882 1066 2962; x_wconf 82' lang='lat' dir='ltr'>explet,</span> <span class='ocrx_word' id='word_1_226' title='bbox 1090 2889 1123 2943; x_wconf 91' lang='lat' dir='ltr'>ut</span> <span class='ocrx_word' id='word_1_227' title='bbox 1143 2900 1266 2962; x_wconf 87' lang='lat' dir='ltr'>prorsus</span> <span class='ocrx_word' id='word_1_228' title='bbox 1287 2882 1426 2943; x_wconf 82' lang='lat' dir='ltr'>videlicet</span> 
     </span>
    </p>

    <p class='ocr_par' dir='ltr' id='par_1_11' title="bbox 110 2964 1425 3387">
     <span class='ocr_line' id='line_1_28' title="bbox 110 2964 1425 3049; baseline -0.002 -19"><span class='ocrx_word' id='word_1_229' title='bbox 110 2968 250 3031; x_wconf 74' lang='lat' dir='ltr'>uscilicet</span> <span class='ocrx_word' id='word_1_230' title='bbox 271 2971 344 3049; x_wconf 91' lang='lat' dir='ltr'>quin</span> <span class='ocrx_word' id='word_1_231' title='bbox 366 2970 456 3029; x_wconf 89' lang='lat' dir='ltr'>etiam</span> <span class='ocrx_word' id='word_1_232' title='bbox 479 2975 509 3027; x_wconf 87' lang='lat' dir='ltr'>ct</span> <span class='ocrx_word' id='word_1_233' title='bbox 530 2967 654 3036; x_wconf 90' lang='lat' dir='ltr'>similia;</span> <span class='ocrx_word' id='word_1_234' title='bbox 669 2974 729 3030; x_wconf 77' lang='lat' dir='ltr'>,aut</span> <span class='ocrx_word' id='word_1_235' title='bbox 750 2964 834 3048; x_wconf 78' lang='lat' dir='ltr'>quasi</span> <span class='ocrx_word' id='word_1_236' title='bbox 858 2984 977 3028; x_wconf 89' lang='lat' dir='ltr'>causam</span> <span class='ocrx_word' id='word_1_237' title='bbox 998 2967 1111 3036; x_wconf 89' lang='lat' dir='ltr'>reddit,</span> <span class='ocrx_word' id='word_1_238' title='bbox 1141 2974 1175 3027; x_wconf 88' lang='lat' dir='ltr'>ut</span> <span class='ocrx_word' id='word_1_239' title='bbox 1201 2986 1270 3027; x_wconf 92' lang='lat' dir='ltr'>nam</span> <span class='ocrx_word' id='word_1_240' title='bbox 1298 2986 1425 3048; x_wconf 90' lang='lat' dir='ltr'>namque</span> 
     </span>
     <span class='ocr_line' id='line_1_29' title="bbox 143 3053 1425 3133; baseline -0.001 -20"><span class='ocrx_word' id='word_1_241' title='bbox 143 3057 218 3115; x_wconf 87' lang='lat' dir='ltr'>enim</span> <span class='ocrx_word' id='word_1_242' title='bbox 240 3053 434 3133; x_wconf 89' lang='lat' dir='ltr'>quamohrem</span> <span class='ocrx_word' id='word_1_243' title='bbox 456 3054 571 3131; x_wconf 90' lang='lat' dir='ltr'>itaque;</span> <span class='ocrx_word' id='word_1_244' title='bbox 595 3054 752 3133; x_wconf 87' lang='lat' dir='ltr'>autquasi</span> <span class='ocrx_word' id='word_1_245' title='bbox 774 3053 980 3122; x_wconf 85' lang='lat' dir='ltr'>ratiocinatur,</span> <span class='ocrx_word' id='word_1_246' title='bbox 1003 3059 1037 3113; x_wconf 91' lang='lat' dir='ltr'>ut</span> <span class='ocrx_word' id='word_1_247' title='bbox 1058 3070 1130 3129; x_wconf 89' lang='lat' dir='ltr'>ergo</span> <span class='ocrx_word' id='word_1_248' title='bbox 1152 3055 1244 3129; x_wconf 92' lang='lat' dir='ltr'>igitur</span> <span class='ocrx_word' id='word_1_249' title='bbox 1266 3061 1425 3132; x_wconf 90' lang='lat' dir='ltr'>propterea</span> 
     </span>
     <span class='ocr_line' id='line_1_30' title="bbox 143 3136 1423 3218; baseline -0.002 -19"><span class='ocrx_word' id='word_1_250' title='bbox 143 3147 170 3199; x_wconf 91' lang='lat' dir='ltr'>et</span> <span class='ocrx_word' id='word_1_251' title='bbox 191 3138 307 3199; x_wconf 89' lang='lat' dir='ltr'>similia.</span> <span class='ocrx_word' id='word_1_252' title='bbox 338 3146 368 3199; x_wconf 91' lang='lat' dir='ltr'>et</span> <span class='ocrx_word' id='word_1_253' title='bbox 389 3138 456 3198; x_wconf 89' lang='lat' dir='ltr'>ideo</span> <span class='ocrx_word' id='word_1_254' title='bbox 478 3139 588 3218; x_wconf 89' lang='lat' dir='ltr'>partim</span> <span class='ocrx_word' id='word_1_255' title='bbox 605 3137 793 3217; x_wconf 83' lang='lat' dir='ltr'>copulativae</span> <span class='ocrx_word' id='word_1_256' title='bbox 816 3136 971 3206; x_wconf 91' lang='lat' dir='ltr'>dicuntur,</span> <span class='ocrx_word' id='word_1_257' title='bbox 994 3140 1103 3216; x_wconf 91' lang='lat' dir='ltr'>partim</span> <span class='ocrx_word' id='word_1_258' title='bbox 1126 3137 1332 3206; x_wconf 89' lang='lat' dir='ltr'>disiunctivae,</span> <span class='ocrx_word' id='word_1_259' title='bbox 1356 3156 1423 3217; x_wconf 93' lang='lat' dir='ltr'>par·</span> 
     </span>
     <span class='ocr_line' id='line_1_31' title="bbox 142 3220 1424 3304; baseline -0.001 -20"><span class='ocrx_word' id='word_1_260' title='bbox 142 3226 191 3284; x_wconf 89' lang='lat' dir='ltr'>tim</span> <span class='ocrx_word' id='word_1_261' title='bbox 217 3224 395 3304; x_wconf 80' lang='lat' dir='ltr'>expletivae,</span> <span class='ocrx_word' id='word_1_262' title='bbox 424 3224 534 3303; x_wconf 92' lang='lat' dir='ltr'>partim</span> <span class='ocrx_word' id='word_1_263' title='bbox 562 3222 711 3291; x_wconf 87' lang='lat' dir='ltr'>causales,</span> <span class='ocrx_word' id='word_1_264' title='bbox 738 3224 847 3301; x_wconf 90' lang='lat' dir='ltr'>partim</span> <span class='ocrx_word' id='word_1_265' title='bbox 876 3221 1046 3283; x_wconf 89' lang='lat' dir='ltr'>rationales.</span> <span class='ocrx_word' id='word_1_266' title='bbox 1090 3221 1142 3281; x_wconf 86' lang='lat' dir='ltr'>sed</span> <span class='ocrx_word' id='word_1_267' title='bbox 1165 3220 1275 3282; x_wconf 89' lang='lat' dir='ltr'>multae</span> <span class='ocrx_word' id='word_1_268' title='bbox 1304 3224 1424 3283; x_wconf 90' lang='lat' dir='ltr'>omniuo</span> 
     </span>
     <span class='ocr_line' id='line_1_32' title="bbox 142 3306 1424 3387; baseline -0.001 -20"><span class='ocrx_word' id='word_1_269' title='bbox 142 3310 360 3369; x_wconf 89' lang='lat' dir='ltr'>coniunctiones</span> <span class='ocrx_word' id='word_1_270' title='bbox 383 3315 465 3377; x_wconf 91' lang='lat' dir='ltr'>sunt,</span> <span class='ocrx_word' id='word_1_271' title='bbox 489 3307 526 3367; x_wconf 87' lang='lat' dir='ltr'>de</span> <span class='ocrx_word' id='word_1_272' title='bbox 548 3306 658 3387; x_wconf 90' lang='lat' dir='ltr'>quihus</span> <span class='ocrx_word' id='word_1_273' title='bbox 674 3306 833 3385; x_wconf 78' lang='lat' dir='ltr'>diligenter</span> <span class='ocrx_word' id='word_1_274' title='bbox 855 3309 1042 3385; x_wconf 81' lang='lat' dir='ltr'>grammatici</span> <span class='ocrx_word' id='word_1_275' title='bbox 1065 3306 1248 3376; x_wconf 87' lang='lat' dir='ltr'>deliberant,</span> <span class='ocrx_word' id='word_1_276' title='bbox 1272 3325 1331 3386; x_wconf 90' lang='lat' dir='ltr'>quo</span> <span class='ocrx_word' id='word_1_277' title='bbox 1352 3309 1424 3367; x_wconf 89' lang='lat' dir='ltr'>isto·</span> 
     </span>
    </p>

    <p class='ocr_par' dir='ltr' id='par_1_12' title="bbox 92 3390 1424 3813">
     <span class='ocr_line' id='line_1_33' title="bbox 92 3390 1423 3473; baseline -0.004 -17"><span class='ocrx_word' id='word_1_278' title='bbox 92 3413 204 3456; x_wconf 71' lang='lat' dir='ltr'>mmm</span> <span class='ocrx_word' id='word_1_279' title='bbox 225 3396 357 3473; x_wconf 88' lang='lat' dir='ltr'>quinque</span> <span class='ocrx_word' id='word_1_280' title='bbox 379 3394 533 3455; x_wconf 88' lang='lat' dir='ltr'>nominum</span> <span class='ocrx_word' id='word_1_281' title='bbox 554 3410 604 3453; x_wconf 90' lang='lat' dir='ltr'>eas</span> <span class='ocrx_word' id='word_1_282' title='bbox 626 3399 746 3460; x_wconf 89' lang='lat' dir='ltr'>vocent,</span> <span class='ocrx_word' id='word_1_283' title='bbox 775 3390 821 3451; x_wconf 87' lang='lat' dir='ltr'>vel</span> <span class='ocrx_word' id='word_1_284' title='bbox 848 3398 950 3452; x_wconf 89' lang='lat' dir='ltr'>utrum</span> <span class='ocrx_word' id='word_1_285' title='bbox 971 3391 1046 3453; x_wconf 88' lang='lat' dir='ltr'>aliae</span> <span class='ocrx_word' id='word_1_286' title='bbox 1069 3391 1255 3452; x_wconf 78' lang='lat' dir='ltr'>differentiae</span> <span class='ocrx_word' id='word_1_287' title='bbox 1278 3394 1340 3452; x_wconf 89' lang='lat' dir='ltr'>siut</span> <span class='ocrx_word' id='word_1_288' title='bbox 1361 3391 1423 3452; x_wconf 93' lang='lat' dir='ltr'>adi·</span> 
     </span>
     <span class='ocr_line' id='line_1_34' title="bbox 141 3476 1424 3559; baseline 0 -22"><span class='ocrx_word' id='word_1_289' title='bbox 141 3478 268 3539; x_wconf 87' lang='lat' dir='ltr'>ciendae.</span> <span class='ocrx_word' id='word_1_290' title='bbox 312 3496 401 3559; x_wconf 84' lang='lat' dir='ltr'>quam</span> <span class='ocrx_word' id='word_1_291' title='bbox 427 3478 511 3539; x_wconf 88' lang='lat' dir='ltr'>litem</span> <span class='ocrx_word' id='word_1_292' title='bbox 537 3480 606 3557; x_wconf 86' lang='lat' dir='ltr'>quia</span> <span class='ocrx_word' id='word_1_293' title='bbox 634 3484 665 3536; x_wconf 89' lang='lat' dir='ltr'>et</span> <span class='ocrx_word' id='word_1_294' title='bbox 691 3476 810 3554; x_wconf 89' lang='lat' dir='ltr'>longum</span> <span class='ocrx_word' id='word_1_295' title='bbox 840 3484 870 3537; x_wconf 88' lang='lat' dir='ltr'>et</span> <span class='ocrx_word' id='word_1_296' title='bbox 897 3476 1018 3537; x_wconf 88' lang='lat' dir='ltr'>diliicile</span> <span class='ocrx_word' id='word_1_297' title='bbox 1047 3484 1094 3537; x_wconf 88' lang='lat' dir='ltr'>est</span> <span class='ocrx_word' id='word_1_298' title='bbox 1124 3477 1253 3545; x_wconf 87' lang='lat' dir='ltr'>solvere,</span> <span class='ocrx_word' id='word_1_299' title='bbox 1286 3476 1360 3537; x_wconf 92' lang='lat' dir='ltr'>illud</span> <span class='ocrx_word' id='word_1_300' title='bbox 1387 3476 1424 3537; x_wconf 90' lang='lat' dir='ltr'>de</span> 
     </span>
     <span class='ocr_line' id='line_1_35' title="bbox 143 3560 1423 3642; baseline -0.001 -20"><span class='ocrx_word' id='word_1_301' title='bbox 143 3562 396 3624; x_wconf 89' lang='lat' dir='ltr'>coniunctionibus</span> <span class='ocrx_word' id='word_1_302' title='bbox 419 3560 422 3639; x_wconf 79' lang='lat' dir='ltr'>l</span> <span class='ocrx_word' id='word_1_303' title='bbox 448 3562 537 3622; x_wconf 82' lang='lat' dir='ltr'>breve</span> <span class='ocrx_word' id='word_1_304' title='bbox 559 3569 752 3642; x_wconf 88' lang='lat' dir='ltr'>praeceptum</span> <span class='ocrx_word' id='word_1_305' title='bbox 774 3563 826 3630; x_wconf 92' lang='lat' dir='ltr'>sit,</span> <span class='ocrx_word' id='word_1_306' title='bbox 851 3568 899 3630; x_wconf 93' lang='lat' dir='ltr'>ut,</span> <span class='ocrx_word' id='word_1_307' title='bbox 923 3580 990 3622; x_wconf 89' lang='lat' dir='ltr'>cnm</span> <span class='ocrx_word' id='word_1_308' title='bbox 1012 3562 1140 3639; x_wconf 85' lang='lat' dir='ltr'>legimus</span> <span class='ocrx_word' id='word_1_309' title='bbox 1162 3564 1243 3621; x_wconf 89' lang='lat' dir='ltr'>viros</span> <span class='ocrx_word' id='word_1_310' title='bbox 1265 3561 1423 3621; x_wconf 92' lang='lat' dir='ltr'>locutionis</span> 
     </span>
     <span class='ocr_line' id='line_1_36' title="bbox 142 3646 1422 3727; baseline -0.002 -19"><span class='ocrx_word' id='word_1_311' title='bbox 142 3651 310 3710; x_wconf 85' lang='lat' dir='ltr'>auctoritate</span> <span class='ocrx_word' id='word_1_312' title='bbox 334 3648 539 3725; x_wconf 84' lang='lat' dir='ltr'>dignissimos,</span> <span class='ocrx_word' id='word_1_313' title='bbox 563 3647 765 3715; x_wconf 82' lang='lat' dir='ltr'>advertamus,</span> <span class='ocrx_word' id='word_1_314' title='bbox 795 3664 853 3727; x_wconf 91' lang='lat' dir='ltr'>quo</span> <span class='ocrx_word' id='word_1_315' title='bbox 875 3664 1010 3726; x_wconf 86' lang='lat' dir='ltr'>quaeque</span> <span class='ocrx_word' id='word_1_316' title='bbox 1032 3646 1096 3705; x_wconf 92' lang='lat' dir='ltr'>loco</span> <span class='ocrx_word' id='word_1_317' title='bbox 1118 3648 1201 3707; x_wconf 90' lang='lat' dir='ltr'>etin</span> <span class='ocrx_word' id='word_1_318' title='bbox 1223 3664 1281 3725; x_wconf 91' lang='lat' dir='ltr'>qua</span> <span class='ocrx_word' id='word_1_319' title='bbox 1303 3653 1422 3706; x_wconf 87' lang='lat' dir='ltr'>senten·</span> 
     </span>
     <span class='ocr_line' id='line_1_37' title="bbox 142 3729 1423 3813; baseline -0.001 -21"><span class='ocrx_word' id='word_1_320' title='bbox 142 3735 179 3793; x_wconf 87' lang='lat' dir='ltr'>tia</span> <span class='ocrx_word' id='word_1_321' title='bbox 207 3736 275 3813; x_wconf 94' lang='lat' dir='ltr'>poni</span> <span class='ocrx_word' id='word_1_322' title='bbox 302 3731 409 3802; x_wconf 88' lang='lat' dir='ltr'>soleat,</span> <span class='ocrx_word' id='word_1_323' title='bbox 437 3739 471 3793; x_wconf 94' lang='lat' dir='ltr'>ut</span> <span class='ocrx_word' id='word_1_324' title='bbox 503 3732 717 3793; x_wconf 89' lang='lat' dir='ltr'>consuetudine</span> <span class='ocrx_word' id='word_1_325' title='bbox 750 3731 945 3809; x_wconf 86' lang='lat' dir='ltr'>intellegendi</span> <span class='ocrx_word' id='word_1_326' title='bbox 976 3730 1054 3790; x_wconf 85' lang='lat' dir='ltr'>bene</span> <span class='ocrx_word' id='word_1_327' title='bbox 1088 3729 1350 3792; x_wconf 89' lang='lat' dir='ltr'>coniunctionibus</span> <span class='ocrx_word' id='word_1_328' title='bbox 1380 3733 1423 3791; x_wconf 91' lang='lat' dir='ltr'>uti</span> 
     </span>
    </p>

    <p class='ocr_par' dir='ltr' id='par_1_13' title="bbox 108 3816 1423 4153">
     <span class='ocr_line' id='line_1_38' title="bbox 108 3816 1423 3896; baseline -0.003 -19"><span class='ocrx_word' id='word_1_329' title='bbox 108 3820 293 3896; x_wconf 77' lang='lat' dir='ltr'>opossimus.</span> <span class='ocrx_word' id='word_1_330' title='bbox 337 3836 405 3877; x_wconf 92' lang='lat' dir='ltr'>nam</span> <span class='ocrx_word' id='word_1_331' title='bbox 433 3818 528 3895; x_wconf 91' lang='lat' dir='ltr'>siquis</span> <span class='ocrx_word' id='word_1_332' title='bbox 555 3824 692 3896; x_wconf 84' lang='lat' dir='ltr'>quaerat,</span> <span class='ocrx_word' id='word_1_333' title='bbox 722 3816 793 3896; x_wconf 90' lang='lat' dir='ltr'>quid</span> <span class='ocrx_word' id='word_1_334' title='bbox 816 3818 855 3875; x_wconf 87' lang='lat' dir='ltr'>sit</span> <span class='ocrx_word' id='word_1_335' title='bbox 877 3819 982 3886; x_wconf 90' lang='lat' dir='ltr'>immo,</span> <span class='ocrx_word' id='word_1_336' title='bbox 1005 3834 1065 3875; x_wconf 93' lang='lat' dir='ltr'>non</span> <span class='ocrx_word' id='word_1_337' title='bbox 1086 3816 1173 3876; x_wconf 86' lang='lat' dir='ltr'>iacilc</span> <span class='ocrx_word' id='word_1_338' title='bbox 1198 3816 1340 3885; x_wconf 75' lang='lat' dir='ltr'>dixerim,</span> <span class='ocrx_word' id='word_1_339' title='bbox 1364 3833 1423 3894; x_wconf 88' lang='lat' dir='ltr'>quo</span> 
     </span>
     <span class='ocr_line' id='line_1_39' title="bbox 140 3901 1422 3981; baseline -0.002 -20"><span class='ocrx_word' id='word_1_340' title='bbox 140 3902 225 3963; x_wconf 94' lang='lat' dir='ltr'>modo</span> <span class='ocrx_word' id='word_1_341' title='bbox 246 3906 273 3963; x_wconf 90' lang='lat' dir='ltr'>ei</span> <span class='ocrx_word' id='word_1_342' title='bbox 294 3901 341 3962; x_wconf 85' lang='lat' dir='ltr'>vel</span> <span class='ocrx_word' id='word_1_343' title='bbox 363 3902 486 3963; x_wconf 88' lang='lat' dir='ltr'>delinire</span> <span class='ocrx_word' id='word_1_344' title='bbox 509 3902 556 3963; x_wconf 89' lang='lat' dir='ltr'>vel</span> <span class='ocrx_word' id='word_1_345' title='bbox 577 3903 769 3981; x_wconf 88' lang='lat' dir='ltr'>interpretari</span> <span class='ocrx_word' id='word_1_346' title='bbox 792 3901 869 3961; x_wconf 89' lang='lat' dir='ltr'>hanc</span> <span class='ocrx_word' id='word_1_347' title='bbox 891 3903 1131 3962; x_wconf 90' lang='lat' dir='ltr'>coniunctionem</span> <span class='ocrx_word' id='word_1_348' title='bbox 1153 3902 1312 3981; x_wconf 89' lang='lat' dir='ltr'>possimus.</span> <span class='ocrx_word' id='word_1_349' title='bbox 1353 3918 1422 3979; x_wconf 92' lang='lat' dir='ltr'>pro·</span> 
     </span>
     <span class='ocr_line' id='line_1_40' title="bbox 140 3984 1423 4066; baseline -0.001 -20"><span class='ocrx_word' id='word_1_350' title='bbox 140 3988 260 4048; x_wconf 89' lang='lat' dir='ltr'>lerendo</span> <span class='ocrx_word' id='word_1_351' title='bbox 281 4004 352 4065; x_wconf 89' lang='lat' dir='ltr'>ergo</span> <span class='ocrx_word' id='word_1_352' title='bbox 374 3986 481 4048; x_wconf 86' lang='lat' dir='ltr'>multas</span> <span class='ocrx_word' id='word_1_353' title='bbox 504 3989 680 4057; x_wconf 65' lang='lat' dir='ltr'>sententias</span> <span class='ocrx_word' id='word_1_354' title='bbox 704 3989 735 4047; x_wconf 95' lang='lat' dir='ltr'>in</span> <span class='ocrx_word' id='word_1_355' title='bbox 758 3984 867 4065; x_wconf 90' lang='lat' dir='ltr'>quibus</span> <span class='ocrx_word' id='word_1_356' title='bbox 888 3986 983 4066; x_wconf 88' lang='lat' dir='ltr'>posita</span> <span class='ocrx_word' id='word_1_357' title='bbox 1005 3993 1064 4055; x_wconf 88' lang='lat' dir='ltr'>est,</span> <span class='ocrx_word' id='word_1_358' title='bbox 1087 3988 1165 4045; x_wconf 88' lang='lat' dir='ltr'>miro</span> <span class='ocrx_word' id='word_1_359' title='bbox 1186 3986 1314 4065; x_wconf 87' lang='lat' dir='ltr'>quodam</span> <span class='ocrx_word' id='word_1_360' title='bbox 1336 3985 1423 4046; x_wconf 91' lang='lat' dir='ltr'>modo</span> 
     </span>
     <span class='ocr_line' id='line_1_41' title="bbox 141 4070 1366 4153; baseline -0.002 -21"><span class='ocrx_word' id='word_1_361' title='bbox 141 4072 211 4153; x_wconf 90' lang='lat' dir='ltr'>quid</span> <span class='ocrx_word' id='word_1_362' title='bbox 232 4074 326 4134; x_wconf 89' lang='lat' dir='ltr'>valeat</span> <span class='ocrx_word' id='word_1_363' title='bbox 347 4074 532 4133; x_wconf 89' lang='lat' dir='ltr'>insinuamus</span> <span class='ocrx_word' id='word_1_364' title='bbox 554 4091 621 4133; x_wconf 92' lang='lat' dir='ltr'>cum</span> <span class='ocrx_word' id='word_1_365' title='bbox 644 4070 770 4152; x_wconf 89' lang='lat' dir='ltr'>quodam</span> <span class='ocrx_word' id='word_1_366' title='bbox 793 4074 882 4131; x_wconf 89' lang='lat' dir='ltr'>etiam</span> <span class='ocrx_word' id='word_1_367' title='bbox 905 4077 991 4148; x_wconf 88' lang='lat' dir='ltr'>gestu</span> <span class='ocrx_word' id='word_1_368' title='bbox 1013 4070 1243 4149; x_wconf 87' lang='lat' dir='ltr'>pronuntiandi,</span> <span class='ocrx_word' id='word_1_369' title='bbox 1266 4076 1300 4131; x_wconf 91' lang='lat' dir='ltr'>ut</span> <span class='ocrx_word' id='word_1_370' title='bbox 1321 4077 1366 4131; x_wconf 85' lang='lat' dir='ltr'>est</span> 
     </span>
    </p>

    <p class='ocr_par' dir='ltr' id='par_1_14' title="bbox 286 4155 1229 4235">
     <span class='ocr_line' id='line_1_42' title="bbox 286 4155 1229 4235; baseline -0.002 -18"><span class='ocrx_word' id='word_1_371' title='bbox 286 4160 408 4227; x_wconf 89' lang='lat' dir='ltr'>immo,</span> <span class='ocrx_word' id='word_1_372' title='bbox 432 4159 498 4226; x_wconf 88' lang='lat' dir='ltr'>ait,</span> <span class='ocrx_word' id='word_1_373' title='bbox 522 4176 540 4217; x_wconf 94' lang='lat' dir='ltr'>o</span> <span class='ocrx_word' id='word_1_374' title='bbox 562 4159 677 4227; x_wconf 87' lang='lat' dir='ltr'>cives,</span> <span class='ocrx_word' id='word_1_375' title='bbox 702 4162 853 4235; x_wconf 86' lang='lat' dir='ltr'>arrepto</span> <span class='ocrx_word' id='word_1_376' title='bbox 875 4164 1043 4235; x_wconf 89' lang='lat' dir='ltr'>tempore</span> <span class='ocrx_word' id='word_1_377' title='bbox 1066 4155 1229 4225; x_wconf 86' lang='lat' dir='ltr'>Turnus,</span> 
     </span>
    </p>

    <p class='ocr_par' dir='ltr' id='par_1_15' title="bbox 107 4241 635 4319">
     <span class='ocr_line' id='line_1_43' title="bbox 107 4241 635 4319; baseline 0.004 -18"><span class='ocrx_word' id='word_1_378' title='bbox 107 4263 130 4301; x_wconf 80' lang='lat' dir='ltr'>eo</span> <span class='ocrx_word' id='word_1_379' title='bbox 287 4244 410 4319; x_wconf 85' lang='lat' dir='ltr'>cogite</span> <span class='ocrx_word' id='word_1_380' title='bbox 433 4241 635 4303; x_wconf 89' lang='lat' dir='ltr'>concilium</span> 
     </span>
    </p>

    <p class='ocr_par' dir='ltr' id='par_1_16' title="bbox 141 4333 171 4385">
     <span class='ocr_line' id='line_1_44' title="bbox 141 4333 171 4385; baseline -0.033 0"><span class='ocrx_word' id='word_1_381' title='bbox 141 4333 171 4385; x_wconf 80' lang='lat' dir='ltr'>ul</span> 
     </span>
    </p>
   </div>
   <div class='ocr_carea' id='block_1_11' title="bbox 142 4509 1423 4925">
    <p class='ocr_par' dir='ltr' id='par_1_17' title="bbox 142 4509 1423 4925">
     <span class='ocr_line' id='line_1_45' title="bbox 208 4509 1422 4579; baseline -0.004 -16"><span class='ocrx_word' id='word_1_382' title='bbox 208 4514 250 4563; x_wconf 74' lang='lat' dir='ltr'>{ta</span> <span class='ocrx_word' id='word_1_383' title='bbox 268 4511 413 4579; x_wconf 85' lang='lat' dir='ltr'>participio]</span> <span class='ocrx_word' id='word_1_384' title='bbox 433 4520 461 4561; x_wconf 90' lang='lat' dir='ltr'>ut</span> <span class='ocrx_word' id='word_1_385' title='bbox 475 4512 607 4578; x_wconf 82' lang='lat' dir='ltr'>participio</span> <span class='ocrx_word' id='word_1_386' title='bbox 622 4514 648 4561; x_wconf 91' lang='lat' dir='ltr'><em>B</em></span> <span class='ocrx_word' id='word_1_387' title='bbox 664 4521 691 4561; x_wconf 87' lang='lat' dir='ltr'>nt</span> <span class='ocrx_word' id='word_1_388' title='bbox 703 4511 864 4577; x_wconf 82' lang='lat' dir='ltr'>participium</span> <span class='ocrx_word' id='word_1_389' title='bbox 888 4514 916 4561; x_wconf 90' lang='lat' dir='ltr'><em>V</em></span> <span class='ocrx_word' id='word_1_390' title='bbox 980 4510 998 4563; x_wconf 79' lang='grc'><strong>6</strong></span> <span class='ocrx_word' id='word_1_391' title='bbox 1015 4526 1030 4560; x_wconf 81' lang='lat' dir='ltr'>a</span> <span class='ocrx_word' id='word_1_392' title='bbox 1048 4510 1126 4561; x_wconf 87' lang='lat' dir='ltr'>uerbo</span> <span class='ocrx_word' id='word_1_393' title='bbox 1142 4524 1251 4561; x_wconf 85' lang='lat' dir='ltr'>ueneror</span> <span class='ocrx_word' id='word_1_394' title='bbox 1272 4509 1422 4574; x_wconf 83' lang='lat' dir='ltr'>(uenerandi</span> 
     </span>
     <span class='ocr_line' id='line_1_46' title="bbox 147 4576 1422 4647; baseline 0.001 -19"><span class='ocrx_word' id='word_1_395' title='bbox 147 4580 183 4643; x_wconf 93' lang='lat' dir='ltr'>V)</span> <span class='ocrx_word' id='word_1_396' title='bbox 202 4582 340 4633; x_wconf 83' lang='lat' dir='ltr'>colorBV</span> <span class='ocrx_word' id='word_1_397' title='bbox 407 4584 500 4636; x_wconf 81' lang='lat' dir='ltr'>linem</span> <span class='ocrx_word' id='word_1_398' title='bbox 518 4582 654 4647; x_wconf 87' lang='lat' dir='ltr'>participia</span> <span class='ocrx_word' id='word_1_399' title='bbox 672 4580 735 4631; x_wconf 89' lang='lat' dir='ltr'>BV</span> <span class='ocrx_word' id='word_1_400' title='bbox 804 4580 834 4631; x_wconf 88' lang='lat'>10</span> <span class='ocrx_word' id='word_1_401' title='bbox 853 4578 975 4647; x_wconf 85' lang='lat' dir='ltr'>hortetur]</span> <span class='ocrx_word' id='word_1_402' title='bbox 995 4588 1090 4631; x_wconf 85' lang='lat' dir='ltr'>artetur</span> <span class='ocrx_word' id='word_1_403' title='bbox 1108 4580 1133 4629; x_wconf 91' lang='lat' dir='ltr'><em>B</em></span> <span class='ocrx_word' id='word_1_404' title='bbox 1204 4580 1235 4629; x_wconf 82' lang='lat'>12</span> <span class='ocrx_word' id='word_1_405' title='bbox 1252 4576 1359 4645; x_wconf 86' lang='lat' dir='ltr'>Tullius]</span> <span class='ocrx_word' id='word_1_406' title='bbox 1373 4596 1422 4642; x_wconf 85' lang='lat' dir='ltr'>pro</span> 
     </span>
     <span class='ocr_line' id='line_1_47' title="bbox 144 4648 1421 4715; baseline 0.001 -18"><span class='ocrx_word' id='word_1_407' title='bbox 144 4650 214 4700; x_wconf 79' lang='lat' dir='ltr'>Gneo.</span> <span class='ocrx_word' id='word_1_408' title='bbox 233 4651 274 4709; x_wconf 80' lang='lat'>21,</span> <span class='ocrx_word' id='word_1_409' title='bbox 292 4652 324 4703; x_wconf 84' lang='lat'>61</span> <span class='ocrx_word' id='word_1_410' title='bbox 397 4652 429 4703; x_wconf 78' lang='lat'>15</span> <span class='ocrx_word' id='word_1_411' title='bbox 447 4653 515 4714; x_wconf 88' lang='lat' dir='ltr'>quod</span> <span class='ocrx_word' id='word_1_412' title='bbox 533 4652 617 4701; x_wconf 85' lang='lat' dir='ltr'>cultus</span> <span class='ocrx_word' id='word_1_413' title='bbox 636 4650 761 4701; x_wconf 79' lang='lat' dir='ltr'>Weberuo</span> <span class='ocrx_word' id='word_1_414' title='bbox 831 4650 862 4701; x_wconf 84' lang='lat'>17</span> <span class='ocrx_word' id='word_1_415' title='bbox 881 4666 927 4700; x_wconf 84' lang='lat' dir='ltr'>suo</span> <span class='ocrx_word' id='word_1_416' title='bbox 944 4650 996 4715; x_wconf 86' lang='lat' dir='ltr'>(est</span> <span class='ocrx_word' id='word_1_417' title='bbox 1009 4650 1071 4700; x_wconf 85' lang='lat' dir='ltr'>add.</span> <span class='ocrx_word' id='word_1_418' title='bbox 1093 4649 1131 4706; x_wconf 84' lang='lat' dir='ltr'>V)</span> <span class='ocrx_word' id='word_1_419' title='bbox 1147 4648 1229 4697; x_wconf 86' lang='lat' dir='ltr'>cultus</span> <span class='ocrx_word' id='word_1_420' title='bbox 1244 4658 1282 4698; x_wconf 87' lang='lat' dir='ltr'>est</span> <span class='ocrx_word' id='word_1_421' title='bbox 1297 4658 1380 4699; x_wconf 86' lang='lat' dir='ltr'>autem</span> <span class='ocrx_word' id='word_1_422' title='bbox 1399 4650 1421 4699; x_wconf 84' lang='lat' dir='ltr'>si</span> 
     </span>
     <span class='ocr_line' id='line_1_48' title="bbox 142 4718 1423 4787; baseline 0.002 -21"><span class='ocrx_word' id='word_1_423' title='bbox 142 4718 172 4767; x_wconf 90' lang='lat' dir='ltr'>ad</span> <span class='ocrx_word' id='word_1_424' title='bbox 191 4721 233 4777; x_wconf 82' lang='lat' dir='ltr'>lad</span> <span class='ocrx_word' id='word_1_425' title='bbox 249 4736 293 4773; x_wconf 82' lang='lat' dir='ltr'>om.</span> <span class='ocrx_word' id='word_1_426' title='bbox 317 4722 355 4785; x_wconf 89' lang='lat' dir='ltr'>V)</span> <span class='ocrx_word' id='word_1_427' title='bbox 371 4730 470 4787; x_wconf 82' lang='lat' dir='ltr'>tempus</span> <span class='ocrx_word' id='word_1_428' title='bbox 487 4722 545 4771; x_wconf 88' lang='lat' dir='ltr'>BV</span> <span class='ocrx_word' id='word_1_429' title='bbox 612 4721 645 4771; x_wconf 92' lang='lat'>18</span> <span class='ocrx_word' id='word_1_430' title='bbox 663 4722 799 4785; x_wconf 82' lang='lat' dir='ltr'>praeterita</span> <span class='ocrx_word' id='word_1_431' title='bbox 816 4721 844 4771; x_wconf 90' lang='lat' dir='ltr'><em>V</em></span> <span class='ocrx_word' id='word_1_432' title='bbox 857 4728 986 4786; x_wconf 85' lang='lat' dir='ltr'>praeterea</span> <span class='ocrx_word' id='word_1_433' title='bbox 1004 4718 1030 4769; x_wconf 90' lang='lat' dir='ltr'><em>B</em></span> <span class='ocrx_word' id='word_1_434' title='bbox 1098 4718 1132 4769; x_wconf 82' lang='lat'>23</span> <span class='ocrx_word' id='word_1_435' title='bbox 1149 4718 1240 4767; x_wconf 77' lang='lat' dir='ltr'>occidit</span> <span class='ocrx_word' id='word_1_436' title='bbox 1258 4727 1423 4783; x_wconf 78' lang='lat' dir='ltr'>potestasest</span> 
     </span>
     <span class='ocr_line' id='line_1_49' title="bbox 144 4788 1372 4857; baseline 0.002 -21"><span class='ocrx_word' id='word_1_437' title='bbox 144 4788 199 4837; x_wconf 88' lang='lat' dir='ltr'>BV</span> <span class='ocrx_word' id='word_1_438' title='bbox 260 4790 294 4841; x_wconf 79' lang='lat'>29</span> <span class='ocrx_word' id='word_1_439' title='bbox 312 4790 484 4841; x_wconf 84' lang='lat' dir='ltr'>deliberabant</span> <span class='ocrx_word' id='word_1_440' title='bbox 502 4791 528 4840; x_wconf 97' lang='lat' dir='ltr'><em>B</em></span> <span class='ocrx_word' id='word_1_441' title='bbox 579 4790 613 4841; x_wconf 80' lang='lat'>32</span> <span class='ocrx_word' id='word_1_442' title='bbox 632 4798 793 4857; x_wconf 86' lang='lat' dir='ltr'>praeceptum</span> <span class='ocrx_word' id='word_1_443' title='bbox 812 4792 844 4841; x_wconf 86' lang='lat' dir='ltr'>sit</span> <span class='ocrx_word' id='word_1_444' title='bbox 863 4801 890 4840; x_wconf 87' lang='lat' dir='ltr'>ut</span> <span class='ocrx_word' id='word_1_445' title='bbox 910 4789 1035 4840; x_wconf 74' lang='lat' dir='ltr'>Weberuo</span> <span class='ocrx_word' id='word_1_446' title='bbox 1052 4798 1214 4854; x_wconf 84' lang='lat' dir='ltr'>praeceptum</span> <span class='ocrx_word' id='word_1_447' title='bbox 1233 4789 1298 4838; x_wconf 83' lang='lat' dir='ltr'>sicut</span> <span class='ocrx_word' id='word_1_448' title='bbox 1319 4788 1372 4839; x_wconf 87' lang='lat' dir='ltr'>BV</span> 
     </span>
     <span class='ocr_line' id='line_1_50' title="bbox 144 4856 1257 4925; baseline -0.001 -16"><span class='ocrx_word' id='word_1_449' title='bbox 144 4857 344 4910; x_wconf 65' lang='lat' dir='ltr'>aestuaremus</span> <span class='ocrx_word' id='word_1_450' title='bbox 360 4876 460 4925; x_wconf 83' lang='lat' dir='ltr'>qnoque</span> <span class='ocrx_word' id='word_1_451' title='bbox 478 4877 544 4924; x_wconf 80' lang='lat' dir='ltr'>qnae</span> <span class='ocrx_word' id='word_1_452' title='bbox 561 4860 616 4911; x_wconf 86' lang='lat' dir='ltr'>loca</span> <span class='ocrx_word' id='word_1_453' title='bbox 634 4860 689 4910; x_wconf 88' lang='lat' dir='ltr'>BV</span> <span class='ocrx_word' id='word_1_454' title='bbox 752 4860 785 4911; x_wconf 84' lang='grc'>39</span> <span class='ocrx_word' id='word_1_455' title='bbox 801 4862 876 4911; x_wconf 89' lang='lat' dir='ltr'>immo</span> <span class='ocrx_word' id='word_1_456' title='bbox 896 4858 941 4925; x_wconf 86' lang='lat' dir='ltr'>uit]</span> <span class='ocrx_word' id='word_1_457' title='bbox 967 4860 1044 4924; x_wconf 79' lang='lat' dir='ltr'>Verp.</span> <span class='ocrx_word' id='word_1_458' title='bbox 1066 4859 1131 4914; x_wconf 84' lang='lat' dir='ltr'>Aen.</span> <span class='ocrx_word' id='word_1_459' title='bbox 1150 4856 1187 4908; x_wconf 85' lang='lat' dir='ltr'>XI</span> <span class='ocrx_word' id='word_1_460' title='bbox 1205 4858 1257 4911; x_wconf 78' lang='lat'>459</span> 
     </span>
    </p>
   </div>
   <div class='ocr_carea' id='block_1_12' title="bbox 0 0 1768 5600">
    <p class='ocr_par' dir='ltr' id='par_1_18' title="bbox 0 0 1768 5600">
     <span class='ocr_line' id='line_1_51' title="bbox 0 0 1768 5600; baseline 0 2"><span class='ocrx_word' id='word_1_461' title='bbox 0 0 1768 5600; x_wconf 95' lang='lat' dir='ltr'> </span> 
     </span>
    </p>
   </div>
  </div>
 </body>
</html>
