3525 5600
691 349 928 412 COMMENTVM
1384 349 1445 413 301

1266 459 1385 512 pest-ot
1398 457 1422 500 1.

241 535 418 616 Prolempsis
446 543 490 596 est
516 539 758 616 praeoccupatio:
793 539 835 597 sic
864 544 963 618 potest
988 536 1079 598 latine
1107 537 1179 606 dici,
1201 535 1380 618 prolempsis
1403 544 1448 598 εει

167 641 383 720 praeoccupatio
411 641 455 699 rei
478 639 607 700 loturae.
650 638 792 719 pleraque
815 656 891 717 quae
913 646 1015 716 postea
1037 640 1111 700 liunt
1137 641 1180 700 sic
1203 638 1328 700 dicimus
1352 635 1357 720 Ι
1382 657 1446 707 nos,

168 741 239 819 quasi
267 746 335 800 ante
364 741 441 801 lacta
469 743 543 810 sint,
573 749 603 802 et
630 741 734 820 incipit
761 759 826 802 esse
859 741 907 802 bic
929 750 1045 822 tropus,
1080 740 1307 822 ‘Lavinaque
1340 743 1448 802 venit

167 843 296 902 litora'.
340 839 391 901 illo
420 849 567 922 tempore,
596 855 655 921 quo
684 843 761 904 venit
788 843 902 904 Aeneas
930 843 966 904 ad
994 842 1121 912 ltaliam,
1150 841 1246 905 adhuc
1268 863 1329 905 non
1351 844 1447 905 luerat

148 944 296 1004 ebruinum
325 943 466 1024 oppidum
494 962 549 1005 nec
578 945 686 1005 Latina
714 942 809 1006 litora.
855 963 927 1024 ergo
954 942 1005 1024 illo
1032 943 1098 1005 loco
1121 947 1178 1006 erit
1198 945 1393 1026 prolempsis,
1417 946 1446 1007 id

167 1054 205 1106 εει
224 1047 463 1126 praeoccupatio,
487 1065 574 1126 quem
598 1046 634 1107 ad
657 1046 777 1107 modum
800 1048 872 1109 item
895 1046 953 1108 alio
976 1045 1056 1119 loco,

306 1155 393 1209 tunc
415 1166 454 1208 se
477 1148 519 1208 ad
542 1147 693 1208 Caietae
715 1156 821 1210 recto
843 1150 919 1210 lert
941 1146 1052 1210 litore
1074 1158 1231 1230 portum.

167 1251 270 1311 Caietae
291 1256 395 1329 portus
417 1249 467 1310 illo
490 1257 624 1330 tempore
646 1269 706 1311 non
729 1250 840 1321 iuerat,
870 1250 922 1311 sed
944 1259 1047 1330 postea
1070 1262 1187 1314 mortua
1209 1253 1307 1314 Caieta
1330 1253 1373 1313 sic
1395 1271 1446 1333 ap·
1539 1277 1544 1284 ·

167 1351 282 1431 peilatus
305 1359 357 1412 est.
403 1370 475 1430 ergo
497 1351 677 1433 prolempsis
699 1351 807 1413 dicitur
828 1354 1058 1432 praeoccupatio
1079 1356 1125 1414 rei
1147 1355 1271 1416 futurae.

139 1481 157 1520 n
242 1453 402 1533 Pleraeque
426 1457 515 1515 etiam
537 1455 649 1532 figurae
670 1456 838 1516 contrariae
861 1463 941 1524 sunt,
957 1473 1016 1534 quo
1038 1455 1127 1516 modo
1150 1465 1220 1519 sunt
1242 1458 1331 1518 etiam
1354 1465 1447 1518 meta·

168 1557 269 1636 plasmi.
301 1575 421 1635 zeugma
446 1564 475 1616 ει
496 1554 685 1636 hypozeuxis,
709 1575 778 1617 ecce
801 1559 853 1618 ista
878 1556 937 1617 duo
959 1560 1106 1618 contraria
1129 1566 1209 1620 sunt.
1240 1577 1308 1620 nam
1323 1576 1445 1638 zeugma

167 1660 272 1730 dicitur,
295 1660 433 1739 quotiens
455 1676 515 1720 uno
539 1657 629 1719 verbo
644 1659 753 1721 multas
774 1678 822 1721 res
838 1657 1016 1729 claudimus;
1034 1658 1216 1739 hypozeuxis
1231 1669 1286 1730 est,
1309 1663 1447 1741 quotiens

167 1761 284 1841 singulas
310 1780 361 1822 res
387 1759 510 1839 siugulis
538 1759 701 1821 claudimus
729 1760 835 1822 verbis.
883 1777 1006 1840 zeugma
1035 1768 1095 1830 εει,
1125 1761 1242 1841 quando
1269 1761 1319 1824 illa
1347 1764 1446 1824 omnia

168 1882 233 1941 quae
253 1863 415 1943 praemissa
437 1870 508 1922 sunt
530 1863 709 1924 clauduntur
732 1861 837 1934 verbo,
867 1861 954 1940 quale
982 1871 1028 1924 est
1053 1861 1126 1922 illud
1154 1864 1235 1941 quod
1263 1864 1324 1926 dixi
1346 1864 1444 1934 modo,
1464 1927 1467 1936 ,

140 1969 224 2047 n‘qui
242 1968 359 2028 numina
375 1963 497 2034 Phoebi,
521 1967 571 2044 qui
592 1965 733 2045 tripodas,
751 1964 828 2027 Clari
843 1964 954 2035 laurus,
979 1965 1028 2044 qui
1051 1964 1149 2026 sidera
1164 1969 1284 2029 sentis'.
1314 1968 1444 2035 interim,

167 2070 292 2150 quoniam
320 2068 401 2128 venit
422 2068 479 2128 iste
501 2085 604 2128 versus
632 2067 667 2128 ad
691 2069 837 2138 animum,
868 2086 928 2128 non
952 2076 1079 2128 stantem
1101 2066 1185 2128 illum
1207 2066 1311 2144 legunt
1332 2086 1444 2137 omnes,

167 2173 226 2250 ‘qui
245 2171 364 2231 numina
386 2167 499 2229 Phoebi
521 2171 571 2246 qui
594 2169 727 2248 tripodas
750 2168 859 2232 Clari’:
890 2187 950 2230 non
973 2177 1031 2230 stat
1052 2187 1164 2232 versus.
1207 2172 1266 2232 iam
1288 2171 1313 2230 si
1334 2171 1379 2230 sic
1399 2170 1444 2230 di·

168 2275 215 2342 cis,
242 2290 299 2332 non
321 2278 380 2334 stat
403 2289 520 2340 versus:
553 2270 605 2332 scd
628 2271 761 2332 dicemus
788 2273 855 2353 ‘qui
877 2271 1011 2352 tripodas
1031 2270 1153 2342 Clarii’,
1183 2274 1250 2352 quia
1278 2271 1323 2333 cla
1345 2271 1444 2333 brevis

168 2383 216 2435 est:
238 2375 305 2454 ‘qui
327 2373 459 2454 tripodas
482 2372 576 2434 Clari'
599 2375 624 2434 si
646 2373 735 2448 dicas,
760 2380 793 2434 ut
815 2374 854 2434 sit
875 2372 1042 2453 spondeus,
1066 2393 1127 2435 non
1148 2381 1215 2443 stat,
1239 2373 1292 2434 sed
1315 2374 1373 2435 erit
1394 2374 1444 2435 da·

139 2475 263 2554 acolytus,
292 2473 390 2537 brevis
413 2482 458 2536 est
480 2477 559 2536 enim
583 2475 642 2547 cla,
668 2473 672 2558 Ι
693 2483 723 2536 ει
744 2494 849 2538 omnes
877 2483 978 2537 tamen
1005 2477 1048 2536 sic
1076 2475 1181 2554 legunt
1200 2477 1327 2554 penitus.
1372 2493 1444 2555 ergo

168 2581 289 2656 quotiens
314 2595 374 2638 uno
402 2578 494 2639 verbo
522 2577 653 2639 diversas
682 2577 828 2638 clausulas
856 2579 1069 2655 conponimus2
1103 2595 1226 2656 zeugma
1253 2584 1306 2638 est.
1352 2577 1444 2658 hypo·

168 2683 255 2741 zeuxis
277 2689 321 2742 εει
342 2689 450 2749 autem,
475 2682 612 2760 quotiens
635 2677 766 2758 singulas
788 2698 837 2740 res
860 2679 984 2758 singulis
1006 2678 1171 2742 claudimus
1192 2680 1299 2750 verbis,
1323 2689 1355 2740 ut

304 2801 430 2862 regem
453 2782 530 2843 edit
553 2791 587 2843 et
609 2763 687 2861 regi
711 2792 889 2843 memorat
911 2769 1118 2861 oomehque
1141 2801 1343 2863 genusque:

168 2892 273 2964 ‘regem
307 2885 383 2947 adit'
411 2904 517 2947 sensns
552 2893 609 2955 est,
646 2886 728 2963 ‘regi
760 2886 923 2946 memorat’
950 2903 1053 2945 sensus
1090 2894 1149 2957 est,
1185 2884 1309 2965 ‘quidve
1345 2887 1443 2965 petat'

138 2993 260 3047 bsensus
282 2996 334 3057 est,
359 2988 486 3065 ‘quidve
509 2990 670 3049 memoret’
695 3006 799 3048 sensus
822 2994 874 3057 εει,
898 2986 997 3048 ‘arma
1019 3005 1094 3067 quae
1116 2987 1172 3048 sibi
1196 2988 1353 3067 conponit'
1376 3006 1442 3048 sen·

167 3109 209 3149 sus
230 3097 279 3161 est,
303 3088 458 3158 ‘humanis
481 3108 556 3171 quae
578 3091 616 3151 sit
637 3088 745 3150 rebus'
769 3107 876 3150 sensus
899 3097 956 3157 est:
979 3087 1114 3168 singulae
1135 3107 1185 3149 res
1199 3089 1326 3168 singulis
1345 3089 1444 3151 verbis

168 3191 317 3273 completae
339 3198 418 3253 sunt.

241 3294 409 3375 Syllempsis
432 3300 477 3355 εει
499 3293 685 3356 dissimilium
709 3312 810 3355 rerum
833 3312 892 3355 una
914 3292 1080 3364 conclusio,
1109 3302 1180 3375 puta
1206 3296 1232 3355 si
1253 3312 1347 3374 ponas
1369 3294 1445 3357 duos

167 3414 293 3457 numeros
316 3396 451 3457 diversos
473 3404 502 3455 ει
523 3398 574 3456 uni
596 3396 788 3476 respondeas,
812 3395 939 3457 alterurn
962 3396 1126 3476 relinquas;
1154 3398 1179 3457 sl
1200 3414 1295 3477 ponas
1311 3396 1370 3458 duo
1392 3415 1443 3476 ge·

138 3510 229 3557 onera
251 3498 363 3559 diversa
387 3508 416 3559 et
438 3516 497 3558 uno
519 3500 623 3577 generi
646 3498 837 3577 respondeas,
862 3497 990 3560 alterum
1017 3496 1178 3579 relinquas.
1205 3506 1277 3578 puta
1299 3498 1376 3559 ‘hie
1397 3499 1444 3559 il·

167 3597 231 3661 lius
257 3620 371 3679 arma,
405 3599 465 3660 bic
493 3619 629 3662 currus
662 3602 766 3661 luit’:
801 3600 861 3661 ‘bic
888 3599 968 3661 illius
990 3618 1097 3662 currus
1119 3599 1185 3660 iuit’
1207 3600 1285 3662 bene
1307 3598 1442 3670 dicimus,

166 3698 249 3763 ‘arma
274 3704 339 3764 luit'
370 3720 430 3765 nou
458 3702 690 3764 benedicimus.
738 3720 809 3781 ergo
832 3700 1000 3783 syllempsis
1023 3711 1080 3774 est,
1110 3704 1247 3781 quotiens
1268 3721 1329 3762 uno
1352 3702 1442 3763 verbo

166 3804 367 3882 respondemus
386 3805 503 3865 duabus
524 3806 615 3866 rebus
638 3803 839 3874 dissimilibus,
861 3807 902 3866 ita
924 3814 958 3866 ut
979 3822 1038 3866 una
1060 3824 1129 3885 pars
1150 3806 1299 3885 pertineat
1319 3804 1356 3864 ad
1372 3806 1442 3866 sim·

167 3905 262 3983 plicem
283 3908 490 3978 elocutionem,
514 3907 606 3968 altera
630 3906 665 3967 ad
688 3907 853 3985 figuratam.
897 3926 966 3968 nam
988 3906 1107 3985 quando
1128 3906 1264 3989 dicilmus
1285 3906 1352 3967 ‘hic
1373 3925 1441 3967 cur·

139 4021 212 4067 erus
236 4008 318 4081 luit’,
349 4008 474 4089 simplex
504 4017 549 4070 est
577 4008 720 4078 elocutio;
755 4008 872 4089 quaudo
906 4008 1036 4072 dicimus
1060 4008 1162 4071 ‘arma
1190 4009 1278 4078 iuit',
1308 4027 1369 4069 non
1398 4016 1442 4069 est

168 4109 281 4190 simplex
303 4111 443 4181 elocutio,
474 4111 525 4172 sed
549 4113 680 4190 figurata.
727 4130 798 4189 ergo
826 4109 993 4191 syllempsis
1021 4111 1130 4173 dicitur
1157 4110 1338 4189 singularum
1361 4110 1442 4171 clau·

169 4210 287 4274 solarum
308 4234 364 4276 une
388 4212 549 4275 conclusio.
594 4212 667 4275 haec
691 4222 788 4274 autem
817 4212 985 4293 syllempsis
1007 4232 1066 4275 non
1089 4221 1204 4274 tantum
1225 4214 1255 4271 in
1279 4211 1378 4274 verbis
1399 4213 1441 4280 lit,

170 4312 213 4373 sed
240 4316 321 4377 etiarn
348 4318 381 4375 in
409 4314 555 4376 sensibus.
606 4318 870 4395 quotienscumque
900 4334 950 4376 res
976 4325 1136 4377 narrantur
1149 4313 1337 4385 dissimiles,
1367 4332 1442 4394 quae

169 4465 455 4479 -ξ--ο-ι

228 4552 400 4621 3ιεείεἱεῳιε
419 4558 489 4607 uenit
503 4556 537 4605 P:
555 4556 634 4620 Verp.
649 4556 714 4606 Aen.
737 4556 745 4603 l
763 4556 780 4605 2
852 4553 867 4602 7
887 4550 958 4619 tnnc]
982 4557 1061 4619 Vero.
1082 4554 1146 4605 Aen.
1162 4554 1197 4603 Vl
1212 4554 1262 4607 901
1334 4555 1368 4607 14
1383 4571 1442 4622 pro-

171 4622 236 4673 missa
251 4624 352 4677 BGSP
437 4628 468 4678 15
487 4626 574 4675 learns
589 4628 614 4676 P
632 4626 717 4675 lauros
731 4624 782 4673 BS
800 4624 899 4675 lauriG
985 4626 1016 4675 17
1033 4624 1102 4673 clari·
1113 4625 1199 4674 lourns
1217 4641 1267 4674 non
1284 4633 1334 4676 stat
1348 4626 1374 4677 B

173 4692 353 4748 lbdleemusP
370 4698 479 4747 dicimus
499 4695 575 4747 BOS
643 4696 676 4747 23
692 4692 790 4761 regem]
814 4696 893 4759 Verp.
911 4695 975 4744 Αεη.
991 4694 1016 4744 Χ
1035 4694 1086 4746 149
1155 4696 1250 4745 aditet
1267 4696 1444 4762 regandiit

172 4766 287 4830 etregiS
302 4768 353 4817 odit
371 4768 492 4834 regiBO
558 4766 593 4817 ²4
611 4766 711 4815 ndiitS
780 4764 1004 4831 PbcomponetP
1070 4764 1170 4833 aonio]
1196 4767 1276 4832 Venp.
1296 4766 1362 4817 Aen.
1382 4766 1444 4818 116

212 4832 242 4885 33
258 4836 352 4887 duobus
366 4839 451 4887 uerbis
464 4837 571 4889 BGSP
622 4836 656 4887 38
676 4841 808 4885 narrantur
826 4835 847 4885 0
863 4845 999 4885 nascantur
1016 4852 1031 4886 c
1046 4845 1185 4887 nascuntur
1201 4838 1254 4889 BS
1272 4836 1446 4889 noscuntur?
