<?xml version="1.0" encoding="UTF-8"?>
<!DOCTYPE html PUBLIC "-//W3C//DTD XHTML 1.0 Transitional//EN"
    "http://www.w3.org/TR/xhtml1/DTD/xhtml1-transitional.dtd">
<html xmlns="http://www.w3.org/1999/xhtml" xml:lang="en" lang="en">
 <head>
  <title>
</title>
<meta http-equiv="Content-Type" content="text/html;charset=utf-8" />
  <meta name='ocr-system' content='tesseract 3.04.00' />
  <meta name='ocr-capabilities' content='ocr_page ocr_carea ocr_par ocr_line ocrx_word'/>
</head>
<body>
  <div class='ocr_page' id='page_1' title='image "./grammaticilatin03hagagoog_0082.png"; bbox 0 0 3525 5600; ppageno 0'>
   <div class='ocr_carea' id='block_1_1' title="bbox 304 304 1035 473">
    <p class='ocr_par' dir='ltr' id='par_1_1' title="bbox 304 304 1035 473">
     <span class='ocr_line' id='line_1_1' title="bbox 304 304 1035 371; baseline -0.008 0"><span class='ocrx_word' id='word_1_1' title='bbox 304 307 345 371; x_wconf 74' lang='lat'><strong>72</strong></span> <span class='ocrx_word' id='word_1_2' title='bbox 859 304 1035 366; x_wconf 84' lang='lat' dir='ltr'><strong>CLEDONll</strong></span> 
     </span>
     <span class='ocr_line' id='line_1_2' title="bbox 329 417 501 473; baseline -0.012 -15"><span class='ocrx_word' id='word_1_3' title='bbox 329 432 350 473; x_wconf 77' lang='lat' dir='ltr'><strong>p.</strong></span> <span class='ocrx_word' id='word_1_4' title='bbox 364 419 465 460; x_wconf 76' lang='lat' dir='ltr'><strong>teos-so</strong></span> <span class='ocrx_word' id='word_1_5' title='bbox 478 417 501 457; x_wconf 81' lang='lat' dir='ltr'><strong>u.</strong></span> 
     </span>
    </p>
   </div>
   <div class='ocr_carea' id='block_1_2' title="bbox 148 491 1720 2816">
    <p class='ocr_par' dir='ltr' id='par_1_2' title="bbox 148 491 1720 2816">
     <span class='ocr_line' id='line_1_3' title="bbox 304 491 1588 578; baseline -0.005 -20"><span class='ocrx_word' id='word_1_6' title='bbox 304 500 429 578; x_wconf 89' lang='lat' dir='ltr'><strong>cipium,</strong></span> <span class='ocrx_word' id='word_1_7' title='bbox 453 496 530 576; x_wconf 82' lang='lat' dir='ltr'><strong>quod</strong></span> <span class='ocrx_word' id='word_1_8' title='bbox 554 515 570 557; x_wconf 93' lang='lat' dir='ltr'><strong>a</strong></span> <span class='ocrx_word' id='word_1_9' title='bbox 593 494 683 556; x_wconf 86' lang='lat' dir='ltr'><strong>verbo</strong></span> <span class='ocrx_word' id='word_1_10' title='bbox 706 495 792 554; x_wconf 88' lang='lat' dir='ltr'><strong>venit.</strong></span> <span class='ocrx_word' id='word_1_11' title='bbox 838 494 984 554; x_wconf 74' lang='lat' dir='ltr'>tunicatus</span> <span class='ocrx_word' id='word_1_12' title='bbox 1006 499 1140 554; x_wconf 72' lang='lat' dir='ltr'><strong>conlatus</strong></span> <span class='ocrx_word' id='word_1_13' title='bbox 1163 501 1192 552; x_wconf 91' lang='lat' dir='ltr'><strong>et</strong></span> <span class='ocrx_word' id='word_1_14' title='bbox 1213 491 1358 571; x_wconf 77' lang='lat' dir='ltr'><strong>galeatus,</strong></span> <span class='ocrx_word' id='word_1_15' title='bbox 1389 493 1457 571; x_wconf 87' lang='lat' dir='ltr'><strong>quia</strong></span> <span class='ocrx_word' id='word_1_16' title='bbox 1480 492 1588 568; x_wconf 76' lang='lat' dir='ltr'><strong>signiti-</strong></span> 
     </span>
     <span class='ocr_line' id='line_1_4' title="bbox 148 593 1588 675; baseline -0.006 -15"><span class='ocrx_word' id='word_1_17' title='bbox 148 643 155 658; x_wconf 86' lang='lat'>.</span> <span class='ocrx_word' id='word_1_18' title='bbox 187 611 245 670; x_wconf 82' lang='lat'><strong>388,</strong></span> <span class='ocrx_word' id='word_1_19' title='bbox 263 609 292 657; x_wconf 80' lang='lat'><strong>13</strong></span> <span class='ocrx_word' id='word_1_20' title='bbox 304 599 469 662; x_wconf 87' lang='lat' dir='ltr'><strong>cationibus</strong></span> <span class='ocrx_word' id='word_1_21' title='bbox 489 605 606 667; x_wconf 86' lang='lat' dir='ltr'><strong>carent,</strong></span> <span class='ocrx_word' id='word_1_22' title='bbox 629 596 766 673; x_wconf 83' lang='lat' dir='ltr'><strong>ambigua</strong></span> <span class='ocrx_word' id='word_1_23' title='bbox 794 597 951 675; x_wconf 86' lang='lat' dir='ltr'><strong>participia</strong></span> <span class='ocrx_word' id='word_1_24' title='bbox 974 603 1052 656; x_wconf 91' lang='lat' dir='ltr'><strong>sunt.</strong></span> <span class='ocrx_word' id='word_1_25' title='bbox 1080 627 1113 640; x_wconf 90' lang='lat'><strong>·-</strong></span> <span class='ocrx_word' id='word_1_26' title='bbox 1139 596 1188 656; x_wconf 81' lang='lat' dir='ltr'><strong>Ex</strong></span> <span class='ocrx_word' id='word_1_27' title='bbox 1210 593 1347 673; x_wconf 88' lang='lat' dir='ltr'><strong>quibus</strong></span> <span class='ocrx_word' id='word_1_28' title='bbox 1370 602 1456 655; x_wconf 90' lang='lat' dir='ltr'><strong>sunt</strong></span> <span class='ocrx_word' id='word_1_29' title='bbox 1478 595 1588 654; x_wconf 87' lang='lat' dir='ltr'><strong>etiam</strong></span> 
     </span>
     <span class='ocr_line' id='line_1_5' title="bbox 303 694 1586 777; baseline -0.007 -15"><span class='ocrx_word' id='word_1_30' title='bbox 303 701 384 763; x_wconf 89' lang='lat' dir='ltr'><strong>illa:</strong></span> <span class='ocrx_word' id='word_1_31' title='bbox 421 705 477 762; x_wconf 90' lang='lat' dir='ltr'><strong>ista</strong></span> <span class='ocrx_word' id='word_1_32' title='bbox 510 697 598 761; x_wconf 90' lang='lat' dir='ltr'><strong>dubia</strong></span> <span class='ocrx_word' id='word_1_33' title='bbox 626 706 695 760; x_wconf 89' lang='lat' dir='ltr'><strong>sunt</strong></span> <span class='ocrx_word' id='word_1_34' title='bbox 722 707 752 757; x_wconf 90' lang='lat' dir='ltr'><strong>et</strong></span> <span class='ocrx_word' id='word_1_35' title='bbox 778 696 835 758; x_wconf 87' lang='lat' dir='ltr'><strong>alia</strong></span> <span class='ocrx_word' id='word_1_36' title='bbox 863 716 938 777; x_wconf 91' lang='lat' dir='ltr'><strong>quae</strong></span> <span class='ocrx_word' id='word_1_37' title='bbox 966 704 1105 758; x_wconf 85' lang='lat' dir='ltr'><strong>secuntur</strong></span> <span class='ocrx_word' id='word_1_38' title='bbox 1134 696 1189 757; x_wconf 90' lang='lat' dir='ltr'><strong>sub</strong></span> <span class='ocrx_word' id='word_1_39' title='bbox 1219 695 1410 777; x_wconf 86' lang='lat' dir='ltr'><strong>sequentibus</strong></span> <span class='ocrx_word' id='word_1_40' title='bbox 1438 694 1586 774; x_wconf 80' lang='lat' dir='ltr'><strong>exemplis.</strong></span> 
     </span>
     <span class='ocr_line' id='line_1_6' title="bbox 304 796 1586 881; baseline -0.006 -17"><span class='ocrx_word' id='word_1_41' title='bbox 304 821 373 864; x_wconf 91' lang='lat' dir='ltr'><strong>nam</strong></span> <span class='ocrx_word' id='word_1_42' title='bbox 402 811 431 863; x_wconf 90' lang='lat' dir='ltr'><strong>et</strong></span> <span class='ocrx_word' id='word_1_43' title='bbox 457 819 582 881; x_wconf 89' lang='lat' dir='ltr'><strong>pransus</strong></span> <span class='ocrx_word' id='word_1_44' title='bbox 610 808 639 860; x_wconf 87' lang='lat' dir='ltr'><strong>et</strong></span> <span class='ocrx_word' id='word_1_45' title='bbox 665 806 787 860; x_wconf 90' lang='lat' dir='ltr'><strong>cenatus</strong></span> <span class='ocrx_word' id='word_1_46' title='bbox 809 798 888 879; x_wconf 84' lang='lat' dir='ltr'><strong>quod</strong></span> <span class='ocrx_word' id='word_1_47' title='bbox 911 799 1032 867; x_wconf 88' lang='lat' dir='ltr'><strong>dicitur,</strong></span> <span class='ocrx_word' id='word_1_48' title='bbox 1055 797 1202 876; x_wconf 84' lang='lat' dir='ltr'><strong>prandeor</strong></span> <span class='ocrx_word' id='word_1_49' title='bbox 1226 805 1255 859; x_wconf 91' lang='lat' dir='ltr'><strong>et</strong></span> <span class='ocrx_word' id='word_1_50' title='bbox 1276 816 1367 860; x_wconf 84' lang='lat' dir='ltr'><strong>conor</strong></span> <span class='ocrx_word' id='word_1_51' title='bbox 1390 815 1449 858; x_wconf 92' lang='lat' dir='ltr'><strong>nou</strong></span> <span class='ocrx_word' id='word_1_52' title='bbox 1471 796 1586 857; x_wconf 90' lang='lat' dir='ltr'><strong>dicitur.</strong></span> 
     </span>
     <span class='ocr_line' id='line_1_7' title="bbox 304 895 1720 983; baseline -0.004 -18"><span class='ocrx_word' id='word_1_53' title='bbox 304 911 374 965; x_wconf 93' lang='lat' dir='ltr'><strong>sunt</strong></span> <span class='ocrx_word' id='word_1_54' title='bbox 395 904 548 983; x_wconf 84' lang='lat' dir='ltr'><strong>participia</strong></span> <span class='ocrx_word' id='word_1_55' title='bbox 562 921 638 982; x_wconf 90' lang='lat' dir='ltr'><strong>quae</strong></span> <span class='ocrx_word' id='word_1_56' title='bbox 654 921 670 961; x_wconf 93' lang='lat' dir='ltr'><strong>a</strong></span> <span class='ocrx_word' id='word_1_57' title='bbox 686 900 784 962; x_wconf 88' lang='lat' dir='ltr'><strong>verbis</strong></span> <span class='ocrx_word' id='word_1_58' title='bbox 805 899 989 962; x_wconf 74' lang='lat' dir='ltr'><strong>neutralibus</strong></span> <span class='ocrx_word' id='word_1_59' title='bbox 1011 901 1132 960; x_wconf 79' lang='lat' dir='ltr'><strong>venunt</strong></span> <span class='ocrx_word' id='word_1_60' title='bbox 1154 907 1184 960; x_wconf 91' lang='lat' dir='ltr'><strong>et</strong></span> <span class='ocrx_word' id='word_1_61' title='bbox 1207 910 1303 961; x_wconf 89' lang='lat' dir='ltr'><strong>tamen</strong></span> <span class='ocrx_word' id='word_1_62' title='bbox 1326 895 1493 983; x_wconf 78' lang='lat' dir='ltr'><strong>praellteriti</strong></span> <span class='ocrx_word' id='word_1_63' title='bbox 1516 905 1615 960; x_wconf 86' lang='lat' dir='ltr'><strong>tem-⁵</strong></span> <span class='ocrx_word' id='word_1_64' title='bbox 1719 915 1720 932; x_wconf 63' lang='lat'>¹</span> 
     </span>
     <span class='ocr_line' id='line_1_8' title="bbox 303 999 1590 1091; baseline -0.005 -24"><span class='ocrx_word' id='word_1_65' title='bbox 303 1007 384 1085; x_wconf 83' lang='lat' dir='ltr'><strong>poris</strong></span> <span class='ocrx_word' id='word_1_66' title='bbox 398 1023 461 1091; x_wconf 25' lang='lat' dir='ltr'><strong>‘nec</strong></span> <span class='ocrx_word' id='word_1_67' title='bbox 483 1023 543 1065; x_wconf 91' lang='lat' dir='ltr'><strong>uon</strong></span> <span class='ocrx_word' id='word_1_68' title='bbox 566 1013 596 1065; x_wconf 91' lang='lat' dir='ltr'><strong>et</strong></span> <span class='ocrx_word' id='word_1_69' title='bbox 616 1004 723 1074; x_wconf 78' lang='lat' dir='ltr'><strong>futuri,</strong></span> <span class='ocrx_word' id='word_1_70' title='bbox 747 1001 825 1082; x_wconf 85' lang='lat' dir='ltr'><strong>quod</strong></span> <span class='ocrx_word' id='word_1_71' title='bbox 850 999 934 1086; x_wconf 87' lang='lat' dir='ltr'><strong>[non]</strong></span> <span class='ocrx_word' id='word_1_72' title='bbox 957 1003 987 1062; x_wconf 92' lang='lat' dir='ltr'><strong>in</strong></span> <span class='ocrx_word' id='word_1_73' title='bbox 1004 1002 1059 1062; x_wconf 92' lang='lat' dir='ltr'><strong>dus</strong></span> <span class='ocrx_word' id='word_1_74' title='bbox 1073 1000 1214 1082; x_wconf 80' lang='lat' dir='ltr'><strong>syllabam</strong></span> <span class='ocrx_word' id='word_1_75' title='bbox 1229 1005 1302 1073; x_wconf 86' lang='lat' dir='ltr'><strong>exit,</strong></span> <span class='ocrx_word' id='word_1_76' title='bbox 1326 1021 1429 1064; x_wconf 92' lang='lat' dir='ltr'><strong>sonum</strong></span> <span class='ocrx_word' id='word_1_77' title='bbox 1445 1003 1590 1062; x_wconf 88' lang='lat' dir='ltr'><strong>sustinere</strong></span> 
     </span>
     <span class='ocr_line' id='line_1_9' title="bbox 304 1104 1590 1186; baseline -0.003 -19"><span class='ocrx_word' id='word_1_78' title='bbox 304 1108 509 1186; x_wconf 87' lang='lat' dir='ltr'><strong>reperiuntur,</strong></span> <span class='ocrx_word' id='word_1_79' title='bbox 539 1113 572 1166; x_wconf 91' lang='lat' dir='ltr'><strong>ut</strong></span> <span class='ocrx_word' id='word_1_80' title='bbox 597 1105 674 1186; x_wconf 86' lang='lat' dir='ltr'><strong>apud</strong></span> <span class='ocrx_word' id='word_1_81' title='bbox 702 1104 873 1166; x_wconf 80' lang='lat' dir='ltr'><strong>Sallustium</strong></span> <span class='ocrx_word' id='word_1_82' title='bbox 900 1109 1071 1165; x_wconf 80' lang='lat' dir='ltr'><strong>‘cenatos</strong></span> <span class='ocrx_word' id='word_1_83' title='bbox 1099 1123 1183 1165; x_wconf 88' lang='lat' dir='ltr'><strong>esse</strong></span> <span class='ocrx_word' id='word_1_84' title='bbox 1215 1105 1253 1164; x_wconf 92' lang='lat' dir='ltr'><strong>in</strong></span> <span class='ocrx_word' id='word_1_85' title='bbox 1283 1105 1446 1166; x_wconf 85' lang='lat' dir='ltr'><strong>castris’.</strong></span> <span class='ocrx_word' id='word_1_86' title='bbox 1491 1106 1530 1165; x_wconf 88' lang='lat' dir='ltr'><strong>ita</strong></span> <span class='ocrx_word' id='word_1_87' title='bbox 1561 1109 1590 1164; x_wconf 91' lang='lat' dir='ltr'><strong>et</strong></span> 
     </span>
     <span class='ocr_line' id='line_1_10' title="bbox 304 1204 1589 1287; baseline -0.001 -20"><span class='ocrx_word' id='word_1_88' title='bbox 304 1207 381 1287; x_wconf 89' lang='lat' dir='ltr'><strong>apud</strong></span> <span class='ocrx_word' id='word_1_89' title='bbox 403 1207 579 1287; x_wconf 79' lang='lat' dir='ltr'><strong>Vergilium,</strong></span> <span class='ocrx_word' id='word_1_90' title='bbox 602 1211 825 1267; x_wconf 77' lang='lat' dir='ltr'><strong>‘monstrum</strong></span> <span class='ocrx_word' id='word_1_91' title='bbox 854 1204 1081 1266; x_wconf 85' lang='lat' dir='ltr'><strong>horrendum</strong></span> <span class='ocrx_word' id='word_1_92' title='bbox 1102 1207 1261 1283; x_wconf 84' lang='lat' dir='ltr'><strong>ingens’.</strong></span> <span class='ocrx_word' id='word_1_93' title='bbox 1306 1225 1384 1267; x_wconf 90' lang='lat' dir='ltr'><strong>nunc</strong></span> <span class='ocrx_word' id='word_1_94' title='bbox 1405 1205 1479 1266; x_wconf 87' lang='lat' dir='ltr'><strong>hacc</strong></span> <span class='ocrx_word' id='word_1_95' title='bbox 1501 1208 1589 1286; x_wconf 86' lang='lat' dir='ltr'><strong>parti-</strong></span> 
     </span>
     <span class='ocr_line' id='line_1_11' title="bbox 304 1305 1589 1391; baseline 0 -22"><span class='ocrx_word' id='word_1_96' title='bbox 304 1310 380 1388; x_wconf 90' lang='lat' dir='ltr'><strong>cipia</strong></span> <span class='ocrx_word' id='word_1_97' title='bbox 414 1327 528 1388; x_wconf 79' lang='lat' dir='ltr'><strong>qaiaea</strong></span> <span class='ocrx_word' id='word_1_98' title='bbox 555 1309 653 1370; x_wconf 83' lang='lat' dir='ltr'><strong>verbis</strong></span> <span class='ocrx_word' id='word_1_99' title='bbox 675 1305 681 1391; x_wconf 86' lang='grc' dir='ltr'>Ι</span> <span class='ocrx_word' id='word_1_100' title='bbox 706 1305 888 1370; x_wconf 86' lang='lat' dir='ltr'><strong>neutralibus</strong></span> <span class='ocrx_word' id='word_1_101' title='bbox 915 1309 1036 1368; x_wconf 88' lang='lat' dir='ltr'><strong>veniunt</strong></span> <span class='ocrx_word' id='word_1_102' title='bbox 1064 1309 1215 1386; x_wconf 88' lang='lat' dir='ltr'><strong>praeteriti</strong></span> <span class='ocrx_word' id='word_1_103' title='bbox 1243 1306 1286 1368; x_wconf 86' lang='lat' dir='ltr'><strong>vel</strong></span> <span class='ocrx_word' id='word_1_104' title='bbox 1314 1309 1405 1369; x_wconf 86' lang='lat' dir='ltr'><strong>loturi</strong></span> <span class='ocrx_word' id='word_1_105' title='bbox 1438 1318 1589 1369; x_wconf 85' lang='lat' dir='ltr'><strong>auctorum</strong></span> 
     </span>
     <span class='ocr_line' id='line_1_12' title="bbox 304 1409 1628 1491; baseline 0 -21"><span class='ocrx_word' id='word_1_106' title='bbox 304 1409 467 1490; x_wconf 84' lang='lat' dir='ltr'><strong>probantur</strong></span> <span class='ocrx_word' id='word_1_107' title='bbox 495 1410 649 1491; x_wconf 80' lang='lat' dir='ltr'><strong>exemplis.</strong></span> <span class='ocrx_word' id='word_1_108' title='bbox 681 1445 717 1454; x_wconf 91' lang='lat'><em>-</em></span> <span class='ocrx_word' id='word_1_109' title='bbox 746 1413 854 1472; x_wconf 77' lang='lat' dir='ltr'><strong>Amans</strong></span> <span class='ocrx_word' id='word_1_110' title='bbox 881 1410 1000 1488; x_wconf 87' lang='lat' dir='ltr'><strong>sapiens</strong></span> <span class='ocrx_word' id='word_1_111' title='bbox 1029 1417 1058 1470; x_wconf 86' lang='lat' dir='ltr'><strong>et</strong></span> <span class='ocrx_word' id='word_1_112' title='bbox 1079 1416 1176 1470; x_wconf 88' lang='lat' dir='ltr'><strong>cetera</strong></span> <span class='ocrx_word' id='word_1_113' title='bbox 1200 1409 1318 1488; x_wconf 85' lang='lat' dir='ltr'><strong>quaudo</strong></span> <span class='ocrx_word' id='word_1_114' title='bbox 1340 1419 1539 1491; x_wconf 79' lang='lat' dir='ltr'><strong>conparantur</strong></span> <span class='ocrx_word' id='word_1_115' title='bbox 1562 1417 1628 1471; x_wconf 71' lang='grc' dir='ltr'><strong>ειὶἢ</strong></span> 
     </span>
     <span class='ocr_line' id='line_1_13' title="bbox 305 1510 1591 1592; baseline 0.001 -20"><span class='ocrx_word' id='word_1_116' title='bbox 305 1511 444 1573; x_wconf 85' lang='lat' dir='ltr'><strong>adverbia</strong></span> <span class='ocrx_word' id='word_1_117' title='bbox 466 1513 578 1574; x_wconf 89' lang='lat' dir='ltr'><strong>iaciunt</strong></span> <span class='ocrx_word' id='word_1_118' title='bbox 599 1519 629 1574; x_wconf 92' lang='grc' dir='ltr'><strong>ει</strong></span> <span class='ocrx_word' id='word_1_119' title='bbox 649 1513 785 1592; x_wconf 79' lang='lat' dir='ltr'><strong>genetivo</strong></span> <span class='ocrx_word' id='word_1_120' title='bbox 799 1513 881 1572; x_wconf 90' lang='lat' dir='ltr'><strong>casui</strong></span> <span class='ocrx_word' id='word_1_121' title='bbox 897 1513 1126 1590; x_wconf 75' lang='lat' dir='ltr'><strong>coniunguntur,</strong></span> <span class='ocrx_word' id='word_1_122' title='bbox 1151 1510 1248 1592; x_wconf 84' lang='lat' dir='ltr'><strong>[quia]</strong></span> <span class='ocrx_word' id='word_1_123' title='bbox 1271 1514 1390 1584; x_wconf 89' lang='lat' dir='ltr'><strong>nomina</strong></span> <span class='ocrx_word' id='word_1_124' title='bbox 1412 1521 1488 1582; x_wconf 89' lang='lat' dir='ltr'><strong>sunt,</strong></span> <span class='ocrx_word' id='word_1_125' title='bbox 1513 1513 1591 1574; x_wconf 73' lang='lat' dir='ltr'><strong>uncle</strong></span> 
     </span>
     <span class='ocr_line' id='line_1_14' title="bbox 305 1613 1589 1694; baseline 0.001 -20"><span class='ocrx_word' id='word_1_126' title='bbox 305 1613 461 1675; x_wconf 85' lang='lat' dir='ltr'><strong>Sallustius</strong></span> <span class='ocrx_word' id='word_1_127' title='bbox 489 1614 622 1676; x_wconf 78' lang='lat' dir='ltr'><strong>‘alieni</strong></span> <span class='ocrx_word' id='word_1_128' title='bbox 657 1621 855 1694; x_wconf 77' lang='lat' dir='ltr'><strong>appetens,</strong></span> <span class='ocrx_word' id='word_1_129' title='bbox 891 1615 948 1674; x_wconf 91' lang='lat' dir='ltr'><strong>sui</strong></span> <span class='ocrx_word' id='word_1_130' title='bbox 975 1614 1184 1694; x_wconf 81' lang='lat' dir='ltr'><strong>profusus’,</strong></span> <span class='ocrx_word' id='word_1_131' title='bbox 1219 1615 1403 1692; x_wconf 76' lang='lat' dir='ltr'><strong>‘fugitans</strong></span> <span class='ocrx_word' id='word_1_132' title='bbox 1435 1614 1589 1684; x_wconf 88' lang='lat' dir='ltr'><strong>litium&#39;‚</strong></span> 
     </span>
     <span class='ocr_line' id='line_1_15' title="bbox 304 1715 1592 1796; baseline 0 -20"><span class='ocrx_word' id='word_1_133' title='bbox 304 1717 443 1794; x_wconf 85' lang='lat' dir='ltr'><strong>quoniam</strong></span> <span class='ocrx_word' id='word_1_134' title='bbox 470 1717 626 1796; x_wconf 88' lang='lat' dir='ltr'><strong>participia</strong></span> <span class='ocrx_word' id='word_1_135' title='bbox 655 1734 710 1777; x_wconf 91' lang='lat' dir='ltr'><strong>nec</strong></span> <span class='ocrx_word' id='word_1_136' title='bbox 736 1722 936 1796; x_wconf 77' lang='lat' dir='ltr'><strong>conparantur</strong></span> <span class='ocrx_word' id='word_1_137' title='bbox 964 1734 1019 1776; x_wconf 89' lang='lat' dir='ltr'><strong>nec</strong></span> <span class='ocrx_word' id='word_1_138' title='bbox 1046 1715 1184 1776; x_wconf 89' lang='lat' dir='ltr'><strong>adverbia</strong></span> <span class='ocrx_word' id='word_1_139' title='bbox 1217 1717 1329 1776; x_wconf 82' lang='lat' dir='ltr'><strong>iaciunt</strong></span> <span class='ocrx_word' id='word_1_140' title='bbox 1355 1724 1384 1777; x_wconf 91' lang='grc' dir='ltr'><strong>ει</strong></span> <span class='ocrx_word' id='word_1_141' title='bbox 1418 1717 1592 1786; x_wconf 76' lang='lat' dir='ltr'><strong>accusativo,</strong></span> 
     </span>
     <span class='ocr_line' id='line_1_16' title="bbox 260 1819 1590 1896; baseline -0.001 -17"><span class='ocrx_word' id='word_1_142' title='bbox 260 1833 364 1879; x_wconf 79' lang='lat' dir='ltr'><strong>1onon</strong></span> <span class='ocrx_word' id='word_1_143' title='bbox 393 1819 528 1896; x_wconf 82' lang='lat' dir='ltr'><strong>genetivo</strong></span> <span class='ocrx_word' id='word_1_144' title='bbox 556 1819 725 1895; x_wconf 84' lang='lat' dir='ltr'><strong>iunguntur.</strong></span> <span class='ocrx_word' id='word_1_145' title='bbox 758 1852 792 1861; x_wconf 96' lang='lat'>-</span> <span class='ocrx_word' id='word_1_146' title='bbox 823 1819 865 1876; x_wconf 91' lang='lat' dir='ltr'><strong>Vt</strong></span> <span class='ocrx_word' id='word_1_147' title='bbox 887 1835 1059 1896; x_wconf 88' lang='lat' dir='ltr'><strong>pransus,</strong></span> <span class='ocrx_word' id='word_1_148' title='bbox 1082 1826 1247 1879; x_wconf 87' lang='lat' dir='ltr'><strong>conatus:</strong></span> <span class='ocrx_word' id='word_1_149' title='bbox 1271 1823 1389 1896; x_wconf 82' lang='lat' dir='ltr'><strong>rogatus</strong></span> <span class='ocrx_word' id='word_1_150' title='bbox 1412 1826 1442 1879; x_wconf 90' lang='lat' dir='ltr'><strong>et</strong></span> <span class='ocrx_word' id='word_1_151' title='bbox 1463 1825 1590 1888; x_wconf 90' lang='lat' dir='ltr'><strong>cenatus,</strong></span> 
     </span>
     <span class='ocr_line' id='line_1_17' title="bbox 306 1918 1629 2000; baseline 0.002 -22"><span class='ocrx_word' id='word_1_152' title='bbox 306 1920 332 1978; x_wconf 90' lang='lat' dir='ltr'><strong>si</strong></span> <span class='ocrx_word' id='word_1_153' title='bbox 360 1918 396 1979; x_wconf 91' lang='lat' dir='ltr'><strong>ad</strong></span> <span class='ocrx_word' id='word_1_154' title='bbox 423 1918 576 1980; x_wconf 90' lang='lat' dir='ltr'><strong>hominum</strong></span> <span class='ocrx_word' id='word_1_155' title='bbox 604 1918 743 1980; x_wconf 88' lang='lat' dir='ltr'><strong>vocabola</strong></span> <span class='ocrx_word' id='word_1_156' title='bbox 771 1926 984 1998; x_wconf 81' lang='lat' dir='ltr'><strong>contorqueas,</strong></span> <span class='ocrx_word' id='word_1_157' title='bbox 1015 1920 1134 1980; x_wconf 87' lang='lat' dir='ltr'><strong>nomina</strong></span> <span class='ocrx_word' id='word_1_158' title='bbox 1162 1928 1244 1989; x_wconf 79' lang='lat' dir='ltr'><strong>sunt:</strong></span> <span class='ocrx_word' id='word_1_159' title='bbox 1275 1921 1300 1980; x_wconf 87' lang='lat' dir='ltr'><strong>si</strong></span> <span class='ocrx_word' id='word_1_160' title='bbox 1323 1939 1392 1980; x_wconf 84' lang='lat' dir='ltr'><strong>vero</strong></span> <span class='ocrx_word' id='word_1_161' title='bbox 1414 1920 1451 1981; x_wconf 75' lang='lat' dir='ltr'><strong>acl</strong></span> <span class='ocrx_word' id='word_1_162' title='bbox 1474 1928 1591 2000; x_wconf 87' lang='lat' dir='ltr'><strong>tempus</strong></span> <span class='ocrx_word' id='word_1_163' title='bbox 1606 1929 1629 1966; x_wconf 84' lang='lat'><strong>¹⁵</strong></span> 
     </span>
     <span class='ocr_line' id='line_1_18' title="bbox 261 2007 1720 2100; baseline 0 -18"><span class='ocrx_word' id='word_1_164' title='bbox 261 2022 435 2100; x_wconf 83' lang='lat' dir='ltr'><strong>18propriis</strong></span> <span class='ocrx_word' id='word_1_165' title='bbox 462 2032 531 2083; x_wconf 87' lang='lat' dir='ltr'><strong>sunt</strong></span> <span class='ocrx_word' id='word_1_166' title='bbox 556 2020 730 2082; x_wconf 86' lang='lat' dir='ltr'><strong>nominihus</strong></span> <span class='ocrx_word' id='word_1_167' title='bbox 757 2020 886 2090; x_wconf 86' lang='lat' dir='ltr'><strong>adiecta,</strong></span> <span class='ocrx_word' id='word_1_168' title='bbox 915 2021 1077 2100; x_wconf 88' lang='lat' dir='ltr'><strong>participia.</strong></span> <span class='ocrx_word' id='word_1_169' title='bbox 1107 2055 1149 2064; x_wconf 99' lang='lat'><strong>—</strong></span> <span class='ocrx_word' id='word_1_170' title='bbox 1176 2020 1260 2083; x_wconf 89' lang='lat' dir='ltr'><strong>Nam</strong></span> <span class='ocrx_word' id='word_1_171' title='bbox 1290 2041 1403 2083; x_wconf 88' lang='lat' dir='ltr'><strong>nocco</strong></span> <span class='ocrx_word' id='word_1_172' title='bbox 1435 2021 1591 2091; x_wconf 84' lang='lat' dir='ltr'><strong>dicitur,</strong></span> <span class='ocrx_word' id='word_1_173' title='bbox 1719 2007 1720 2014; x_wconf 9' lang='grc' dir='ltr'>ἵ</span> 
     </span>
     <span class='ocr_line' id='line_1_19' title="bbox 228 2120 1593 2209; baseline 0 -27"><span class='ocrx_word' id='word_1_174' title='bbox 228 2191 236 2209; x_wconf 43' lang='grc' dir='ltr'><strong><em>Ι</em></strong></span> <span class='ocrx_word' id='word_1_175' title='bbox 305 2124 466 2183; x_wconf 89' lang='lat' dir='ltr'><strong>iunoceo</strong></span> <span class='ocrx_word' id='word_1_176' title='bbox 489 2141 559 2184; x_wconf 91' lang='lat' dir='ltr'><strong>non</strong></span> <span class='ocrx_word' id='word_1_177' title='bbox 581 2122 735 2184; x_wconf 87' lang='lat' dir='ltr'><strong>dicitur:</strong></span> <span class='ocrx_word' id='word_1_178' title='bbox 758 2141 852 2184; x_wconf 90' lang='lat' dir='ltr'><strong>noceo</strong></span> <span class='ocrx_word' id='word_1_179' title='bbox 868 2141 978 2183; x_wconf 88' lang='lat' dir='ltr'><strong>nocens</strong></span> <span class='ocrx_word' id='word_1_180' title='bbox 994 2120 1165 2201; x_wconf 84' lang='lat' dir='ltr'><strong>simpliciter</strong></span> <span class='ocrx_word' id='word_1_181' title='bbox 1180 2123 1322 2193; x_wconf 88' lang='lat' dir='ltr'><strong>dicimus,</strong></span> <span class='ocrx_word' id='word_1_182' title='bbox 1346 2125 1472 2184; x_wconf 88' lang='lat' dir='ltr'><strong>innoceo</strong></span> <span class='ocrx_word' id='word_1_183' title='bbox 1494 2124 1593 2184; x_wconf 86' lang='lat' dir='ltr'><strong>tacere</strong></span> 
     </span>
     <span class='ocr_line' id='line_1_20' title="bbox 259 2222 1593 2305; baseline -0.001 -18"><span class='ocrx_word' id='word_1_184' title='bbox 259 2241 365 2288; x_wconf 75' lang='lat' dir='ltr'><strong>eonon</strong></span> <span class='ocrx_word' id='word_1_185' title='bbox 391 2231 499 2304; x_wconf 85' lang='lat' dir='ltr'><strong>potest</strong></span> <span class='ocrx_word' id='word_1_186' title='bbox 527 2259 569 2270; x_wconf 93' lang='lat'>—</span> <span class='ocrx_word' id='word_1_187' title='bbox 598 2224 692 2286; x_wconf 89' lang='lat' dir='ltr'><strong>Sunt</strong></span> <span class='ocrx_word' id='word_1_188' title='bbox 718 2222 847 2285; x_wconf 87' lang='lat' dir='ltr'><strong>multa:</strong></span> <span class='ocrx_word' id='word_1_189' title='bbox 881 2242 985 2304; x_wconf 87' lang='lat' dir='ltr'><strong>passus</strong></span> <span class='ocrx_word' id='word_1_190' title='bbox 1017 2225 1204 2304; x_wconf 84' lang='lat' dir='ltr'><strong>participium</strong></span> <span class='ocrx_word' id='word_1_191' title='bbox 1237 2225 1355 2305; x_wconf 85' lang='lat' dir='ltr'><strong>quando</strong></span> <span class='ocrx_word' id='word_1_192' title='bbox 1384 2225 1516 2295; x_wconf 87' lang='lat' dir='ltr'><strong>declino,</strong></span> <span class='ocrx_word' id='word_1_193' title='bbox 1544 2225 1593 2286; x_wconf 90' lang='lat' dir='ltr'><strong>hic</strong></span> 
     </span>
     <span class='ocr_line' id='line_1_21' title="bbox 304 2323 1594 2407; baseline 0 -20"><span class='ocrx_word' id='word_1_194' title='bbox 304 2345 410 2407; x_wconf 88' lang='lat' dir='ltr'><strong>passus</strong></span> <span class='ocrx_word' id='word_1_195' title='bbox 436 2325 523 2387; x_wconf 87' lang='lat' dir='ltr'><strong>huius</strong></span> <span class='ocrx_word' id='word_1_196' title='bbox 550 2329 632 2406; x_wconf 87' lang='lat' dir='ltr'><strong>passi</strong></span> <span class='ocrx_word' id='word_1_197' title='bbox 661 2327 745 2394; x_wconf 77' lang='lat' dir='ltr'><strong>lacit:</strong></span> <span class='ocrx_word' id='word_1_198' title='bbox 775 2326 824 2386; x_wconf 88' lang='lat' dir='ltr'><strong>hic</strong></span> <span class='ocrx_word' id='word_1_199' title='bbox 850 2343 953 2404; x_wconf 90' lang='lat' dir='ltr'><strong>passus</strong></span> <span class='ocrx_word' id='word_1_200' title='bbox 981 2325 1070 2386; x_wconf 90' lang='lat' dir='ltr'><strong>huius</strong></span> <span class='ocrx_word' id='word_1_201' title='bbox 1099 2345 1201 2406; x_wconf 88' lang='lat' dir='ltr'><strong>passus</strong></span> <span class='ocrx_word' id='word_1_202' title='bbox 1229 2345 1347 2388; x_wconf 87' lang='lat' dir='ltr'><strong>nomen.</strong></span> <span class='ocrx_word' id='word_1_203' title='bbox 1394 2323 1537 2407; x_wconf 81' lang='lat' dir='ltr'><strong>silmiliter</strong></span> <span class='ocrx_word' id='word_1_204' title='bbox 1565 2335 1594 2388; x_wconf 90' lang='grc' dir='ltr'><strong>ει</strong></span> 
     </span>
     <span class='ocr_line' id='line_1_22' title="bbox 305 2426 1720 2506; baseline -0.001 -16"><span class='ocrx_word' id='word_1_205' title='bbox 305 2431 386 2490; x_wconf 77' lang='lat' dir='ltr'><strong>visais</strong></span> <span class='ocrx_word' id='word_1_206' title='bbox 415 2426 524 2489; x_wconf 86' lang='lat' dir='ltr'><strong>cultus:</strong></span> <span class='ocrx_word' id='word_1_207' title='bbox 555 2445 625 2488; x_wconf 87' lang='lat' dir='ltr'><strong>nam</strong></span> <span class='ocrx_word' id='word_1_208' title='bbox 653 2427 703 2489; x_wconf 89' lang='lat' dir='ltr'><strong>ille</strong></span> <span class='ocrx_word' id='word_1_209' title='bbox 729 2430 884 2506; x_wconf 80' lang='lat' dir='ltr'><strong>genetivus</strong></span> <span class='ocrx_word' id='word_1_210' title='bbox 912 2428 942 2486; x_wconf 93' lang='lat' dir='ltr'><strong>in</strong></span> <span class='ocrx_word' id='word_1_211' title='bbox 970 2427 994 2496; x_wconf 91' lang='lat' dir='ltr'><strong>i,</strong></span> <span class='ocrx_word' id='word_1_212' title='bbox 1022 2426 1072 2488; x_wconf 88' lang='lat' dir='ltr'><strong>ille</strong></span> <span class='ocrx_word' id='word_1_213' title='bbox 1099 2429 1130 2488; x_wconf 92' lang='lat' dir='ltr'><strong>in</strong></span> <span class='ocrx_word' id='word_1_214' title='bbox 1158 2447 1202 2489; x_wconf 88' lang='lat' dir='ltr'><strong>us.</strong></span> <span class='ocrx_word' id='word_1_215' title='bbox 1248 2431 1362 2490; x_wconf 89' lang='lat' dir='ltr'><strong>namsi</strong></span> <span class='ocrx_word' id='word_1_216' title='bbox 1385 2430 1504 2490; x_wconf 92' lang='lat' dir='ltr'><strong>nomina</strong></span> <span class='ocrx_word' id='word_1_217' title='bbox 1526 2437 1630 2490; x_wconf 72' lang='lat' dir='ltr'><strong>sunt²⁰</strong></span> <span class='ocrx_word' id='word_1_218' title='bbox 1719 2463 1720 2466; x_wconf 60' lang='lat'><em>=</em></span> 
     </span>
     <span class='ocr_line' id='line_1_23' title="bbox 260 2528 1593 2610; baseline -0.002 -17"><span class='ocrx_word' id='word_1_219' title='bbox 260 2545 291 2593; x_wconf 79' lang='lat'><strong>21</strong></span> <span class='ocrx_word' id='word_1_220' title='bbox 305 2550 364 2592; x_wconf 91' lang='lat' dir='ltr'><strong>noo</strong></span> <span class='ocrx_word' id='word_1_221' title='bbox 386 2530 498 2592; x_wconf 88' lang='lat' dir='ltr'><strong>hahent</strong></span> <span class='ocrx_word' id='word_1_222' title='bbox 519 2540 667 2610; x_wconf 87' lang='lat' dir='ltr'><strong>tempora,</strong></span> <span class='ocrx_word' id='word_1_223' title='bbox 695 2529 722 2590; x_wconf 87' lang='lat' dir='ltr'><strong>si</strong></span> <span class='ocrx_word' id='word_1_224' title='bbox 742 2530 896 2609; x_wconf 86' lang='lat' dir='ltr'><strong>participia</strong></span> <span class='ocrx_word' id='word_1_225' title='bbox 918 2536 1001 2598; x_wconf 83' lang='lat' dir='ltr'><strong>sunt,</strong></span> <span class='ocrx_word' id='word_1_226' title='bbox 1024 2528 1135 2590; x_wconf 85' lang='lat' dir='ltr'><strong>habent</strong></span> <span class='ocrx_word' id='word_1_227' title='bbox 1155 2538 1298 2610; x_wconf 88' lang='lat' dir='ltr'><strong>tempora.</strong></span> <span class='ocrx_word' id='word_1_228' title='bbox 1327 2565 1361 2574; x_wconf 88' lang='lat'>—</span> <span class='ocrx_word' id='word_1_229' title='bbox 1386 2529 1593 2610; x_wconf 86' lang='lat' dir='ltr'><strong>Participia</strong></span> 
     </span>
     <span class='ocr_line' id='line_1_24' title="bbox 307 2630 1593 2712; baseline -0.001 -19"><span class='ocrx_word' id='word_1_230' title='bbox 307 2633 432 2694; x_wconf 89' lang='lat' dir='ltr'><strong>eadem</strong></span> <span class='ocrx_word' id='word_1_231' title='bbox 456 2641 492 2694; x_wconf 91' lang='lat' dir='ltr'><strong>et</strong></span> <span class='ocrx_word' id='word_1_232' title='bbox 514 2634 676 2702; x_wconf 88' lang='lat' dir='ltr'><strong>nomina,</strong></span> <span class='ocrx_word' id='word_1_233' title='bbox 700 2638 738 2692; x_wconf 91' lang='lat' dir='ltr'><strong>ut</strong></span> <span class='ocrx_word' id='word_1_234' title='bbox 759 2648 890 2710; x_wconf 91' lang='lat' dir='ltr'><strong>passus</strong></span> <span class='ocrx_word' id='word_1_235' title='bbox 912 2631 1014 2691; x_wconf 79' lang='lat' dir='ltr'><strong>visus</strong></span> <span class='ocrx_word' id='word_1_236' title='bbox 1043 2630 1158 2710; x_wconf 71' lang='lat' dir='ltr'><strong>(luorum</strong></span> <span class='ocrx_word' id='word_1_237' title='bbox 1179 2633 1402 2712; x_wconf 85' lang='lat' dir='ltr'><strong>participiorum</strong></span> <span class='ocrx_word' id='word_1_238' title='bbox 1417 2631 1593 2694; x_wconf 88' lang='lat' dir='ltr'><strong>vocabulum</strong></span> 
     </span>
     <span class='ocr_line' id='line_1_25' title="bbox 308 2731 1592 2816; baseline 0.002 -22"><span class='ocrx_word' id='word_1_239' title='bbox 308 2733 366 2794; x_wconf 88' lang='lat' dir='ltr'><strong>talc</strong></span> <span class='ocrx_word' id='word_1_240' title='bbox 387 2742 445 2803; x_wconf 83' lang='lat' dir='ltr'><strong>est,</strong></span> <span class='ocrx_word' id='word_1_241' title='bbox 470 2734 548 2814; x_wconf 75' lang='lat' dir='ltr'><strong>quotl</strong></span> <span class='ocrx_word' id='word_1_242' title='bbox 572 2753 627 2794; x_wconf 91' lang='lat' dir='ltr'><strong>uec</strong></span> <span class='ocrx_word' id='word_1_243' title='bbox 649 2734 802 2815; x_wconf 89' lang='lat' dir='ltr'><strong>participia</strong></span> <span class='ocrx_word' id='word_1_244' title='bbox 824 2751 880 2794; x_wconf 86' lang='lat' dir='ltr'><strong>nec</strong></span> <span class='ocrx_word' id='word_1_245' title='bbox 903 2733 1036 2803; x_wconf 91' lang='lat' dir='ltr'><strong>nomina,</strong></span> <span class='ocrx_word' id='word_1_246' title='bbox 1061 2731 1113 2794; x_wconf 85' lang='lat' dir='ltr'><strong>sed</strong></span> <span class='ocrx_word' id='word_1_247' title='bbox 1135 2741 1204 2795; x_wconf 89' lang='lat' dir='ltr'><strong>suut</strong></span> <span class='ocrx_word' id='word_1_248' title='bbox 1225 2736 1344 2796; x_wconf 90' lang='lat' dir='ltr'><strong>nomina</strong></span> <span class='ocrx_word' id='word_1_249' title='bbox 1366 2737 1532 2816; x_wconf 90' lang='lat' dir='ltr'><strong>participiis</strong></span> <span class='ocrx_word' id='word_1_250' title='bbox 1553 2737 1592 2796; x_wconf 89' lang='lat' dir='ltr'><strong>si·</strong></span> 
     </span>
    </p>
   </div>
   <div class='ocr_carea' id='block_1_3' title="bbox 261 2832 1630 3022">
    <p class='ocr_par' dir='ltr' id='par_1_3' title="bbox 261 2832 1630 3022">
     <span class='ocr_line' id='line_1_26' title="bbox 261 2832 1591 2918; baseline 0.001 -21"><span class='ocrx_word' id='word_1_251' title='bbox 261 2834 398 2915; x_wconf 69' lang='lat' dir='ltr'><strong>tenallia)</strong></span> <span class='ocrx_word' id='word_1_252' title='bbox 420 2835 557 2897; x_wconf 91' lang='lat' dir='ltr'><strong>cultus:</strong></span> <span class='ocrx_word' id='word_1_253' title='bbox 598 2832 783 2917; x_wconf 76' lang='lat' dir='ltr'><strong>[coeptusz</strong></span> <span class='ocrx_word' id='word_1_254' title='bbox 812 2835 982 2915; x_wconf 86' lang='lat' dir='ltr'><strong>praeteriti;</strong></span> <span class='ocrx_word' id='word_1_255' title='bbox 1011 2854 1153 2915; x_wconf 87' lang='lat' dir='ltr'><strong>praesens</strong></span> <span class='ocrx_word' id='word_1_256' title='bbox 1180 2855 1308 2918; x_wconf 90' lang='lat' dir='ltr'><strong>coepens</strong></span> <span class='ocrx_word' id='word_1_257' title='bbox 1336 2857 1396 2898; x_wconf 94' lang='lat' dir='ltr'><strong>non</strong></span> <span class='ocrx_word' id='word_1_258' title='bbox 1423 2839 1503 2899; x_wconf 85' lang='lat' dir='ltr'><strong>lacit.</strong></span> <span class='ocrx_word' id='word_1_259' title='bbox 1543 2857 1591 2898; x_wconf 78' lang='lat' dir='ltr'><strong>aar·</strong></span> 
     </span>
     <span class='ocr_line' id='line_1_27' title="bbox 307 2935 1630 3022; baseline 0.002 -23"><span class='ocrx_word' id='word_1_260' title='bbox 307 2937 441 3017; x_wconf 79' lang='lat' dir='ltr'><strong>guendus</strong></span> <span class='ocrx_word' id='word_1_261' title='bbox 468 2939 628 3017; x_wconf 89' lang='lat' dir='ltr'><strong>praeterito</strong></span> <span class='ocrx_word' id='word_1_262' title='bbox 653 2955 713 2998; x_wconf 92' lang='lat' dir='ltr'><strong>nou</strong></span> <span class='ocrx_word' id='word_1_263' title='bbox 742 2938 813 2998; x_wconf 86' lang='lat' dir='ltr'><strong>lacit</strong></span> <span class='ocrx_word' id='word_1_264' title='bbox 839 2956 935 2999; x_wconf 87' lang='lat' dir='ltr'><strong>ursus.</strong></span> <span class='ocrx_word' id='word_1_265' title='bbox 982 2937 1153 3016; x_wconf 78' lang='lat' dir='ltr'><strong>arguendus</strong></span> <span class='ocrx_word' id='word_1_266' title='bbox 1184 2956 1314 3016; x_wconf 81' lang='lat' dir='ltr'><strong>urguens</strong></span> <span class='ocrx_word' id='word_1_267' title='bbox 1351 2935 1442 3022; x_wconf 80' lang='lat' dir='ltr'><strong>lacitl</strong></span> <span class='ocrx_word' id='word_1_268' title='bbox 1487 2958 1593 3019; x_wconf 90' lang='lat' dir='ltr'><strong>passus</strong></span> <span class='ocrx_word' id='word_1_269' title='bbox 1605 2944 1630 2982; x_wconf 80' lang='lat'><strong>²⁵</strong></span> 
     </span>
    </p>
   </div>
   <div class='ocr_carea' id='block_1_4' title="bbox 262 3037 1631 4035">
    <p class='ocr_par' dir='ltr' id='par_1_4' title="bbox 262 3037 1631 4035">
     <span class='ocr_line' id='line_1_28' title="bbox 308 3037 1594 3121; baseline 0.001 -21"><span class='ocrx_word' id='word_1_270' title='bbox 308 3058 416 3100; x_wconf 91' lang='lat' dir='ltr'><strong>nomen</strong></span> <span class='ocrx_word' id='word_1_271' title='bbox 444 3046 500 3108; x_wconf 91' lang='grc' dir='ltr'><strong>εει,</strong></span> <span class='ocrx_word' id='word_1_272' title='bbox 530 3038 648 3119; x_wconf 87' lang='lat' dir='ltr'><strong>quando</strong></span> <span class='ocrx_word' id='word_1_273' title='bbox 676 3037 800 3117; x_wconf 80' lang='lat' dir='ltr'><strong>gradum</strong></span> <span class='ocrx_word' id='word_1_274' title='bbox 828 3040 987 3117; x_wconf 64' lang='lat' dir='ltr'><strong>significan</strong></span> <span class='ocrx_word' id='word_1_275' title='bbox 1016 3040 1219 3120; x_wconf 86' lang='lat' dir='ltr'><strong>participium,</strong></span> <span class='ocrx_word' id='word_1_276' title='bbox 1254 3040 1372 3117; x_wconf 81' lang='lat' dir='ltr'><strong>quando</strong></span> <span class='ocrx_word' id='word_1_277' title='bbox 1401 3041 1510 3121; x_wconf 85' lang='lat' dir='ltr'><strong>aliquid</strong></span> <span class='ocrx_word' id='word_1_278' title='bbox 1560 3060 1594 3101; x_wconf 95' lang='lat' dir='ltr'><strong>os</strong></span> 
     </span>
     <span class='ocr_line' id='line_1_29' title="bbox 307 3140 1595 3222; baseline 0.002 -21"><span class='ocrx_word' id='word_1_279' title='bbox 307 3159 464 3222; x_wconf 85' lang='lat' dir='ltr'><strong>perpessos</strong></span> <span class='ocrx_word' id='word_1_280' title='bbox 486 3140 683 3209; x_wconf 88' lang='lat' dir='ltr'><strong>demonstrat;</strong></span> <span class='ocrx_word' id='word_1_281' title='bbox 708 3148 738 3201; x_wconf 91' lang='lat' dir='ltr'><strong>et</strong></span> <span class='ocrx_word' id='word_1_282' title='bbox 757 3140 875 3220; x_wconf 88' lang='lat' dir='ltr'><strong>quando</strong></span> <span class='ocrx_word' id='word_1_283' title='bbox 891 3158 999 3202; x_wconf 90' lang='lat' dir='ltr'><strong>nomen</strong></span> <span class='ocrx_word' id='word_1_284' title='bbox 1023 3148 1075 3211; x_wconf 88' lang='lat' dir='ltr'><strong>est,</strong></span> <span class='ocrx_word' id='word_1_285' title='bbox 1092 3149 1214 3221; x_wconf 83' lang='lat' dir='ltr'><strong>quartae</strong></span> <span class='ocrx_word' id='word_1_286' title='bbox 1236 3140 1454 3211; x_wconf 86' lang='lat' dir='ltr'><strong>declinationis;</strong></span> <span class='ocrx_word' id='word_1_287' title='bbox 1477 3160 1515 3221; x_wconf 81' lang='lat' dir='ltr'><strong>qu</strong></span> <span class='ocrx_word' id='word_1_288' title='bbox 1535 3142 1595 3205; x_wconf 89' lang='lat' dir='ltr'><strong>ndo</strong></span> 
     </span>
     <span class='ocr_line' id='line_1_30' title="bbox 308 3240 1594 3325; baseline 0.001 -21"><span class='ocrx_word' id='word_1_289' title='bbox 308 3242 503 3322; x_wconf 87' lang='lat' dir='ltr'><strong>participium,</strong></span> <span class='ocrx_word' id='word_1_290' title='bbox 528 3242 684 3304; x_wconf 84' lang='lat' dir='ltr'><strong>secundae.</strong></span> <span class='ocrx_word' id='word_1_291' title='bbox 725 3244 817 3312; x_wconf 85' lang='lat' dir='ltr'><strong>visus,</strong></span> <span class='ocrx_word' id='word_1_292' title='bbox 840 3241 958 3320; x_wconf 88' lang='lat' dir='ltr'><strong>quando</strong></span> <span class='ocrx_word' id='word_1_293' title='bbox 980 3240 1018 3303; x_wconf 84' lang='lat' dir='ltr'><strong>ab</strong></span> <span class='ocrx_word' id='word_1_294' title='bbox 1041 3241 1098 3303; x_wconf 91' lang='lat' dir='ltr'><strong>alio</strong></span> <span class='ocrx_word' id='word_1_295' title='bbox 1120 3262 1176 3305; x_wconf 90' lang='lat' dir='ltr'><strong>nos</strong></span> <span class='ocrx_word' id='word_1_296' title='bbox 1198 3243 1291 3305; x_wconf 88' lang='lat' dir='ltr'><strong>videri</strong></span> <span class='ocrx_word' id='word_1_297' title='bbox 1312 3244 1502 3313; x_wconf 88' lang='lat' dir='ltr'><strong>ostendimus,</strong></span> <span class='ocrx_word' id='word_1_298' title='bbox 1525 3262 1594 3325; x_wconf 87' lang='lat' dir='ltr'><strong>par-</strong></span> 
     </span>
     <span class='ocr_line' id='line_1_31' title="bbox 263 3344 1593 3425; baseline 0.001 -19"><span class='ocrx_word' id='word_1_299' title='bbox 263 3346 440 3425; x_wconf 82' lang='lat' dir='ltr'><strong>23ticipium</strong></span> <span class='ocrx_word' id='word_1_300' title='bbox 464 3352 522 3413; x_wconf 88' lang='lat' dir='ltr'><strong>est;</strong></span> <span class='ocrx_word' id='word_1_301' title='bbox 546 3344 662 3424; x_wconf 86' lang='lat' dir='ltr'><strong>quando</strong></span> <span class='ocrx_word' id='word_1_302' title='bbox 684 3346 777 3405; x_wconf 67' lang='lat' dir='ltr'><strong>vuum</strong></span> <span class='ocrx_word' id='word_1_303' title='bbox 799 3346 911 3423; x_wconf 88' lang='lat' dir='ltr'><strong>ipsum,</strong></span> <span class='ocrx_word' id='word_1_304' title='bbox 936 3363 1044 3406; x_wconf 89' lang='lat' dir='ltr'><strong>nornen</strong></span> <span class='ocrx_word' id='word_1_305' title='bbox 1068 3353 1120 3405; x_wconf 88' lang='lat' dir='ltr'><strong>est.</strong></span> <span class='ocrx_word' id='word_1_306' title='bbox 1144 3379 1186 3389; x_wconf 99' lang='lat'>—</span> <span class='ocrx_word' id='word_1_307' title='bbox 1209 3347 1252 3406; x_wconf 84' lang='lat' dir='ltr'><strong>vt</strong></span> <span class='ocrx_word' id='word_1_308' title='bbox 1275 3354 1332 3407; x_wconf 89' lang='grc' dir='ltr'><strong>εει</strong></span> <span class='ocrx_word' id='word_1_309' title='bbox 1358 3354 1510 3425; x_wconf 89' lang='lat' dir='ltr'><strong>coeptus</strong></span> <span class='ocrx_word' id='word_1_310' title='bbox 1531 3366 1593 3407; x_wconf 91' lang='lat' dir='ltr'><strong>ur-</strong></span> 
     </span>
     <span class='ocr_line' id='line_1_32' title="bbox 307 3444 1631 3525; baseline 0.001 -19"><span class='ocrx_word' id='word_1_311' title='bbox 307 3445 490 3524; x_wconf 83' lang='lat' dir='ltr'><strong>guendus:</strong></span> <span class='ocrx_word' id='word_1_312' title='bbox 514 3445 563 3505; x_wconf 92' lang='lat' dir='ltr'><strong>alii</strong></span> <span class='ocrx_word' id='word_1_313' title='bbox 586 3446 703 3523; x_wconf 88' lang='lat' dir='ltr'><strong>quidem</strong></span> <span class='ocrx_word' id='word_1_314' title='bbox 719 3444 821 3507; x_wconf 90' lang='lat' dir='ltr'><strong>volunt</strong></span> <span class='ocrx_word' id='word_1_315' title='bbox 843 3445 1014 3525; x_wconf 82' lang='lat' dir='ltr'><strong>arguendus</strong></span> <span class='ocrx_word' id='word_1_316' title='bbox 1029 3464 1117 3509; x_wconf 78' lang='lat' dir='ltr'><strong>urnas</strong></span> <span class='ocrx_word' id='word_1_317' title='bbox 1137 3448 1252 3516; x_wconf 84' lang='lat' dir='ltr'><strong>lacere,</strong></span> <span class='ocrx_word' id='word_1_318' title='bbox 1274 3446 1352 3513; x_wconf 83' lang='lat' dir='ltr'><strong>unde</strong></span> <span class='ocrx_word' id='word_1_319' title='bbox 1375 3454 1405 3507; x_wconf 93' lang='lat' dir='ltr'><strong>ct</strong></span> <span class='ocrx_word' id='word_1_320' title='bbox 1427 3449 1488 3507; x_wconf 87' lang='lat' dir='ltr'><strong>ursi</strong></span> <span class='ocrx_word' id='word_1_321' title='bbox 1509 3447 1593 3517; x_wconf 85' lang='lat' dir='ltr'><strong>dicti,</strong></span> <span class='ocrx_word' id='word_1_322' title='bbox 1607 3452 1631 3489; x_wconf 82' lang='lat'><strong>³⁰</strong></span> 
     </span>
     <span class='ocr_line' id='line_1_33' title="bbox 310 3547 1594 3631; baseline 0.001 -23"><span class='ocrx_word' id='word_1_323' title='bbox 310 3551 314 3631; x_wconf 81' lang='grc' dir='ltr'>Ι</span> <span class='ocrx_word' id='word_1_324' title='bbox 339 3547 417 3625; x_wconf 85' lang='lat' dir='ltr'><strong>quod</strong></span> <span class='ocrx_word' id='word_1_325' title='bbox 441 3566 474 3607; x_wconf 89' lang='lat' dir='ltr'><strong>se</strong></span> <span class='ocrx_word' id='word_1_326' title='bbox 496 3557 621 3625; x_wconf 81' lang='lat' dir='ltr'><strong>urgeant</strong></span> <span class='ocrx_word' id='word_1_327' title='bbox 641 3547 805 3618; x_wconf 87' lang='lat' dir='ltr'><strong>currendo,</strong></span> <span class='ocrx_word' id='word_1_328' title='bbox 829 3557 859 3611; x_wconf 89' lang='grc' dir='ltr'><strong>ει</strong></span> <span class='ocrx_word' id='word_1_329' title='bbox 881 3566 974 3626; x_wconf 79' lang='lat' dir='ltr'><strong>urgeo</strong></span> <span class='ocrx_word' id='word_1_330' title='bbox 997 3549 1068 3609; x_wconf 86' lang='lat' dir='ltr'><strong>ursi.</strong></span> <span class='ocrx_word' id='word_1_331' title='bbox 1106 3566 1154 3609; x_wconf 89' lang='lat' dir='ltr'><strong>ars</strong></span> <span class='ocrx_word' id='word_1_332' title='bbox 1176 3547 1296 3627; x_wconf 85' lang='lat' dir='ltr'><strong>quidem</strong></span> <span class='ocrx_word' id='word_1_333' title='bbox 1319 3547 1392 3609; x_wconf 88' lang='lat' dir='ltr'><strong>haec</strong></span> <span class='ocrx_word' id='word_1_334' title='bbox 1414 3547 1517 3619; x_wconf 87' lang='lat' dir='ltr'><strong>habet,</strong></span> <span class='ocrx_word' id='word_1_335' title='bbox 1541 3548 1594 3609; x_wconf 91' lang='lat' dir='ltr'><strong>sed</strong></span> 
     </span>
     <span class='ocr_line' id='line_1_34' title="bbox 308 3648 1594 3729; baseline 0 -20"><span class='ocrx_word' id='word_1_336' title='bbox 308 3649 456 3729; x_wconf 90' lang='lat' dir='ltr'><strong>euphonia</strong></span> <span class='ocrx_word' id='word_1_337' title='bbox 484 3667 574 3710; x_wconf 89' lang='lat' dir='ltr'><strong>sonos</strong></span> <span class='ocrx_word' id='word_1_338' title='bbox 600 3651 674 3710; x_wconf 86' lang='lat' dir='ltr'><strong>istos</strong></span> <span class='ocrx_word' id='word_1_339' title='bbox 701 3648 820 3711; x_wconf 88' lang='lat' dir='ltr'><strong>sustulit</strong></span> <span class='ocrx_word' id='word_1_340' title='bbox 849 3648 887 3709; x_wconf 89' lang='lat' dir='ltr'><strong>de</strong></span> <span class='ocrx_word' id='word_1_341' title='bbox 915 3649 1130 3711; x_wconf 83' lang='lat' dir='ltr'><strong>consuetudine</strong></span> <span class='ocrx_word' id='word_1_342' title='bbox 1159 3658 1187 3711; x_wconf 93' lang='lat' dir='ltr'><strong>et</strong></span> <span class='ocrx_word' id='word_1_343' title='bbox 1209 3650 1386 3711; x_wconf 78' lang='lat' dir='ltr'><strong>defectivum</strong></span> <span class='ocrx_word' id='word_1_344' title='bbox 1409 3651 1594 3729; x_wconf 85' lang='lat' dir='ltr'><strong>participium</strong></span> 
     </span>
     <span class='ocr_line' id='line_1_35' title="bbox 262 3749 1594 3831; baseline -0.002 -18"><span class='ocrx_word' id='word_1_345' title='bbox 262 3752 387 3815; x_wconf 76' lang='lat' dir='ltr'><strong>eolecit</strong></span> <span class='ocrx_word' id='word_1_346' title='bbox 411 3750 579 3813; x_wconf 85' lang='lat' dir='ltr'><strong>—Fieri</strong></span> <span class='ocrx_word' id='word_1_347' title='bbox 611 3770 719 3830; x_wconf 92' lang='lat' dir='ltr'><strong>posse</strong></span> <span class='ocrx_word' id='word_1_348' title='bbox 745 3770 815 3812; x_wconf 92' lang='lat' dir='ltr'><strong>non</strong></span> <span class='ocrx_word' id='word_1_349' title='bbox 843 3749 939 3810; x_wconf 94' lang='lat' dir='ltr'><strong>nulli</strong></span> <span class='ocrx_word' id='word_1_350' title='bbox 968 3758 1114 3829; x_wconf 87' lang='lat' dir='ltr'><strong>negant:</strong></span> <span class='ocrx_word' id='word_1_351' title='bbox 1144 3768 1204 3811; x_wconf 91' lang='lat' dir='ltr'><strong>nou</strong></span> <span class='ocrx_word' id='word_1_352' title='bbox 1232 3761 1277 3813; x_wconf 90' lang='grc' dir='ltr'><strong>εει</strong></span> <span class='ocrx_word' id='word_1_353' title='bbox 1304 3750 1486 3813; x_wconf 83' lang='lat' dir='ltr'><strong>credendum</strong></span> <span class='ocrx_word' id='word_1_354' title='bbox 1515 3751 1594 3831; x_wconf 88' lang='lat' dir='ltr'><strong>quod</strong></span> 
     </span>
     <span class='ocr_line' id='line_1_36' title="bbox 309 3850 1595 3932; baseline 0.002 -20"><span class='ocrx_word' id='word_1_355' title='bbox 309 3850 415 3914; x_wconf 79' lang='lat' dir='ltr'><strong>falsum</strong></span> <span class='ocrx_word' id='word_1_356' title='bbox 440 3860 491 3913; x_wconf 87' lang='lat' dir='ltr'><strong>est</strong></span> <span class='ocrx_word' id='word_1_357' title='bbox 524 3860 658 3913; x_wconf 87' lang='lat' dir='ltr'><strong>amanter</strong></span> <span class='ocrx_word' id='word_1_358' title='bbox 679 3854 759 3913; x_wconf 85' lang='lat' dir='ltr'><strong>veuit</strong></span> <span class='ocrx_word' id='word_1_359' title='bbox 780 3852 817 3914; x_wconf 89' lang='lat' dir='ltr'><strong>ab</strong></span> <span class='ocrx_word' id='word_1_360' title='bbox 840 3872 875 3913; x_wconf 93' lang='lat' dir='ltr'><strong>eo</strong></span> <span class='ocrx_word' id='word_1_361' title='bbox 899 3852 978 3929; x_wconf 88' lang='lat' dir='ltr'><strong>quod</strong></span> <span class='ocrx_word' id='word_1_362' title='bbox 1001 3860 1045 3911; x_wconf 87' lang='lat' dir='ltr'><strong>est</strong></span> <span class='ocrx_word' id='word_1_363' title='bbox 1067 3870 1176 3913; x_wconf 85' lang='lat' dir='ltr'><strong>amans.</strong></span> <span class='ocrx_word' id='word_1_364' title='bbox 1215 3854 1303 3913; x_wconf 89' lang='lat' dir='ltr'><strong>modo</strong></span> <span class='ocrx_word' id='word_1_365' title='bbox 1326 3872 1385 3915; x_wconf 90' lang='lat' dir='ltr'><strong>non</strong></span> <span class='ocrx_word' id='word_1_366' title='bbox 1409 3854 1595 3932; x_wconf 90' lang='lat' dir='ltr'><strong>participium</strong></span> 
     </span>
     <span class='ocr_line' id='line_1_37' title="bbox 308 3952 1631 4035; baseline 0.001 -21"><span class='ocrx_word' id='word_1_367' title='bbox 308 3962 366 4028; x_wconf 89' lang='lat' dir='ltr'><strong>est,</strong></span> <span class='ocrx_word' id='word_1_368' title='bbox 391 3954 442 4015; x_wconf 88' lang='lat' dir='ltr'><strong>sed</strong></span> <span class='ocrx_word' id='word_1_369' title='bbox 465 3973 589 4024; x_wconf 89' lang='lat' dir='ltr'><strong>nomen,</strong></span> <span class='ocrx_word' id='word_1_370' title='bbox 618 3956 648 4013; x_wconf 91' lang='lat' dir='ltr'><strong>iu</strong></span> <span class='ocrx_word' id='word_1_371' title='bbox 671 3962 782 4015; x_wconf 91' lang='lat' dir='ltr'><strong>tantum</strong></span> <span class='ocrx_word' id='word_1_372' title='bbox 805 3960 838 4013; x_wconf 91' lang='lat' dir='ltr'><strong>ut</strong></span> <span class='ocrx_word' id='word_1_373' title='bbox 860 3954 948 4013; x_wconf 92' lang='lat' dir='ltr'><strong>etiam</strong></span> <span class='ocrx_word' id='word_1_374' title='bbox 970 3955 1210 4032; x_wconf 90' lang='lat' dir='ltr'><strong>conparationem</strong></span> <span class='ocrx_word' id='word_1_375' title='bbox 1233 3952 1386 4035; x_wconf 68' lang='lat' dir='ltr'><strong>recillpiat:</strong></span> <span class='ocrx_word' id='word_1_376' title='bbox 1415 3954 1485 4015; x_wconf 88' lang='lat' dir='ltr'><strong>lacit</strong></span> <span class='ocrx_word' id='word_1_377' title='bbox 1513 3956 1592 4015; x_wconf 89' lang='lat' dir='ltr'><strong>euim</strong></span> <span class='ocrx_word' id='word_1_378' title='bbox 1606 3960 1631 3998; x_wconf 79' lang='lat'><strong>³⁵</strong></span> 
     </span>
    </p>
   </div>
   <div class='ocr_carea' id='block_1_5' title="bbox 308 4154 1595 4295">
    <p class='ocr_par' dir='ltr' id='par_1_5' title="bbox 308 4154 1595 4295">
     <span class='ocr_line' id='line_1_38' title="bbox 376 4154 1595 4226; baseline -0.001 -16"><span class='ocrx_word' id='word_1_379' title='bbox 376 4160 438 4210; x_wconf 77' lang='lat' dir='ltr'><strong>cod.</strong></span> <span class='ocrx_word' id='word_1_380' title='bbox 458 4158 535 4210; x_wconf 83' lang='lat' dir='ltr'><strong>Bem.</strong></span> <span class='ocrx_word' id='word_1_381' title='bbox 555 4157 603 4210; x_wconf 84' lang='lat' dir='ltr'><strong>Xll</strong></span> <span class='ocrx_word' id='word_1_382' title='bbox 619 4154 723 4208; x_wconf 81' lang='lat'><strong>7-8*.</strong></span> <span class='ocrx_word' id='word_1_383' title='bbox 794 4156 887 4208; x_wconf 73' lang='lat' dir='ltr'><strong>tdicit</strong></span> <span class='ocrx_word' id='word_1_384' title='bbox 903 4156 1029 4223; x_wconf 80' lang='lat' dir='ltr'><strong>prandeor</strong></span> <span class='ocrx_word' id='word_1_385' title='bbox 1100 4157 1253 4209; x_wconf 80' lang='lat' dir='ltr'><strong>dicitursed</strong></span> <span class='ocrx_word' id='word_1_386' title='bbox 1272 4158 1406 4226; x_wconf 83' lang='lat' dir='ltr'><strong>participio</strong></span> <span class='ocrx_word' id='word_1_387' title='bbox 1424 4174 1489 4223; x_wconf 84' lang='lat' dir='ltr'><strong>quae</strong></span> <span class='ocrx_word' id='word_1_388' title='bbox 1504 4159 1595 4210; x_wconf 82' lang='lat' dir='ltr'><strong>adoer-</strong></span> 
     </span>
     <span class='ocr_line' id='line_1_39' title="bbox 308 4228 1524 4295; baseline 0.001 -18"><span class='ocrx_word' id='word_1_389' title='bbox 308 4229 359 4279; x_wconf 81' lang='lat' dir='ltr'><strong>biis</strong></span> <span class='ocrx_word' id='word_1_390' title='bbox 428 4228 567 4295; x_wconf 69' lang='lat' dir='ltr'><strong>Scyllabo</strong></span> <span class='ocrx_word' id='word_1_391' title='bbox 635 4228 846 4293; x_wconf 81' lang='lat' dir='ltr'><strong>&#39;trepperiuntur</strong></span> <span class='ocrx_word' id='word_1_392' title='bbox 916 4236 978 4291; x_wconf 85' lang='lat' dir='ltr'><strong>eput</strong></span> <span class='ocrx_word' id='word_1_393' title='bbox 1047 4235 1152 4277; x_wconf 81' lang='lat' dir='ltr'><strong>cenatus</strong></span> <span class='ocrx_word' id='word_1_394' title='bbox 1221 4228 1319 4295; x_wconf 82' lang='lat' dir='ltr'><strong>8uput</strong></span> <span class='ocrx_word' id='word_1_395' title='bbox 1389 4231 1524 4279; x_wconf 77' lang='lat' dir='ltr'><strong>orreurlum</strong></span> 
     </span>
    </p>
   </div>
   <div class='ocr_carea' id='block_1_6' title="bbox 311 4296 1594 4404">
    <p class='ocr_par' dir='ltr' id='par_1_6' title="bbox 311 4296 1594 4404">
     <span class='ocr_line' id='line_1_40' title="bbox 311 4296 1594 4364; baseline 0.001 -15"><span class='ocrx_word' id='word_1_396' title='bbox 311 4299 342 4349; x_wconf 80' lang='lat'><strong>17</strong></span> <span class='ocrx_word' id='word_1_397' title='bbox 365 4296 483 4364; x_wconf 81' lang='lat' dir='ltr'><strong>dicimus]</strong></span> <span class='ocrx_word' id='word_1_398' title='bbox 509 4298 624 4349; x_wconf 81' lang='lat' dir='ltr'><strong>dicamus</strong></span> <span class='ocrx_word' id='word_1_399' title='bbox 693 4299 727 4347; x_wconf 78' lang='lat'><strong>‘22</strong></span> <span class='ocrx_word' id='word_1_400' title='bbox 750 4299 862 4347; x_wconf 80' lang='lat' dir='ltr'><strong>eend.et</strong></span> <span class='ocrx_word' id='word_1_401' title='bbox 886 4300 988 4348; x_wconf 83' lang='lat' dir='ltr'><strong>nomina</strong></span> <span class='ocrx_word' id='word_1_402' title='bbox 1057 4312 1136 4363; x_wconf 82' lang='lat' dir='ltr'><strong>pasus</strong></span> <span class='ocrx_word' id='word_1_403' title='bbox 1159 4313 1226 4352; x_wconf 81' lang='lat' dir='ltr'><strong>corr.</strong></span> <span class='ocrx_word' id='word_1_404' title='bbox 1249 4302 1283 4351; x_wconf 84' lang='lat' dir='ltr'><strong>al.</strong></span> <span class='ocrx_word' id='word_1_405' title='bbox 1308 4314 1373 4349; x_wconf 84' lang='lat' dir='ltr'><strong>mou.</strong></span> <span class='ocrx_word' id='word_1_406' title='bbox 1397 4314 1490 4364; x_wconf 82' lang='lat' dir='ltr'><strong>pessus</strong></span> <span class='ocrx_word' id='word_1_407' title='bbox 1561 4300 1594 4350; x_wconf 74' lang='lat'><strong>27</strong></span> 
     </span>
     <span class='ocr_line' id='line_1_41' title="bbox 384 4376 397 4404; baseline 0 0"><span class='ocrx_word' id='word_1_408' title='bbox 384 4376 397 4404; x_wconf 73' lang='grc' dir='ltr'>Ι</span> 
     </span>
    </p>
   </div>
   <div class='ocr_carea' id='block_1_7' title="bbox 309 4417 1594 4624">
    <p class='ocr_par' dir='ltr' id='par_1_7' title="bbox 309 4417 1594 4624">
     <span class='ocr_line' id='line_1_42' title="bbox 309 4417 1525 4486; baseline 0.002 -18"><span class='ocrx_word' id='word_1_409' title='bbox 309 4428 396 4481; x_wconf 78' lang='lat' dir='ltr'><strong>quarte</strong></span> <span class='ocrx_word' id='word_1_410' title='bbox 411 4418 545 4469; x_wconf 84' lang='lat' dir='ltr'><strong>declinatio</strong></span> <span class='ocrx_word' id='word_1_411' title='bbox 615 4417 650 4469; x_wconf 80' lang='lat'><strong>28</strong></span> <span class='ocrx_word' id='word_1_412' title='bbox 667 4417 779 4467; x_wconf 83' lang='lat' dir='ltr'><strong>secunda</strong></span> <span class='ocrx_word' id='word_1_413' title='bbox 828 4418 860 4467; x_wconf 86' lang='lat' dir='ltr'><strong>ub</strong></span> <span class='ocrx_word' id='word_1_414' title='bbox 879 4418 930 4469; x_wconf 82' lang='lat' dir='ltr'><strong>elio</strong></span> <span class='ocrx_word' id='word_1_415' title='bbox 948 4434 1015 4471; x_wconf 84' lang='lat' dir='ltr'><strong>corr.</strong></span> <span class='ocrx_word' id='word_1_416' title='bbox 1036 4419 1067 4467; x_wconf 88' lang='lat' dir='ltr'><strong>ab</strong></span> <span class='ocrx_word' id='word_1_417' title='bbox 1084 4418 1134 4468; x_wconf 81' lang='lat' dir='ltr'><strong>ulto</strong></span> <span class='ocrx_word' id='word_1_418' title='bbox 1202 4420 1237 4471; x_wconf 78' lang='lat'><strong>‘29</strong></span> <span class='ocrx_word' id='word_1_419' title='bbox 1255 4434 1331 4483; x_wconf 83' lang='lat' dir='ltr'><strong>quam</strong></span> <span class='ocrx_word' id='word_1_420' title='bbox 1351 4421 1423 4469; x_wconf 80' lang='lat' dir='ltr'><strong>uisus</strong></span> <span class='ocrx_word' id='word_1_421' title='bbox 1441 4423 1525 4486; x_wconf 88' lang='lat' dir='ltr'><strong>ipsum</strong></span> 
     </span>
     <span class='ocr_line' id='line_1_43' title="bbox 309 4487 1594 4555; baseline 0 -17"><span class='ocrx_word' id='word_1_422' title='bbox 309 4488 344 4538; x_wconf 87' lang='grc'><strong>30</strong></span> <span class='ocrx_word' id='word_1_423' title='bbox 362 4503 436 4539; x_wconf 79' lang='lat' dir='ltr'><strong>ursus</strong></span> <span class='ocrx_word' id='word_1_424' title='bbox 452 4506 498 4544; x_wconf 84' lang='lat' dir='ltr'><strong>cm.</strong></span> <span class='ocrx_word' id='word_1_425' title='bbox 569 4488 603 4540; x_wconf 81' lang='lat'><strong>32</strong></span> <span class='ocrx_word' id='word_1_426' title='bbox 620 4487 724 4539; x_wconf 82' lang='lat' dir='ltr'><strong>colonia</strong></span> <span class='ocrx_word' id='word_1_427' title='bbox 741 4487 812 4537; x_wconf 78' lang='lat' dir='ltr'><strong>sonis</strong></span> <span class='ocrx_word' id='word_1_428' title='bbox 829 4490 908 4549; x_wconf 83' lang='lat' dir='ltr'><strong>(corr.</strong></span> <span class='ocrx_word' id='word_1_429' title='bbox 927 4490 995 4554; x_wconf 81' lang='lat' dir='ltr'><strong>soni)</strong></span> <span class='ocrx_word' id='word_1_430' title='bbox 1012 4489 1075 4539; x_wconf 79' lang='lat' dir='ltr'><strong>istos</strong></span> <span class='ocrx_word' id='word_1_431' title='bbox 1093 4488 1151 4539; x_wconf 88' lang='lat' dir='ltr'><strong>tulit</strong></span> <span class='ocrx_word' id='word_1_432' title='bbox 1237 4488 1270 4541; x_wconf 82' lang='grc'><strong>33</strong></span> <span class='ocrx_word' id='word_1_433' title='bbox 1289 4488 1350 4541; x_wconf 83' lang='lat' dir='ltr'><strong>lecit</strong></span> <span class='ocrx_word' id='word_1_434' title='bbox 1367 4505 1443 4555; x_wconf 85' lang='lat' dir='ltr'><strong>posse</strong></span> <span class='ocrx_word' id='word_1_435' title='bbox 1463 4506 1512 4541; x_wconf 90' lang='lat' dir='ltr'><strong>nou</strong></span> <span class='ocrx_word' id='word_1_436' title='bbox 1531 4492 1594 4541; x_wconf 89' lang='lat' dir='ltr'><strong>nulli</strong></span> 
     </span>
     <span class='ocr_line' id='line_1_44' title="bbox 311 4557 1087 4624; baseline 0.003 -19"><span class='ocrx_word' id='word_1_437' title='bbox 311 4567 403 4623; x_wconf 79' lang='lat' dir='ltr'><strong>negant</strong></span> <span class='ocrx_word' id='word_1_438' title='bbox 421 4558 477 4610; x_wconf 75' lang='lat' dir='ltr'><strong>fleri</strong></span> <span class='ocrx_word' id='word_1_439' title='bbox 494 4573 571 4624; x_wconf 84' lang='lat' dir='ltr'><strong>posse</strong></span> <span class='ocrx_word' id='word_1_440' title='bbox 591 4572 640 4607; x_wconf 87' lang='lat' dir='ltr'><strong>oon</strong></span> <span class='ocrx_word' id='word_1_441' title='bbox 658 4567 698 4609; x_wconf 85' lang='grc' dir='ltr'><strong>εει</strong></span> <span class='ocrx_word' id='word_1_442' title='bbox 715 4558 869 4609; x_wconf 84' lang='lat' dir='ltr'><strong>credendum</strong></span> <span class='ocrx_word' id='word_1_443' title='bbox 939 4557 972 4611; x_wconf 84' lang='lat'><strong>34</strong></span> <span class='ocrx_word' id='word_1_444' title='bbox 991 4558 1087 4609; x_wconf 84' lang='lat' dir='ltr'><strong>salsum</strong></span> 
     </span>
    </p>
   </div>
   <div class='ocr_carea' id='block_1_8' title="bbox 311 4711 1595 4849">
    <p class='ocr_par' dir='ltr' id='par_1_8' title="bbox 311 4711 1595 4849">
     <span class='ocr_line' id='line_1_45' title="bbox 379 4711 1595 4781; baseline 0.002 -19"><span class='ocrx_word' id='word_1_445' title='bbox 379 4712 485 4779; x_wconf 77' lang='lat' dir='ltr'><strong>&#39;iepud</strong></span> <span class='ocrx_word' id='word_1_446' title='bbox 508 4711 666 4780; x_wconf 84' lang='lat' dir='ltr'><strong>Sallustium]</strong></span> <span class='ocrx_word' id='word_1_447' title='bbox 690 4712 804 4777; x_wconf 75' lang='lat' dir='ltr'><strong>luperca.</strong></span> <span class='ocrx_word' id='word_1_448' title='bbox 827 4712 920 4771; x_wconf 74' lang='lat' dir='ltr'><strong>tunt</strong></span> <span class='ocrx_word' id='word_1_449' title='bbox 989 4711 1096 4777; x_wconf 78' lang='lat' dir='ltr'><strong>Sepud</strong></span> <span class='ocrx_word' id='word_1_450' title='bbox 1114 4712 1266 4781; x_wconf 82' lang='lat' dir='ltr'><strong>Vergilium]</strong></span> <span class='ocrx_word' id='word_1_451' title='bbox 1292 4714 1356 4767; x_wconf 76' lang='lat' dir='ltr'><strong>Acta.</strong></span> <span class='ocrx_word' id='word_1_452' title='bbox 1378 4715 1421 4763; x_wconf 95' lang='lat' dir='ltr'><strong>llll</strong></span> <span class='ocrx_word' id='word_1_453' title='bbox 1440 4712 1489 4767; x_wconf 84' lang='lat'><strong>181</strong></span> <span class='ocrx_word' id='word_1_454' title='bbox 1562 4714 1595 4765; x_wconf 83' lang='lat'><strong>12</strong></span> 
     </span>
     <span class='ocr_line' id='line_1_46' title="bbox 311 4779 1223 4849; baseline -0.002 -15"><span class='ocrx_word' id='word_1_455' title='bbox 311 4779 458 4848; x_wconf 82' lang='lat' dir='ltr'><strong>Sallustius]</strong></span> <span class='ocrx_word' id='word_1_456' title='bbox 479 4782 551 4833; x_wconf 77' lang='lat' dir='ltr'><strong>Cutil.</strong></span> <span class='ocrx_word' id='word_1_457' title='bbox 568 4784 626 4847; x_wconf 77' lang='lat'><strong>5‚4</strong></span> <span class='ocrx_word' id='word_1_458' title='bbox 696 4781 820 4849; x_wconf 79' lang='lat' dir='ltr'><strong>fugitans]</strong></span> <span class='ocrx_word' id='word_1_459' title='bbox 844 4782 946 4833; x_wconf 81' lang='lat' dir='ltr'><strong>Terent.</strong></span> <span class='ocrx_word' id='word_1_460' title='bbox 966 4780 1067 4832; x_wconf 64' lang='lat' dir='ltr'><strong>Pteme.</strong></span> <span class='ocrx_word' id='word_1_461' title='bbox 1088 4780 1171 4846; x_wconf 83' lang='lat'><strong>11113,</strong></span> <span class='ocrx_word' id='word_1_462' title='bbox 1192 4784 1223 4834; x_wconf 83' lang='lat' dir='ltr'><strong>la</strong></span> 
     </span>
    </p>
   </div>
   <div class='ocr_carea' id='block_1_9' title="bbox 0 0 1778 5600">
    <p class='ocr_par' dir='ltr' id='par_1_9' title="bbox 0 0 1778 5600">
     <span class='ocr_line' id='line_1_47' title="bbox 0 0 1778 5600; baseline 0 0"><span class='ocrx_word' id='word_1_463' title='bbox 0 0 1778 5600; x_wconf 95' lang='lat' dir='ltr'><strong> </strong></span> 
     </span>
    </p>
   </div>
  </div>
 </body>
</html>
