3525 5600
324 353 367 418 52
885 351 1061 414 ntnnotvn

351 478 372 518 p.
387 465 444 505 1908.
457 465 483 504 09
496 461 519 502 Ρ.

325 543 361 604 ab
385 543 520 621 analogia
543 561 602 602 non
626 541 795 620 discrepent
816 541 970 600 nominum
995 539 1119 608 borum,
1142 540 1240 598 suavis
1263 545 1292 598 et
1307 537 1416 606 duleis,
1442 545 1470 596 et
1484 536 1618 598 similiter

324 645 498 706 adverbium
526 645 643 706 iaciant.
674 678 713 686 -
742 643 848 704 Omnia
876 643 1068 722 pronomina,
1098 649 1130 700 ut
1157 658 1245 720 supra
1273 640 1415 709 diximus,
1444 640 1618 719 primigenia

326 748 427 824 viginti
451 755 480 807 et
503 763 593 808 onom
615 752 685 828 suut
705 747 760 814 ita,
783 746 865 806 truita
881 747 953 814 tria,
978 761 1033 821 ego
1047 751 1078 804 tu
1096 741 1160 814 ille,
1185 743 1297 803 infinita
1312 749 1441 820 septem,
1465 731 1530 819 quis¹
1545 757 1616 820 qna·

324 847 361 908 lis
383 847 449 909 talis
471 855 599 925 quantus
620 854 719 907 tantus
741 857 849 933 quotus
870 855 960 922 totus,
992 846 1089 906 miuus
1111 861 1199 922 quam
1222 844 1303 904 linita
1325 861 1391 914 sex,
1420 845 1483 924 ipse
1511 844 1566 904 iste
1595 845 1619 902 is

325 949 374 1009 ltic
395 949 474 1010 idem
497 951 556 1029 qui,
580 950 746 1028 possessiva
768 950 911 1026 quinque,
936 965 1019 1008 meus
1041 955 1110 1008 tuus
1132 965 1203 1008 suus
1219 951 1321 1008 noster
1335 953 1440 1006 vester.
1479 953 1642 1025 quattuoro

324 1051 419 1112 latera
440 1051 551 1112 babent
571 1052 626 1112 ista
648 1052 839 1131 pronomina:
863 1059 913 1111 aut
934 1047 1021 1110 ambo
1044 1046 1183 1128 pluralia,
1207 1055 1259 1109 aut
1273 1047 1360 1109 ambo
1375 1045 1545 1126 singularia,
1570 1056 1620 1108 aut

324 1172 416 1214 unum
439 1151 553 1232 plurale
576 1161 606 1213 et
627 1171 720 1213 unum
742 1152 907 1230 singulare,
939 1159 993 1212 aut
1019 1169 1112 1212 unum
1142 1149 1292 1229 singulare
1321 1158 1352 1211 et
1377 1167 1471 1211 unum
1493 1147 1616 1229 plurale.

207 1268 266 1331 380,
281 1268 312 1316 19
408 1255 476 1316 dut
497 1256 717 1333 composita,
742 1263 779 1315 ut
802 1254 988 1332 quisquis:
1014 1253 1144 1332 quisquis
1166 1254 1206 1314 ita
1223 1251 1431 1313 declinandum
1454 1260 1512 1322 cst,
1537 1253 1617 1329 quis·

323 1358 390 1436 quis
417 1357 588 1418 cuiuscuius
616 1357 716 1416 cuicui
743 1373 924 1434 quemquern
951 1352 955 1436 Ι
980 1355 1114 1434 quisquis
1143 1372 1159 1414 a
1188 1371 1307 1432 quoquo
1334 1353 1379 1414 vel
1403 1373 1419 1414 a
1443 1355 1562 1431 quiqui,
1592 1361 1620 1413 et

323 1458 477 1540 pluraliter
504 1460 605 1539 quiqui
633 1475 890 1536 quorumquorum
919 1455 1137 1534 quibusquibus
1164 1474 1314 1537 quosquos
1337 1457 1440 1534 quiqui
1462 1454 1616 1533 aquibus·
1632 1474 1653 1512 ro

324 1560 441 1638 quibus.
479 1560 558 1622 unde
581 1547 650 1620 sunt
670 1558 720 1620 illa
742 1558 890 1638 exempla,
914 1560 991 1638 apud
1015 1559 1189 1621 Terentium

476 1679 693 1740 quemquem
716 1669 823 1723 nacta
846 1662 912 1732 siS,
938 1662 1026 1738 quin
1049 1659 1203 1740 spolies,
1228 1659 1392 1731 mutiles,
1417 1659 1576 1729 laceres,

325 1764 402 1845 apud
419 1764 547 1826 'l'nllium
569 1767 601 1826 in
623 1765 818 1826 frumentaria
841 1763 1089 1823 ‘cuicuimodi
1112 1765 1194 1824 est'.
1233 1764 1378 1844 quispiam
1401 1768 1499 1822 autern
1523 1763 1618 1842 prima

324 1875 409 1946 parte
430 1864 609 1938 declinatur,
631 1875 781 1947 postrema
797 1883 856 1926 nou
872 1863 1048 1925 declinatur.
1070 1865 1148 1944 piam
1165 1866 1244 1925 enim
1261 1865 1331 1942 quid
1348 1864 1409 1926 esti
1423 1863 1509 1926 nibil.
1532 1865 1575 1924 sic
1591 1872 1620 1924 ct

324 1969 444 2046 aliquis:
467 1967 506 2028 ali
521 1987 580 2028 non
596 1967 769 2038 declinatur,
786 1969 853 2046 quis
868 1965 1043 2028 declinatur.
1064 1968 1182 2028 nomina
1199 1985 1214 2026 a
1231 1967 1326 2046 prima
1342 1972 1426 2046 parte
1441 1984 1617 2046 conponun·
1632 1985 1654 2024 vs

323 2078 385 2140 tur,
402 2071 580 2149 pronomina
595 2087 615 2129 a
624 2073 728 2146 pomo
743 2077 773 2130 et
794 2069 831 2130 ab
853 2069 965 2130 ultima.
989 2065 1003 2151 ll
1017 2069 1179 2147 composita
1201 2071 1379 2148 pronomina
1401 2071 1431 2129 in
1455 2086 1511 2147 qua
1535 2075 1619 2148 parto

324 2173 536 2232 nominativum
552 2171 724 2244 habuerint,
740 2175 804 2252 ipsa
819 2181 903 2251 parte
919 2168 1116 2241 declinantur,
1133 2171 1207 2231 sicut
1223 2171 1352 2240 nomina,
1368 2188 1444 2247 quae
1461 2177 1510 2230 aut
1526 2189 1618 2231 unum

323 2275 536 2336 nominativum
559 2274 670 2336 babent
690 2281 740 2336 aut
762 2273 844 2335 dnos.
882 2276 908 2335 si
930 2291 1007 2334 unus
1022 2273 1219 2334 nominativus
1235 2273 1340 2342 luerit,
1363 2273 1427 2352 ipse
1443 2270 1618 2340 declinatur,

322 2374 398 2438 alter
420 2395 505 2438 casus
526 2394 654 2455 sequens
675 2395 737 2439 nou
759 2375 939 2444 declinatum
964 2376 989 2436 si
1012 2375 1070 2435 duo
1093 2375 1265 2436 nominativi
1288 2374 1411 2445 luerint,
1438 2371 1444 2457 Ι
1463 2373 1551 2435 ambo
1573 2375 1618 2434 in·

277 2487 310 2535 22
323 2476 492 2540 llectuntur.
515 2513 557 2523 -
579 2479 664 2541 Nam
691 2479 800 2541 idem:
829 2479 909 2540 idem
930 2495 1096 2557 pronomen
1120 2496 1156 2538 cx
1178 2477 1293 2540 duobus
1315 2477 1464 2556 corruptis
1486 2482 1618 2544 constat;
1632 2497 1654 2534 so

323 2580 390 2641 ideo
412 2581 555 2660 simplicis
576 2583 689 2660 figurae
712 2589 764 2642 est.
802 2601 870 2642 nam
894 2598 962 2642 cum
985 2578 1064 2640 idem
1087 2578 1266 2659 productum
1289 2581 1394 2650 luerit,
1420 2576 1617 2640 masculinum

322 2702 488 2763 pronomen
511 2690 569 2754 est;
592 2702 661 2744 cum
683 2691 854 2763 correptum
876 2703 896 2740 v
919 2681 998 2742 idem
1017 2683 1201 2744 accusativus
1225 2685 1363 2762 triptotus
1386 2689 1431 2744 est
1447 2681 1472 2743 si
1488 2680 1525 2741 de
1541 2699 1618 2742 mas·

323 2784 435 2856 culino,
464 2787 526 2866 ipse
555 2794 601 2847 est
621 2787 834 2856 nominativus,
863 2786 915 2864 qui
943 2793 973 2847 et
1000 2785 1193 2847 accusativus.
1217 2820 1258 2829 —-
1280 2785 1317 2847 Et
1337 2785 1430 2865 ligura
1453 2787 1483 2847 in
1506 2802 1619 2865 prono·

323 2887 453 2948 minibus
473 2889 515 2949 ita
536 2896 596 2959 est,
621 2897 654 2949 ut
676 2897 706 2949 et
726 2887 764 2949 ab
786 2888 888 2949 ultima
911 2897 994 2968 parte
1017 2894 1231 2969 componantur
1254 2896 1283 2949 et
1305 2907 1320 2949 a
1343 2890 1453 2968 prima,
1483 2897 1514 2949 ut
1537 2888 1618 2965 qnis-

322 2992 401 3070 piam
424 2988 530 3067 aliquis
552 2991 671 3069 quinam
694 2992 801 3068 nequis
821 2990 915 3068 siquis
938 2992 1121 3070 nescioquis:
1152 2998 1201 3051 aut
1223 3008 1259 3051 cx
1280 2989 1472 3071 conpluribus
1495 3008 1654 3070 compo-u

324 3094 437 3163 nimos,
455 3099 488 3153 ut
502 3094 684 3170 quicumque
700 3090 805 3172 [babet
819 3100 918 3152 umen
934 3108 1090 3153 numerum
1107 3110 1310 3163 communem,
1328 3092 1447 3169 quidam
1462 3091 1618 3153 cniusdam

278 3212 312 3259 24
324 3192 560 3274 cuiuscumque}
583 3194 696 3255 —llic
718 3192 836 3274 quando
857 3194 1047 3273 producitur,
1072 3192 1244 3255 adverbium
1260 3193 1316 3255 loci
1334 3201 1392 3265 est;
1416 3193 1534 3275 quando
1549 3212 1616 3254 cor·

323 3296 443 3373 ripitur,
473 3315 648 3375 pronomen.
691 3298 893 3376 pronuntiatio
927 3296 998 3357 illud
1033 3296 1189 3367 discernit;
1224 3298 1249 3357 si
1282 3298 1398 3357 tractim
1428 3298 1615 3377 pronuntias,

322 3396 495 3458 adverbium
517 3396 575 3459 loci
598 3406 656 3467 est;
685 3399 709 3458 si
738 3401 862 3470 cursim,
891 3416 1056 3479 pronomen
1075 3401 1202 3486 ⁴[generis
1229 3398 1398 3475 masculini,
1433 3406 1466 3459 ut
1494 3397 1616 3460 ‘solus

549 3520 627 3527 —

391 3567 454 3619 θοὰ.
473 3566 555 3617 Bern.
570 3568 641 3617 Vllll
661 3569 747 3633 1-2.Ι
810 3569 823 3619 l
841 3568 967 3635 discrepet
1037 3570 1052 3617 2
1068 3570 1214 3634 primgeuio
1229 3585 1297 3619 corr.
1314 3572 1349 3620 ol.
1368 3584 1433 3623 man.
1451 3570 1561 3635 primng.

321 3634 428 3701 liscpte
481 3638 636 3691 dtotosom.
687 3636 772 3704 bqoi]
788 3640 828 3688 sui
878 3638 1064 3705 tipronomino
1075 3650 1103 3687 ut
1116 3640 1190 3689 ambo
1245 3649 1287 3689 aiut
1300 3648 1358 3703 post
1371 3639 1501 3706 singulare
1514 3656 1561 3689 om.

324 3706 715 3771 lOoquibusoquibusuude
767 3710 798 3759 lt
812 3716 874 3773 aput
927 3711 958 3760 12
974 3708 1135 3763 mutilesn.
1156 3709 1251 3758 luceres
1264 3720 1326 3774 aput
1381 3710 1614 3761 l3cuicuimodum

322 3784 360 3825 est
412 3778 496 3841 prima
514 3790 574 3840 pers
592 3776 732 3826 declinatus
784 3778 816 3829 15
835 3774 883 3843 sic]
903 3779 936 3828 sit
989 3793 1039 3828 nou
1058 3778 1456 3841 declinanturquisdeclinontur
1508 3780 1615 3845 lllpro-

323 3846 424 3895 notorinu
447 3847 478 3895 ob
499 3848 588 3895 ultima
610 3848 806 3912 pronominato
825 3858 964 3913 quaparte
983 3850 1165 3898 nominatioum
1191 3849 1323 3899 habuerint
1345 3851 1487 3913 composito
1505 3850 1564 3915 ipso

321 3915 355 3967 18
373 3915 546 3965 nominatione
557 3918 613 3982 ipse
629 3916 706 3967 luerit
723 3917 864 3967 declinatur
933 3916 968 3967 20
985 3934 1043 3969 nam
1063 3920 1129 3968 idem
1148 3934 1287 3983 pronomen
1351 3919 1384 3972 23
1403 3917 1469 3985 ipsc]
1492 3920 1563 3985 ispcs

320 3986 355 4037 25
375 3983 491 4053 quinem]
514 3986 614 4035 cuinam
685 3988 852 4052 nesquioquis
921 3987 956 4039 28
971 3990 1105 4054 pronuntio
1121 3988 1177 4040 illut
1247 3988 1281 4040 29
1301 3989 1371 4040 solus
1389 3990 1527 4039 iniollexit

391 4140 553 4209 8qoisquis]
573 4143 607 4206 cf.
628 4142 738 4205 Pompei.
759 4159 787 4206 p.
808 4144 857 4194 251
882 4144 923 4198 ed.
945 4144 1021 4197 Lind.
1095 4144 1125 4194 11
1144 4144 1213 4209 apud
1233 4142 1387 4210 Terentium]
1406 4144 1503 4213 Heeyr.
1522 4146 1532 4193 l
1552 4145 1577 4205 t,
1598 4143 1615 4195 8

320 4214 382 4276 quin
400 4213 496 4279 spolies
514 4212 616 4263 mutiles
634 4212 740 4275 laceres,
759 4228 911 4278 quemquem
930 4222 1005 4264 nacta
1022 4213 1059 4263 sis
1131 4215 1163 4264 12
1182 4214 1281 4263 mutiles
1300 4230 1348 4265 non
1366 4216 1461 4267 laceres
1482 4212 1615 4264 Putrediua

392 4282 424 4334 ta
448 4284 508 4332 item
533 4284 557 4333 io
577 4284 693 4335 verrinis
713 4283 814 4333 habetis
832 4284 858 4331 in
883 4283 927 4333 illa
946 4284 1109 4347 frumentaria
1128 4284 1259 4335 Ciceronis
1279 4286 1448 4335 ‘cuicuimodi
1466 4289 1520 4335 ert’
1539 4284 1615 4333 Pom-

317 4355 399 4418 peius.
415 4353 630 4415 infrementem,
647 4354 693 4403 boc
708 4354 787 4403 estin
806 4357 882 4403 tertia
898 4355 1011 4403 oratioue
1027 4356 1147 4413 Vermina,
1165 4354 1243 4404 verba
1261 4370 1310 4406 uon
1328 4358 1458 4420 loquantum
1473 4357 1509 4405 ad
1521 4354 1572 4405 (lic.
1589 4356 1615 4404 in

324 4425 402 4477 Vm.
422 4430 473 4477 act.
491 4438 541 4475 aec.
557 4424 580 4473 V
598 4424 642 4486 41,
663 4422 711 4474 107
727 4428 854 4474 revocavit
867 4424 995 4489 Zmuptt'ue
1010 4427 1035 4474 in
1053 4423 1104 4476 Cic.
1122 4427 1138 4473 1.
1157 4440 1178 4473 c.
1251 4425 1284 4474 22
1297 4424 1364 4474 idem
1383 4426 1406 4475 si
1424 4425 1537 4493 volueris
1553 4440 1614 4490 pro-

321 4496 422 4556 ducere,
438 4492 570 4543 masculini
589 4494 638 4541 erit
656 4493 768 4560 generis,
787 4494 854 4545 idem
869 4494 916 4557 vir,
937 4493 1005 4543 idem
1016 4495 1113 4559 paries;
1131 4495 1154 4543 si
1168 4502 1251 4544 autem
1270 4494 1382 4546 volucris
1399 4496 1533 4562 corripere,
1552 4510 1614 4545 neu·

321 4572 387 4611 trrrm
404 4573 451 4622 est,
471 4565 538 4612 idem
552 4572 661 4628 tempus,
680 4564 748 4613 idem
767 4564 922 4629 mancipium
940 4563 1071 4627 Pompeius
1082 4580 1109 4627 p.
1126 4566 1177 4615 252
1194 4564 1234 4615 ed.
1254 4564 1331 4619 Lbrd.
1347 4566 1434 4615 eodem
1448 4568 1615 4632 praecepisse

320 4632 418 4682 uidetur
429 4632 572 4686 Gledoniue.
592 4642 715 4698 cormpto
735 4643 815 4685 oman
832 4635 912 4685 verba
930 4648 994 4697 quae
1012 4642 1158 4699 reputantur,
1173 4636 1224 4685 nisi
1236 4637 1331 4686 onemo
1349 4635 1381 4685 ab
1399 4637 1445 4687 doc
1459 4639 1513 4687 loco
1528 4638 1614 4687 alieno

319 4708 386 4764 aaut,
403 4700 468 4751 banc
481 4708 610 4755 continere
627 4704 743 4757 videntur
758 4707 913 4767 seutentiam,
935 4704 1001 4753 idem
1019 4712 1107 4753 neutro
1122 4720 1217 4769 penore
1231 4713 1255 4755 et
1268 4707 1438 4757 convinctionem
1455 4723 1510 4757 esee
1529 4714 1554 4757 et
1569 4724 1614 4756 ac-

320 4774 467 4834 cusativum,
482 4776 616 4825 masculino
634 4783 728 4826 munau
745 4776 925 4827 noncinatiowu.
947 4781 1054 4823 ceterum
1072 4776 1192 4837 triptotou
1211 4792 1348 4841 pronomen
1370 4778 1408 4826 sui
1429 4778 1478 4827 sibl
1496 4792 1523 4827 se
1544 4778 1614 4828 dr'aett

320 4842 470 4893 Priscianus
482 4844 531 4896 ool.
548 4846 569 4893 ΙΙ
583 4860 610 4907 p.
629 4846 655 4905 2,
673 4846 690 4895 7
760 4846 795 4896 29
809 4842 892 4911 solus]
917 4844 997 4909 Verp.
1014 4844 1079 4898 Aen.
1099 4846 1131 4893 lll
1153 4846 1186 4895 22
