3525 5600
491 455 692 516 EXCERPTA
714 455 887 518 Pnntsinn
911 456 984 518 XVl.
1009 456 1086 518 xvti
1365 453 1427 518 619

1227 558 1248 616 p:
1258 563 1316 604 5555.
1331 564 1356 604 55
1371 562 1393 606 5.

138 642 261 703 51155115
282 649 413 720 vagatur,
437 643 488 702 sed
511 651 636 722 utroque
659 645 792 723 perlecto
812 645 903 704 simul
930 647 1041 705 iuncto.
1086 644 1188 704 dicunt
1216 646 1295 704 enirn
1318 660 1427 722 παρα-

138 739 295 824 κειμένον
315 740 371 805 καί
391 736 682 822 ὑπερσαντελικοῦ
702 747 857 825 νενίκηκε
877 741 1079 824 νενικηκέτω
1101 754 1130 806 51
1153 745 1311 825 νενίκησο
1334 764 1428 805 νενι-

138 841 267 923 κήσθω.
311 847 389 926 quod
412 865 500 926 quana
523 850 726 909 necessarium
747 849 795 916 511,
818 843 889 908 15155
912 855 1029 927 sumpto
1052 857 1226 926 argumento
1248 849 1427 926 requiratur.

138 965 283 1025 ponamus
309 956 443 1009 senatum
471 958 639 1028 pugnaturo
666 948 780 1010 consuli
813 949 859 1008 vel
893 949 1039 1010 militibus
1072 951 1220 1028 imperare
1253 949 1428 1008 conficiendi
1526 1007 1529 1012 .

112 1046 212 1108 5155111
235 1051 431 1120 celeritatem,
454 1045 520 1130 πρὸ
543 1045 634 1129 ὥρας
654 1046 750 1130 ἕκτης
772 1043 792 1128 ἡ
814 1043 967 1129 συμβολὴ
990 1045 1224 1130 πεπληράσθω
1247 1051 1293 1110 551
1307 1043 1328 1129 ἡ
1342 1045 1429 1130 μάχη

138 1146 339 1232 πεποιήσθω
367 1154 413 1213 vel
441 1146 460 1213 d
489 1150 635 1233 πόλεμος
662 1147 865 1232 νενικήσθω.
910 1154 1043 1213 15155555
1072 1171 1188 1232 quoquo
1216 1169 1302 1212 suum
1324 1152 1428 1214 Graeci

137 1270 204 1312 cum
227 1256 338 1314 aoristo
354 1257 488 1332 iungunt,
511 1257 581 1334 quia
603 1255 710 1316 iisdem
733 1257 828 1332 signis
842 1257 873 1313 15
896 1253 1056 1315 indicativo
1071 1263 1229 1333 utrumque
1253 1255 1429 1314 dinoscitur.

139 1372 207 1414 uam
230 1358 256 1416 si
279 1348 409 1417 aori‘stus
431 1357 548 1418 desinat
569 1359 601 1416 in
623 1370 678 1434 σα,
700 1357 833 1417 15155555
855 1358 887 1416 15
905 1367 958 1427 Ισω
982 1359 1172 1424 terminatur,
1201 1351 1347 1434 ἐλάλησα
1370 1355 1431 1414 15-

139 1450 248 1534 λήσωε
278 1459 304 1517 si
331 1457 387 1518 1555
417 1461 448 1518 15
477 1455 533 1536 ξα,
561 1458 634 1519 111551
666 1463 697 1520 15
726 1453 788 1535 ξω,
811 1453 937 1537 ἔπραξα
960 1452 1088 1538 apellem
1122 1460 1147 1519 51
1176 1459 1206 1517 15
1229 1469 1288 1536 γα,
1312 1459 1343 1516 155
1366 1465 1430 1534 droa,

100 1573 126 1610 1⁰
140 1556 273 1637 ἔπεμψα
295 1554 425 1639 πέμψω,
460 1577 531 1638 ergo
546 1555 696 1639 λάλησον
710 1556 839 1638 πράξαν
853 1554 986 1637 πέμψον
1002 1560 1193 1638 adsignantur
1209 1558 1295 1620 simul
1312 1561 1431 1638 utrique

137 1662 281 1738 tempori,
310 1664 380 1740 quia
409 1665 563 1741 utriusque
593 1664 676 1739 signa
705 1661 917 1721 demonstrant.
963 1664 1051 1722 tertia
1081 1679 1151 1722 5555
1180 1678 1307 1740 persona
1337 1663 1431 1738 magis

138 1762 281 1822 aoristum
304 1765 429 1841 respicit
454 1783 543 1844 quam
570 1764 718 1824 futurum:
752 1764 824 1823 lacit
851 1764 931 1834 enim
961 1757 1136 1842 λαλησάτω
1165 1757 1320 1842 πραξάτω
1349 1781 1429 1844 πεμ-

138 1859 247 1942 ψάτω,
269 1883 336 1925 cunr
359 1878 402 1924 σα
425 1861 464 1938 ξα
486 1873 533 1939 γα
555 1863 762 1945 χαρακτῆρες
783 1866 844 1924 5151
866 1856 1037 1944 ἀορίστου.
1073 1864 1151 1924 idem
1168 1873 1251 1925 sonat
1274 1873 1304 1924 51
1318 1864 1432 1944 plurale

138 1959 311 2044 ποιήσατε,
335 1969 420 2027 55155
441 1969 529 2028 155115
553 1985 678 2046 persona
699 1984 804 2027 rursus
832 1983 900 2026 cum
923 1965 1122 2027 additamento
1145 1967 1249 2026 tertiae
1273 1966 1433 2044 singularis

100 2063 539 2148 5511551155ποιησάτωσαν.
579 2077 610 2128 51
632 2079 663 2128 51
685 2067 845 2128 1555151555
867 2075 991 2147 tempus,
1027 2067 1056 2128 id
1080 2075 1126 2128 est
1147 2069 1281 2128 luturum
1304 2069 1431 2146 impera-

140 2171 204 2238 tivi,
220 2171 372 2248 passivum
390 2173 450 2240 fiat,
474 2173 602 2232 sumitur
617 2172 745 2230 acrisius
766 2169 885 2238 15115111,
910 2177 940 2229 51
962 2169 1041 2231 55115
1057 2171 1177 2230 omnino
1199 2170 1298 2230 1111555
1322 2177 1432 2230 mutata

139 2279 314 2352 tantumque
337 2281 461 2333 accentu
483 2290 602 2334 sursum
624 2271 661 2332 ad
683 2271 912 2352 praecedentem
940 2271 1083 2350 syllabam
1106 2279 1201 2332 tracto
1223 2272 1356 2332 futurum
1379 2273 1433 2332 im·

140 2377 268 2452 perativi
301 2376 409 2454 passivi
442 2375 489 2443 tit,
523 2372 659 2452 ποιῆσαι
692 2373 846 2452 ποίησαι,
878 2371 1022 2452 λαλῆσαι
1049 2367 1208 2454 λάλησαι,
1236 2376 1320 2435 551555
1347 2377 1434 2434 155115

139 2494 268 2554 persona
291 2477 324 2536 fit
345 2475 381 2536 de
405 2478 493 2536 155115
516 2477 604 2536 551151
626 2483 738 2536 mutato
759 2494 778 2534 τ
800 2477 831 2535 15
853 2477 911 2552 σθ,
934 2469 1104 2554 ποιησάτω
1126 2471 1333 2555 ποιησάσθω,
1358 2478 1436 2536 51551

99 2592 126 2626 εν
143 2586 174 2636 51
197 2584 322 2638 ποιεῖτε
345 2579 499 2638 ποιεῖσθε
521 2584 551 2636 51
572 2572 732 2656 ποιήσατε
755 2571 954 2655 ποιήσασθε.

228 2677 269 2739 be
303 2681 492 2740 coniunctivo
524 2679 620 2740 modo.
672 2680 858 2738 coniunctiva
893 2677 1081 2748 Latinorum,
1119 2697 1193 2758 quac
1231 2672 1435 2740 ὑποτακτικά
1450 2693 1496 2741 555
1511 2693 1540 2738 v.

141 2781 338 2851 Graecorum,
368 2800 486 2842 causam
516 2780 651 2843 vocabuli
674 2800 710 2841 cx
734 2800 791 2843 555
814 2781 975 2861 eademque
1004 2781 1120 2858 origine
1148 2783 1322 2842 sortiuntur.
1368 2800 1434 2843 nam

141 2903 178 2943 cx
208 2883 269 2943 sola
298 2885 505 2943 coniunctione
533 2902 608 2962 quae
638 2886 666 2943 ei
695 2883 805 2943 accidit
832 2884 1035 2943 coniunctivus
1064 2883 1167 2943 modus
1196 2883 1357 2964 appellatus
1381 2895 1435 2954 551,

31 2981 33 2990 ’
142 2985 222 3046 uude
251 2995 280 3045 ot
308 2985 415 3045 Graeci
443 2977 669 3047 ὑποτακτικὸν
692 2977 748 3045 διὰ
769 2984 831 3045 τοῦ
852 2978 1078 3062 ὑποτετάχθαι
1102 2987 1312 3046 555115555551.
1357 2986 1435 3065 apud

98 3103 127 3141 55
142 3105 219 3165 quos
241 3087 297 3147 boc
319 3086 409 3147 babet
429 3088 622 3167 praecipuum
645 3086 694 3147 1515
715 3087 830 3155 5555155,
852 3086 942 3203 quod
948 3106 1032 3147 omne
1058 3084 1061 3167 1
1086 3094 1204 3166 tempus
1225 3089 1290 3148 eius
1309 3091 1435 3149 55115555

142 3191 271 3267 primam
294 3207 451 3267 personam
474 3189 684 3266 singularem
676 3208 708 3249 rn
731 3207 757 3248 ω
779 3189 882 3256 mittit,
907 3181 967 3249 εἀν
989 3186 1075 3249 ποιά
1097 3181 1157 3248 ἐάν
1179 3185 1352 3269 πεποιήκω
1375 3182 1436 3251 ἐάν

142 3284 287 3369 ποιήσω,
310 3289 383 3351 55155
405 3301 437 3351 51
459 3298 489 3349 51
511 3289 562 3351 1115
585 3292 674 3353 555155
697 3310 772 3370 quae
794 3292 825 3349 in
847 3309 884 3368 μι
907 3298 1029 3358 exeunt,
1058 3308 1124 3350 5555
1154 3290 1189 3349 551
1213 3290 1291 3350 15555
1314 3291 1433 3352 modum

142 3394 292 3461 venerint,
317 3392 441 3453 redeant
462 3393 498 3452 ad
520 3392 571 3452 illa
594 3396 625 3453 in
647 3412 673 3453 ω
696 3392 863 3453 desinentia
887 3390 922 3449 515
946 3390 1056 3470 quibus
1078 3390 1212 3451 derivata
1235 3401 1322 3463 sunt,
1352 3390 1437 3453 55θοὶ

142 3492 262 3574 τίθημι
285 3504 315 3553 51
337 3496 368 3553 15
390 3496 580 3555 55515551155
603 3487 664 3555 ἐὰν
686 3492 782 3571 τιθῶ,
805 3495 877 3553 item
901 3488 984 3552 515151
1005 3488 1126 3571 δίδωμι
1149 3485 1210 3552 ε’άν
1232 3490 1325 3554 dodoi.
1347 3488 1436 3556 ὑπο-

101 3590 287 3656 ωτακτικά
314 3596 494 3657 Graecorum
523 3595 649 3675 syllabas
676 3613 750 3674 quae
779 3597 811 3654 in
838 3594 908 3655 aliis
935 3593 1030 3655 modis
1053 3592 1158 3655 breves
1190 3596 1311 3656 luerunt
1332 3598 1362 3657 15
1385 3614 1437 3657 555

142 3696 343 3758 declinatione
370 3698 552 3777 producunt,
581 3692 721 3777 λέγομεν
750 3689 810 3757 ἐὰν
837 3691 995 3775 λέγωμεν.
1033 3696 1086 3755 5551
1113 3705 1144 3756 51
1166 3714 1194 3757 ει
1224 3697 1437 3777 diphthongum

143 3785 263 3877 15ἧτα
288 3806 412 3870 mutant,
435 3795 521 3878 λέγω
544 3794 662 3877 λέγεις,
686 3791 747 3861 ἐὰν
769 3792 855 3875 λέγω
879 3786 940 3858 ἐὰν
962 3793 1078 3879 λέγῃς,
1102 3808 1131 3858 51
1152 3800 1222 3877 quia
1245 3806 1349 3861 natura
1371 3818 1436 3859 ver·

144 3899 253 3961 borum
276 3902 409 3963 55551555
431 3901 509 3981 apud
531 3900 659 3984 Graecos
679 3900 751 3961 baec
774 3906 828 3968 551,
852 3906 941 3959 5155
965 3900 1062 3978 prima
1082 3918 1207 3980 persona
1231 3902 1261 3960 in
1278 3920 1304 3960 ω
1327 3919 1436 3961 excun-

146 4005 224 4063 tium
246 4003 376 4063 secunda
398 4005 430 4063 in
452 4003 525 4063 duas
548 4002 662 4063 vocales
677 4002 802 4071 desinat,
819 4001 887 4061 15155
903 4000 1002 4061 ΕΑΝ
1016 4000 1189 4063 Annine*
1200 4021 1266 4062 cum
1283 4024 1294 4061 ι
1309 4004 1438 4081 ascripto

101 4121 130 4160 55
145 4111 217 4183 poet
240 4124 261 4183 η
287 4107 447 4183 prolertur,
477 4113 509 4165 ut
540 4105 664 4166 duarum
691 4103 837 4163 vocalium
866 4102 943 4165 55155
973 4105 1012 4161 511
1038 4106 1123 4165 ratio.
1168 4106 1256 4165 tertia
1278 4122 1348 4163 vero
1371 4121 1437 4182 per·

145 4224 221 4266 sona
239 4192 280 4267 vde
303 4206 432 4267 secunda
455 4206 487 4265 lit
504 4212 634 4267 retracta
649 4204 750 4265 ultima
766 4204 876 4273 littera,
902 4195 962 4264 ε’άν
985 4202 1082 4284 ποιῇς
1104 4194 1164 4265 ἐάν
1185 4203 1274 4285 ποιῇ,
1309 4212 1339 4264 51
1360 4206 1437 4284 quia,

145 4316 182 4368 ut
205 4307 347 4379 diximus,
370 4326 473 4370 amore,
492 4308 697 4387 productionis
718 4326 736 4367 ο
763 4306 887 4386 pluralis
910 4304 1062 4366 indicativi
1084 4308 1115 4366 in
1139 4324 1165 4365 ω
1188 4314 1314 4376 mutant,
1342 4302 1438 4384 λέγο-

144 4428 213 4490 μεν
236 4398 296 4470 ἐὰν
317 4404 477 4489 λέγωμεν,
500 4412 530 4479 in
554 4410 682 4470 secunda
705 4426 821 4489 quoque
843 4425 969 4487 persona
991 4410 1089 4486 sinn
1112 4410 1304 4477 transierunt,
1328 4404 1439 4487 λέγετε

145 4505 212 4573 ἐάν
234 4507 362 4591 λέγητε,
385 4514 473 4573 155115
496 4503 556 4573 ἐὰν
579 4507 735 4589 λέγωσιν,
757 4511 827 4589 qula
849 4528 936 4569 omne
959 4507 1082 4569 verbum
1112 4510 1188 4588 apud
1212 4510 1339 4570 Graecos
1361 4508 1438 4590 quod

101 4616 214 4674 reexit
241 4616 273 4672 in
300 4630 363 4693 μεν
390 4621 485 4675 mutat
510 4631 573 4693 μεν
599 4615 630 4673 15
659 4624 715 4673 σιν
737 4618 768 4671 51
788 4628 945 4690 personam
968 4612 1087 4671 tertiam
1120 4612 1199 4671 lacit.
1245 4611 1349 4672 bomm
1373 4630 1438 4691 pas·

218 4797 387 4865 4pouamus]
410 4813 596 4866 praeponamus
613 4799 637 4847 Ρ
703 4801 719 4849 θ
724 4798 883 4880 λελημακη
905 4795 1063 4875 πεπλησθω
1075 4794 1136 4877 (551
1155 4796 1312 4848 uniendo
1330 4804 1439 4848 testante

147 4864 301 4932 Opaopoeo)
320 4866 669 4933 1ηοπολεμοςνενιιιεοθω
682 4854 738 4915 P
721 4884 738 4930 η
755 4860 773 4932 ἡ
790 4858 867 4931 μα’χη
885 4854 1088 4929 πεποιήσθω
1071 4882 1088 4931 η
1105 4856 1121 4915 o'
1137 4856 1260 4931 πόλεμος
1276 4857 1440 4931 νενικήσθω

148 4935 234 4985 Ianus
277 4936 427 4985 1155551>
467 4938 498 4985 10
515 4936 699 5000 adsignaturi>
738 4932 994 5001 13καρακτηοεςΡ
1040 4934 1441 4999 l'limperatiunmpassiuumP

1169 5014 1236 5079 40*
