3525 5600
320 411 390 494 432,
892 411 1040 475 rnocta

347 535 368 576 p.
383 521 502 564 mser.
1420 508 1579 575 prataria

322 602 376 664 cali
402 601 508 683 [paveo
530 603 613 680 pavi,
635 617 723 660 caveo
746 597 842 680 eavi],
866 601 898 660 in
920 602 946 661 si
969 608 999 660 et
1020 603 1066 671 xi,
1089 620 1164 682 quae
1187 603 1265 662 inter
1286 610 1409 683 excepta
1433 602 1599 666 notabimus.

322 725 394 784 ergo
421 706 519 766 omnia
542 702 631 764 verba
661 702 808 763 secundae
836 704 1055 782 coniugationis
1083 703 1216 784 qualibet
1237 713 1418 782 consonante
1441 710 1600 786 praeposita

323 827 358 869 eo
381 807 500 888 syllabis
527 807 723 885 praeteritmn
751 807 919 886 perlectum
941 807 973 866 iu
994 809 1026 866 ui
1049 809 1184 876 mittunt,
1212 812 1246 866 ut
1266 807 1363 868 babeo
1385 807 1491 878 habui,
1514 808 1600 870 debeo

322 910 427 979 debui,
451 908 545 969 rubeo
561 906 665 976 cubui,
690 907 782 968 doceo
797 908 901 977 docui,
924 915 1009 970 taceo
1024 909 1119 979 tacui,
1143 911 1254 970 misceo
1269 911 1392 980 miscui,
1415 912 1499 971 iaceo
1519 914 1599 982 iacui,

322 1029 414 1073 noceo
436 1013 540 1080 nocui,
565 1029 652 1071 arceo
675 1012 772 1080 arcui,
797 1009 937 1089 splendeo
960 1010 1110 1090 splendui,
1143 1011 1254 1074 candeo
1276 1013 1400 1082 candui,
1424 1013 1526 1074 madeo
1545 1033 1624 1078 mas

323 1115 389 1185 dui,
420 1131 492 1191 egeo
521 1115 604 1191 egui,
635 1113 740 1191 langeo
774 1114 892 1190 langui,
925 1115 1010 1191 vigeo
1042 1115 1138 1190 vigui,
1174 1117 1258 1192 rigeo
1286 1116 1381 1191 rigui,
1410 1115 1491 1175 caleo
1518 1116 1601 1186 calui,

323 1217 409 1278 doleo
421 1205 534 1311 ldolui,
564 1215 628 1276 oleo
656 1214 731 1284 elui,
761 1214 856 1294 palleo
882 1214 991 1295 pallui,
1020 1217 1111 1276 timeo
1141 1218 1242 1287 timui,
1274 1225 1362 1278 teneo
1391 1219 1490 1287 tenui,
1518 1236 1603 1278 caneo

324 1320 425 1388 canui,
448 1325 534 1396 tepeo
557 1319 654 1396 tepui,
677 1323 781 1396 torpeo
803 1319 917 1397 torpui‚
946 1335 1036 1397 pareo
1058 1320 1159 1396 parui,
1182 1337 1270 1380 careo
1292 1321 1393 1388 carui,
1417 1321 1498 1379 vireo
1520 1322 1600 1389 sinii,

323 1421 415 1482 lloreo
431 1418 534 1489 llorui,
557 1418 665 1479 borreo
680 1418 798 1490 horrui,
823 1437 931 1480 censeo
952 1421 1070 1490 censui,
1094 1421 1175 1480 niteo
1195 1423 1287 1490 citui,
1310 1429 1397 1501 pateo
1417 1425 1510 1501 patui.
1553 1441 1599 1482 ex·

325 1525 478 1602 cipiuntur
512 1539 604 1601 pauca
633 1539 708 1600 quae
736 1523 768 1582 in
796 1523 821 1582 si
850 1521 991 1601 syllabam
1020 1523 1143 1582 mittunt
1169 1525 1380 1601 praeteritum,
1410 1522 1497 1584 iubeo
1523 1527 1602 1593 iussi,
1615 1545 1636 1583 u

324 1625 440 1686 mulceo
479 1622 582 1694 mulsi,
609 1617 741 1701 'mulgeo
780 1623 881 1693 mulsi,
925 1624 1009 1701 algeo
1042 1624 1111 1694 alsi,
1152 1625 1250 1702 lnlgeo
1290 1624 1375 1694 iulsi,
1413 1625 1503 1686 ardeo
1539 1628 1604 1694 arsi,

324 1725 435 1788 suadeo
458 1727 552 1795 suasi,
582 1743 687 1786 maneo
709 1729 820 1795 mansi,
849 1725 959 1787 haereo
981 1725 1085 1796 haesi,
1109 1725 1193 1786 rideo
1215 1727 1285 1796 risi,
1309 1733 1434 1807 torqueo
1454 1730 1543 1798 torsi,
1564 1729 1605 1787 in·

325 1828 433 1907 dulgeo
463 1827 584 1890 indulsi.
629 1828 666 1888 de
695 1844 789 1906 urgeo
816 1835 846 1888 et
874 1836 980 1906 turgeo
1009 1827 1180 1906 ambigitur.
1225 1828 1283 1889 alia
1310 1831 1342 1888 in
1363 1831 1409 1899 xi,
1432 1829 1520 1906 lugeo
1540 1829 1605 1897 lori,

325 1933 421 2009 frigeo
444 1932 525 1992 frixi.
563 1928 612 1990 illa
635 1931 665 1990 iu
688 1931 717 1990 vi
740 1932 936 2008 praeteritum
957 1931 1093 1998 mittunt,
1117 1947 1193 2009 qnae
1215 1931 1247 1989 in
1269 1932 1365 2008 prima
1387 1949 1514 2009 persona
1535 1930 1607 1991 modi

327 2033 479 2094 indicativi
508 2032 653 2111 temporis
680 2033 849 2111 praesentis
877 2050 895 2091 v
922 2039 989 2092 ante
1023 2050 1058 2091 eo
1089 2030 1216 2100 babent,
1249 2038 1280 2090 et
1305 2034 1432 2112 primam
1460 2031 1640 2112 syllabamrs

326 2153 414 2215 quam
437 2137 467 2194 iu
490 2135 640 2214 praesenti
663 2140 798 2213 tempore
821 2131 957 2204 brevem,
986 2135 1017 2193 in
1045 2135 1208 2213 praeterito
1229 2133 1347 2211 longam
1369 2133 1495 2204 habeut,
1519 2142 1551 2194 ut
1569 2135 1608 2194 la·

327 2255 380 2296 veo
403 2237 476 2304 lavi,
500 2253 591 2314 paveo
614 2237 695 2314 pavi,
719 2236 804 2296 foveo
826 2236 901 2304 lori,
924 2253 1028 2296 moveo
1048 2237 1142 2304 movi,
1165 2253 1256 2296 caveo
1277 2237 1352 2306 cavi,
1376 2254 1465 2296 voveo
1486 2239 1562 2306 rori,
1582 2246 1609 2296 et

327 2355 402 2418 quae
425 2356 461 2398 er
483 2335 531 2397 bis
557 2343 783 2416 componuntur.
828 2338 990 2417 quaedam,
1018 2356 1197 2417 quamquam
1223 2339 1254 2398 in
1282 2341 1432 2418 praesenti
1461 2357 1521 2399 oon
1548 2347 1610 2398 sunt
1718 2372 1719 2383 ,

328 2438 440 2500 similia
462 2438 683 2518 superioribus,
700 2441 895 2519 praeteritum
912 2446 1011 2500 mmen
1033 2441 1065 2499 in
1081 2442 1108 2500 vi
1124 2441 1246 2500 mittunt
1266 2439 1410 2519 producta
1432 2439 1608 2520 paenultima
1718 2502 1719 2507 ,

328 2538 449 2620 syllaba,
473 2557 529 2600 neo
550 2543 629 2610 nevi,
653 2541 709 2602 ileo
731 2540 814 2610 llevi,
837 2543 902 2602 cieo
925 2544 997 2612 civi,
1021 2542 1130 2621 impleo
1151 2540 1281 2621 implevi,
1304 2541 1437 2621 compleo
1460 2543 1642 2622 compleris]

328 2643 433 2722 expleo
461 2641 591 2722 explevi,
621 2642 706 2704 deleo
735 2643 840 2705 delevi.
885 2662 946 2704 non
966 2643 1091 2706 multum
1118 2642 1156 2703 ab
1178 2643 1225 2704 his
1249 2639 1261 2726 ll
1285 2643 1456 2723 discrepare
1479 2644 1611 2705 ridentur

329 2747 418 2807 etiam
442 2745 515 2805 baec
538 2763 663 2826 quorum
686 2747 782 2826 prima
805 2745 916 2827 syllaba
937 2748 971 2807 in
993 2747 1154 2826 praeterito
1175 2764 1211 2808 ex
1233 2752 1371 2827 correpta
1393 2745 1475 2808 cadit
1496 2749 1529 2807 in
1550 2766 1612 2827 pro·

329 2848 477 2917 ductam,'
494 2848 583 2907 sedeo
610 2849 690 2917 sedi,
720 2848 805 2909 video
835 2850 906 2910 vidi.
951 2852 1054 2909 contra
1083 2850 1216 2909 omnium
1249 2849 1382 2927 regulam
1409 2856 1456 2909 est
1486 2850 1613 2929 prandeo

328 2950 445 3031 prandi.
489 2950 632 3030 quaedam
654 2957 725 3012 suut
746 2953 778 3011 in
800 2951 930 3012 secunda
952 2953 1160 3028 coniugatione
1183 2968 1310 3031 quorum
1331 2952 1612 3030 praeteritum¹per·

329 3054 439 3114 lectum
462 3054 588 3113 iteratur
610 3070 663 3131 per
685 3054 813 3132 primam
836 3051 992 3132 syllabam,
1021 3052 1096 3113 baec
1119 3052 1194 3122 sola,
1223 3054 1339 3131 pendeo
1360 3051 1505 3132 pependi,
1529 3070 1644 3131 spon-z

330 3154 385 3214 deo
409 3153 567 3233 spopondi,
591 3153 699 3214 tondeo
722 3154 851 3225 totondi,
875 3156 997 3216 mordeo
1018 3154 1173 3215 momordi.
1217 3172 1294 3234 quae
1316 3154 1480 3234 adsumptis
1504 3151 1509 3220 l
1532 3173 1612 3234 prae·

331 3254 529 3336 positionibus
551 3272 610 3315 non
633 3254 737 3317 eodem
759 3256 846 3317 modo
869 3256 1049 3336 proferenda
1071 3264 1155 3317 suot:
1178 3274 1247 3317 nam
1269 3256 1413 3335 despondi
1434 3263 1467 3315 et
1488 3256 1612 3335 dependi

332 3363 362 3418 et
385 3356 509 3438 rependi
531 3364 561 3417 et
583 3356 704 3418 detondi
727 3358 863 3420 dicimus.
909 3358 946 3419 de
969 3360 1200 3438 neutropassiris
1222 3356 1340 3419 abunde
1362 3358 1475 3418 dictum
1497 3367 1553 3419 est

415 3456 517 3519 Tertia
540 3461 709 3537 coniugatio
731 3468 883 3541 correpta,
914 3480 990 3542 quae
1013 3460 1174 3522 secundam
1194 3478 1352 3540 personam
1373 3462 1405 3520 iu
1427 3462 1453 3520 is
1476 3458 1615 3540 syllabam

331 3562 424 3621 mittit
455 3563 486 3621 in
519 3563 694 3642 imperativo
722 3562 808 3624 modo
834 3565 865 3622 in
894 3582 910 3623 e
940 3562 1057 3623 solitam
1083 3563 1230 3631 converti,
1259 3564 1456 3642 praeteritum
1483 3580 1538 3641 per
1565 3562 1647 3623 baso

333 3662 461 3743 syllabas
484 3662 583 3733 effert,
606 3666 637 3723 io
662 3666 691 3724 ui
714 3666 882 3743 praeposita
905 3672 1100 3734 consonante,
1124 3666 1156 3726 iu
1178 3667 1206 3724 vi
1228 3666 1398 3745 praeposita
1420 3663 1530 3734 vocali,
1553 3666 1585 3723 in
1605 3667 1615 3723 i

332 3770 511 3825 consonante
534 3764 667 3843 qualibet
688 3768 871 3845 praeposita,
901 3769 933 3828 iu
954 3770 998 3836 si,
1028 3768 1059 3826 in
1080 3768 1121 3826 ri.
1166 3766 1218 3827 sed
1243 3766 1295 3826 illa
1317 3768 1512 3846 praeteritum
1533 3768 1567 3827 in
1586 3768 1616 3827 ui

331 3900 634 3911 ---

418 3984 451 4036 21)
470 3986 542 4036 tertia
557 3988 699 4053 coniugatio
720 3988 795 4040 Odor.
812 3988 872 4048 att,
892 3988 935 4041 tt.
952 4002 1010 4041 ecce.
1028 3986 1104 4040 cum.
1124 3986 1185 4052 aut,
1205 3984 1238 4036 33

416 4211 430 4261 1
450 4211 592 4261 notabimus
608 4224 625 4267 ς
644 4210 787 4260 notauimns
806 4212 859 4260 PF
938 4210 953 4262 3
975 4226 1005 4261 eo
1027 4210 1133 4276 syllabis
1153 4210 1343 4261 Liudemcnmra
1364 4225 1395 4259 eo
1420 4209 1533 4275 syllabae
1549 4211 1574 4259 Ρ
1589 4224 1617 4258 eo

333 4279 430 4347 syllaba
445 4282 513 4345 ng
582 4289 609 4330 ut
626 4279 705 4329 babeo
724 4279 804 4329 debeo
819 4278 898 4330 rubeo
917 4282 990 4330 rubui
1010 4280 1091 4329 habeo
1107 4279 1181 4329 docui
1203 4280 1228 4329 P
1243 4290 1271 4329 ut
1285 4279 1367 4329 babeo
1384 4280 1432 4330 deo
1445 4281 1524 4329 rubeo
1543 4280 1619 4327 doceo

332 4350 409 4399 docui
423 4350 448 4397 F
497 4350 513 4399 3
531 4351 622 4400 madeo
641 4349 726 4399 madul
741 4364 788 4399 om.
809 4350 847 4398 F:
865 4350 955 4399 madeo
974 4350 1060 4399 medui
1079 4364 1156 4415 egreo
1174 4351 1247 4415 egrul
1268 4365 1286 4406 ς
1335 4349 1478 4415 dleugoeo
1495 4350 1571 4405 ΡΡς

333 4419 609 4485 vigeoviguiom.Fs
657 4418 1296 4475 iteocotcnuicaueocanuiboelocooucPF5
1346 4418 1535 4471 buiteoniteo
1547 4427 1619 4483 peteo

333 4488 405 4555 patui
424 4494 496 4537 tenco
514 4490 583 4537 tenui
603 4504 682 4539 caneo
700 4490 773 4539 caum
791 4492 954 4555 excipiuntur
971 4488 1016 4545 ra
1027 4490 1094 4538 niteo
1107 4490 1171 4538 uisui
1187 4504 1267 4539 caneo
1284 4491 1357 4540 canui
1374 4490 1574 4554 excipiunturP

335 4556 367 4608 11
392 4556 489 4606 uudceo
510 4556 594 4625 mulsi]
615 4558 697 4609 moleo
714 4558 829 4608 molle
878 4560 980 4626 mulgeo
999 4558 1075 4608 mebi
1094 4574 1138 4608 om.
1156 4559 1215 4613 PF.
1233 4558 1325 4615 adds
1384 4558 1417 4610 13
1435 4560 1466 4609 dc
1480 4573 1580 4625 orgueo
1596 4566 1619 4607 et

335 4634 442 4693 turgueo
461 4628 486 4677 P
537 4629 568 4681 17
586 4629 692 4693 pavi-
713 4642 801 4679 moveo
819 4642 864 4681 om.
879 4630 904 4678 P
956 4626 988 4677 ts
1005 4628 1129 4691 quaedam
1148 4629 1308 4693 quaquamf
1321 4643 1389 4691 quae
1406 4643 1561 4692 quemquam
1577 4629 1619 4682 Ρς

334 4698 858 4763 quaequaquaquuaedamquamuisq
906 4697 938 4748 19
950 4698 1098 4764 productam
1110 4698 1234 4763 syllabam
1246 4698 1329 4748 oeoF
1372 4700 1405 4750 21
1420 4698 1510 4764 expleo
1521 4697 1619 4764 expleri

333 4780 379 4815 orn.
401 4766 425 4813 Ρ
492 4766 526 4818 28
545 4775 569 4818 et
585 4770 691 4835 rependi
708 4784 754 4820 om.
772 4768 797 4816 P
846 4768 948 4819 detondi
967 4778 991 4817 et
1010 4768 1154 4833 praemordi
1173 4768 1282 4818 dicimus
1297 4783 1316 4830 p
1334 4769 1469 4819 Puteebiu
1532 4768 1619 4819 aoso-

334 4834 405 4954 „llam
428 4838 552 4956 ququerdt
570 4839 594 4888 Ρ
618 4839 724 4889 solidam
743 4840 857 4889 conuerti
875 4840 900 4889 F
916 4837 1025 4889 solidum
1049 4840 1174 4889 conuertit
1190 4851 1208 4897 ς
1295 4838 1328 4889 31
1346 4838 1420 4889 effert
1437 4852 1455 4895 ς
1472 4838 1581 4888 ederent
1599 4836 1621 4885 Ρ

336 4920 349 4955 e
371 4918 432 4954 erun
