3525 5600
271 357 334 424 252
840 355 993 421 POMPEI!

297 481 319 522 p.
333 468 421 510 cao-tt
436 467 458 508 L.

272 548 392 610 modom
414 548 571 628 loquimur.
603 547 721 624 quando
743 565 798 608 nos
820 546 910 628 aliqui
930 549 1095 626 interrogat
1116 555 1187 626 puta
1209 546 1301 608 ‘uode
1322 547 1460 607 venistil'
1491 545 1572 626 [Me-

272 651 383 713 diolani
404 650 500 732 veni],
530 650 674 712 debemus
696 658 799 711 tenere
821 651 892 713 istas
913 648 1039 728 regulas.
1084 647 1140 710 alia
1170 657 1239 710 sunt
1259 650 1379 710 nomina
1402 650 1571 718 civitatum,

273 754 327 816 alia
350 755 570 835 provinciarum
595 761 625 812 et
647 754 781 815 locorum
806 759 835 813 et
862 770 964 812 rerum
991 760 1022 812 et
1042 751 1217 813 insularum.
1262 751 1374 812 idcirco
1396 757 1516 814 tantum
1539 752 1573 811 in

272 855 442 918 nominibus
464 857 612 917 civitatum
634 855 692 916 hoc
715 853 871 916 observare
895 853 1047 924 debemus,
1070 859 1102 914 ut
1124 871 1284 935 numquam
1305 855 1465 932 iungamus
1480 872 1572 933 prae-

271 959 442 1040 positiones.
488 955 601 1036 reliqua
624 957 702 1020 euim
725 959 822 1018 omnia
850 958 995 1018 rationem
1022 963 1165 1018 secuntur
1189 952 1194 1036 l
1217 956 1449 1035 provinciarum.
1497 963 1572 1036 pota
1597 971 1611 1011 s

272 1058 346 1122 duae
377 1067 448 1121 sunt
475 1060 548 1122 istae
576 1057 707 1138 regulae,
741 1059 778 1119 de
800 1057 972 1120 nominibus
1000 1060 1149 1119 civitatum
1178 1066 1207 1119 et
1234 1059 1463 1140 provinciarum.
1518 1058 1573 1118 sed

272 1161 357 1240 quid,
381 1164 406 1222 si
427 1160 522 1223 insola
546 1161 608 1222 esti
642 1163 700 1223 iarn
724 1164 766 1222 sic
788 1161 867 1222 illam
891 1161 1015 1240 incipies
1037 1160 1152 1232 dicere,
1181 1142 1270 1242 qoem
1293 1159 1475 1222 admodum
1501 1179 1574 1240 pro·

271 1265 406 1325 vinciam.
436 1263 515 1343 quid,
538 1264 563 1324 si
585 1262 668 1324 locus
689 1265 745 1324 sit?
774 1265 816 1325 sic
839 1263 973 1334 dicimus,
997 1265 1082 1343 quasi
1103 1263 1139 1325 de
1168 1263 1328 1343 provincia.
1366 1281 1427 1324 non
1450 1263 1573 1323 discer-

272 1375 382 1429 nuntur
404 1368 461 1428 nisi
484 1366 629 1435 civitatem
652 1367 771 1427 nomina
795 1366 945 1428 civitatum
967 1384 1027 1426 non
1048 1383 1205 1446 possumus
1226 1367 1267 1426 ita
1288 1365 1433 1445 prolerre.
1464 1367 1501 1426 in
1518 1383 1574 1425 oo·

271 1468 399 1531 minibus
415 1469 563 1529 civitatum
579 1469 708 1548 propriis
724 1467 797 1528 haec
813 1466 899 1529 nobis
913 1468 1056 1529 servanda
1071 1478 1153 1530 sunt:
1175 1466 1273 1548 aliqua
1288 1474 1356 1528 sunt
1367 1486 1444 1548 quae
1454 1469 1575 1546 signill-
1588 1495 1612 1529 1⁰

272 1578 339 1632 cant
350 1571 385 1634 ad
401 1570 509 1641 locom,
526 1569 625 1651 aliqua
641 1587 717 1649 quac
733 1570 899 1650 significant
914 1570 951 1630 de
967 1571 1041 1640 loco,
1058 1568 1154 1648 aliqua
1170 1587 1246 1648 quae
1261 1571 1426 1648 significant
1440 1571 1474 1630 in
1491 1567 1573 1638 loco,

271 1680 304 1733 ut
318 1673 446 1734 diximus
462 1671 550 1751 paulo
570 1680 637 1732 ante
655 1669 741 1752 [ergo
754 1675 831 1753 siqui
844 1671 905 1734 volt
919 1672 1020 1733 dicere
1029 1672 1187 1734 Mediolani
1198 1674 1275 1732 veni.
1299 1671 1348 1732 hic
1359 1670 1576 1732 Mediolianius

271 1775 358 1836 buius
371 1773 539 1836 Mediolanii
554 1783 587 1836 ut
602 1774 670 1836 huic
683 1773 859 1836 Mediolanio
875 1775 955 1836 bunc
966 1774 1175 1836 Mediolanium
1187 1794 1205 1835 o
1217 1774 1374 1836 Mediolani
1385 1772 1422 1834 ab
1435 1773 1498 1834 boc
1510 1774 1575 1834 Me·

272 1876 413 1955 diolauio]
429 1893 501 1955 ergo
514 1876 663 1938 videamus
679 1876 797 1955 regulas
812 1876 1029 1945 adverbiorum,
1043 1894 1101 1954 quo
1117 1876 1205 1938 modo
1218 1878 1382 1938 decurrunt
1395 1877 1471 1938 istae
1487 1879 1575 1956 ipsae

272 1979 401 2058 regulae.
439 1985 472 2040 ot
486 1987 557 2059 pota
573 1978 608 2040 ad
625 1977 738 2041 locum:
769 1977 886 2058 quando
908 1978 1042 2040 volomus
1062 1979 1229 2058 significare
1252 1979 1289 2041 ad
1303 1979 1416 2048 locum,
1440 1987 1474 2039 ot
1497 1985 1574 2058 pota
1589 2001 1612 2039 ra

272 2081 485 2144 ‘Mediolanum
508 2081 603 2142 vado’.
628 2082 680 2143 sed
696 2082 753 2143 boc
768 2101 877 2144 nomen
893 2082 963 2144 lacit
977 2080 1063 2142 nobis
1078 2081 1302 2143 dubitationem.
1326 2090 1356 2143 et
1369 2083 1578 2143 nominativos

273 2185 350 2245 enirn
373 2192 402 2245 et
425 2185 608 2245 accusativos
638 2192 667 2245 et
690 2187 837 2246 vocativus
858 2184 970 2245 similes
994 2191 1071 2245 sont.
1115 2185 1299 2245 inveniamus
1325 2202 1417 2246 onom
1445 2201 1574 2254 nomeu,

273 2285 325 2347 ubi
347 2274 416 2346 rere
439 2285 495 2346 hoc
517 2288 664 2368 possimus
686 2285 875 2366 intellegere:
906 2305 975 2347 ecce
997 2293 1067 2365 puta
1088 2283 1239 2365 Karthago
1265 2287 1356 2348 buius
1377 2285 1576 2364 Karthaginis

225 2417 228 2422 ·
273 2387 445 2466 Karthagini
473 2387 684 2467 Karthaginem
710 2407 728 2448 o
750 2387 900 2466 Karthago
924 2387 959 2449 ab
982 2388 1038 2449 hac
1060 2387 1255 2466 Karthagine;
1289 2395 1368 2449 stant
1393 2390 1444 2450 isti
1473 2408 1575 2451 casos.

273 2491 389 2569 quando
405 2490 441 2551 ad
457 2489 553 2551 locum
572 2489 708 2552 volumus
731 2492 908 2567 significare,
931 2489 1076 2551 debemus
1096 2488 1211 2551 sublata
1225 2491 1445 2571 praepositione
1461 2509 1573 2553 sectat-
1588 2513 1613 2551 ao

272 2595 341 2656 dum
364 2596 565 2656 accusativum
587 2593 700 2664 dicere;
736 2611 795 2654 non
823 2591 919 2654 debeo
941 2592 1041 2654 dicere
1064 2593 1119 2653 ‘ad
1141 2593 1353 2672 Karthaginem
1374 2592 1485 2664 vado',
1518 2594 1575 2655 sed

179 2737 182 2743 v
272 2695 504 2778 ‘Karthalgiuem
528 2695 602 2756 vado
611 2701 628 2766 ²,
654 2695 819 2757 secundum
842 2697 1058 2757 accusativum:
1082 2695 1294 2775 Karthaginem
1317 2696 1397 2756 enim
1419 2698 1575 2757 accusati’-

272 2797 326 2859 vus'
352 2804 404 2859 est
454 2796 572 2877 quando
601 2798 637 2860 de
666 2797 732 2860 loco
760 2801 802 2859 vis
825 2798 1002 2877 significare,
1027 2798 1154 2877 septimo
1182 2797 1270 2869 dieis,
1304 2795 1334 2858 id
1363 2806 1408 2859 est
1434 2797 1575 2860 ablativo

271 2899 385 2962 sublata
414 2902 649 2981 praepositione,
680 2900 877 2981 ‘Karthagine
906 2902 1021 2962 venio’.
1066 2900 1124 2961 hoc
1150 2917 1206 2961 nec
1228 2899 1442 2963 dubitationem
1466 2900 1574 2970 babet,

272 3005 302 3066 in
325 3004 424 3065 locum
448 3002 610 3063 secuudum
633 3004 847 3073 accttsatirum,
878 3002 1003 3065 deloco
1026 3003 1191 3065 secundom
1213 3004 1371 3082 septimum
1394 3001 1440 3083 [et
1463 3001 1573 3081 plura·
1587 3027 1612 3065 aa

272 3104 336 3185 lia],
359 3110 430 3184 puta
452 3104 575 3166 Romam
598 3104 682 3175 vado,
706 3105 798 3166 Roma
821 3106 916 3176 venio,
939 3105 1142 3168 Beneventum
1164 3104 1251 3174 rado,
1274 3104 1443 3166 Benevento
1469 3108 1574 3176 venio,

273 3209 401 3288 Capuam
429 3206 517 3275 rado,
547 3206 644 3286 Capua
672 3208 774 3278 venio,
799 3208 949 3269 Sermium
975 3206 1063 3279 rado,
1095 3207 1211 3268 Sermio
1233 3209 1328 3269 venio.
1373 3207 1418 3267 sic
1438 3215 1577 3269 currunt

271 3311 328 3371 ista
351 3310 449 3371 omnia
471 3308 633 3370 secondum
656 3310 750 3389 ipsam
772 3309 1005 3372 similitudinem.
1040 3316 1070 3370 et
1090 3311 1123 3371 in
1144 3308 1314 3371 nominibus
1337 3310 1424 3371 etiam
1447 3311 1577 3371 numeri

272 3419 386 3473 tantum
413 3410 549 3492 pluralis,
580 3428 656 3490 quae
683 3414 802 3473 nomina
831 3412 968 3474 videntur
996 3430 1061 3474 esse
1084 3411 1226 3483 dillicilia,
1252 3430 1377 3502 pecasse
1405 3410 1503 3472 babes
1527 3414 1574 3473 sic

272 3513 368 3593 loqui,
399 3520 432 3573 ut
459 3516 501 3573 ad
526 3512 603 3574 banc
625 3512 727 3575 flectas
755 3512 991 3583 similitudinem,
1024 3522 1095 3594 puta
1123 3513 1235 3575 Puteoli
1264 3514 1362 3575 Baiae.
1413 3531 1451 3574 ne
1483 3515 1613 3579 dicaam

272 3614 361 3685 mibi,
390 3633 428 3675 ne
455 3615 533 3676 lorte
560 3614 632 3677 illud
661 3616 698 3677 ad
719 3634 877 3693 numerum
899 3620 1082 3691 singularem
1105 3614 1219 3685 llectas;
1252 3634 1327 3685 non,
1351 3614 1404 3676 sed
1426 3616 1574 3677 similiter

273 3718 316 3777 sic
338 3717 486 3795 sequeris:
523 3723 623 3779 ulrum
647 3720 763 3780 numeri
785 3720 824 3779 sit
844 3717 1017 3797 singularis,
1045 3736 1083 3779 an
1105 3724 1217 3779 tantum
1239 3714 1376 3797 pluralis,
1407 3718 1490 3779 idem
1516 3729 1573 3780 est.

343 3939 357 3989 1
379 3940 535 4006 interrogant
553 3939 636 3991 ABG
717 3942 733 3990 5
752 3942 875 3991 rationem
898 3949 1038 4005 sequuntur
1061 3942 1191 3990 nominum
1209 3947 1270 4005 puta
1287 3940 1313 3988 B
1328 3939 1425 3989 ratione
1443 3952 1574 3990 secuntur

272 4008 427 4074 (sequuntur
443 4008 475 4074 O)
494 4012 672 4075 pronominum
692 4019 753 4075 puta
771 4010 825 4061 An
895 4013 910 4061 7
929 4009 1143 4076 quemadmodum
1165 4010 1355 4076 prouinciarum
1374 4020 1443 4063 corr.
1464 4026 1522 4061 -am
1544 4013 1572 4061 A

344 4078 376 4129 10
392 4078 455 4129 haee
473 4080 577 4130 nomina
592 4081 636 4143 (ob
655 4080 716 4133 add.
733 4079 760 4145 e)
778 4082 907 4131 seruanda
924 4090 983 4132 sunt
996 4080 1079 4132 ABG
1148 4080 1177 4131 lt
1198 4088 1225 4130 ut
1242 4080 1354 4130 diximus
1366 4079 1498 4144 (dicemus
1517 4079 1572 4147 a*)

273 4148 422 4215 paulopost
440 4149 602 4215 ergoABG
690 4150 753 4201 130
772 4151 1009 4201 mediolaniosAO
1092 4152 1125 4202 15
1141 4157 1245 4217 utputa
1262 4149 1499 4201 mediolanios'sed
1519 4151 1574 4201 boc

272 4218 354 4269 Ano
423 4218 456 4271 16
474 4231 499 4268 et
519 4220 691 4271 nominatione
710 4221 777 4271 enim
798 4230 826 4272 et
844 4222 978 4287 genetiuos
1001 4222 1083 4286 (corr.
1101 4229 1127 4270 et
1151 4218 1327 4283 accusatioos)
1345 4226 1370 4268 et
1388 4221 1525 4271 uocatiuua
1545 4221 1574 4271 B

273 4297 297 4338 et
314 4289 485 4339 nominatione
503 4291 570 4340 enim
586 4300 611 4341 et
626 4290 758 4342 occatiuoa
775 4299 799 4342 et
820 4293 983 4342 accusatione
1000 4292 1022 4341 0
1040 4300 1064 4341 et
1082 4291 1253 4341 nominatione
1268 4290 1337 4338 enim
1353 4299 1378 4339 et
1391 4292 1530 4341 occatioos
1544 4292 1573 4341 A

342 4358 375 4409 18
393 4361 523 4423 possimus
540 4360 566 4410 B
573 4377 590 4410 a
614 4375 752 4427 possumus
770 4362 822 4413 AG
890 4362 925 4412 20
947 4361 1047 4411 sublata
1070 4361 1257 4428 praepositione
1280 4359 1366 4409 dicere
1379 4358 1463 4410 ABG
1535 4364 1573 4412 22

273 4428 411 4479 secundum
429 4431 495 4479 enim
515 4430 693 4498 Karthaginem
711 4432 870 4482 accusatione
886 4440 925 4481 est
945 4430 1028 4481 ABG
1109 4432 1142 4481 24
1159 4430 1286 4495 kartagini
1305 4445 1375 4479 carr.
1397 4444 1441 4478 -ne
1458 4430 1485 4479 A
1507 4431 1572 4482 lter-

200 4500 204 4508 '
276 4498 374 4565 thagini
394 4500 415 4549 0
499 4499 548 4551 hoc
562 4516 610 4552 nec
627 4502 687 4552 dum
704 4501 887 4553 dubitationem
902 4502 926 4551 A
1015 4503 1049 4553 25
1067 4509 1092 4550 et
1105 4500 1215 4565 pluralia
1232 4500 1286 4549 AG
1301 4507 1326 4549 et
1340 4501 1414 4566 plora
1431 4500 1483 4549 alia
1500 4500 1572 4553 Ba*

343 4571 377 4618 27
398 4585 506 4637 cappam
527 4573 594 4623 uado
615 4587 696 4639 cappa
717 4574 791 4622 uenio
811 4572 837 4623 A
908 4572 942 4623 28
963 4579 989 4621 et
1003 4572 1028 4620 in
1047 4571 1191 4621 nominibus
1208 4568 1342 4635 (omnibus
1358 4570 1396 4634 B)
1410 4571 1488 4619 etiam
1501 4586 1573 4634 quiae

272 4637 388 4702 (quando
405 4642 429 4690 A
453 4656 520 4693 corr.
541 4643 616 4693 etiam
634 4658 699 4705 quae
719 4642 750 4705 a)
770 4643 872 4693 nomina
891 4642 1009 4693 uidentur
1026 4657 1084 4692 esse
1107 4640 1220 4690 dillieilia
1238 4654 1344 4690 necesse
1361 4639 1434 4704 (ease
1450 4640 1477 4690 A
1494 4656 1570 4694 corr.

274 4722 379 4759 necesse
396 4710 424 4773 a)
443 4711 519 4763 habet
539 4714 577 4762 sio
596 4712 665 4774 loqui
683 4720 711 4761 ut
731 4713 798 4762 hanc
817 4714 901 4761 bestat
917 4712 1108 4762 similitudinem
1126 4711 1210 4762 ABG
1290 4710 1325 4762 30
1343 4710 1416 4759 haiae
1434 4709 1474 4760 Ch
1492 4712 1571 4761 attiae

273 4778 402 4898 §abactio
422 4781 445 4829 A
516 4781 547 4833 31
568 4782 600 4831 ad
620 4797 752 4834 numerum
771 4783 929 4849 singularem
949 4782 1037 4833 flectas
1052 4782 1238 4833 Liademcaaua
1255 4782 1286 4831 ad
1310 4796 1443 4831 numerum
1466 4781 1571 4831 llectam
