3525 5600
510 431 711 496 arcanam
734 407 909 496 riursml
932 429 1007 494 xiv.
1032 433 1082 495 xv
1379 429 1442 494 615
1476 466 1478 470 .

1248 553 1270 594 p.
1284 540 1341 582 mee.
1356 541 1381 582 m
1394 539 1418 581 r.

147 641 185 683 τε
207 625 366 703 acceperit,
390 621 521 684 secunda
543 623 668 703 pluralis
689 629 743 693 est,
760 618 976 703 πεποιήκατε;
1000 624 1026 684 si
1042 635 1087 701 σι,
1111 624 1207 690 tertia,
1231 615 1442 699 πεποιήκασι,

147 718 438 805 ὖπερσυντελικός
465 719 502 785 de
528 728 627 804 prima
653 743 781 804 persona
807 725 880 786 iacit
908 733 969 786 tres
992 724 1172 801 singulares,
1203 731 1264 782 tres
1286 739 1357 782 vero
1378 721 1442 800 plu·

147 827 228 888 rales
251 827 288 888 de
311 829 399 888 tertia
423 827 585 904 singulari:
610 818 824 907 ἐπεποιήκειν
838 846 860 887 ν
875 829 908 887 iu
923 825 1023 907 σίγμα
1038 833 1150 887 mutato
1172 827 1203 885 dt
1221 818 1459 903 trenortium,

146 949 170 988 υ
192 929 310 991 abiecto
342 931 376 990 sit
407 924 610 1008 ἐπεποιήκει.
650 931 749 1008 ipsum
776 947 846 989 vero
881 924 1073 1009 ἐπεποιήκει
1101 934 1250 1007 assumpta
1277 945 1341 1007 μεν
1373 927 1443 986 lacit

120 1028 420 1112 οέπεποιήκειμεν,
444 1038 595 1111 assumpta
616 1049 652 1091 τε
675 1025 920 1110 ἐπεποιήκειτει
953 1032 977 1092 si
1006 1043 1071 1090 σαν
1098 1032 1265 1109 acceperit,
1298 1028 1442 1107 pluralem

148 1136 269 1194 tertiam
292 1129 569 1213 ἐπεποιήκεισανε
599 1151 668 1194 nam
691 1127 938 1212 ἐπεποιήκεσαν
965 1140 1102 1212 correpta
1129 1131 1309 1212 paenultima
1325 1125 1444 1202 Ἴωνες

147 1235 351 1314 protulerunt.
396 1235 464 1295 ideo
492 1245 590 1296 autem
619 1236 876 1315 praetermisimus
905 1233 1055 1314 disputare
1083 1234 1120 1294 de
1149 1233 1228 1295 duali
1256 1251 1380 1294 numero
1413 1239 1443 1292 et

148 1337 187 1397 de
210 1345 343 1418 tempore
367 1340 478 1399 aoristo
499 1345 530 1398 et
550 1337 588 1397 de
605 1336 766 1416 multiplici
788 1338 904 1399 ratione
927 1333 1103 1416 temporum,
1132 1339 1201 1417 quia
1229 1335 1277 1397 his
1305 1333 1443 1395 omuibus

147 1446 253 1500 carent
281 1439 395 1510 Latini,
435 1439 467 1499 id
500 1446 545 1500 est
572 1435 651 1518 περί
676 1433 845 1517 δευτέρων
872 1434 928 1498 καί
955 1435 1067 1519 μέσων
1094 1433 1116 1518 ἢ
1144 1431 1443 1518 παρακειμένωνῆ

107 1535 448 1621 ιοὺπερσυντελικῶν
473 1533 496 1620 ἢ
523 1535 733 1620 μελλόντων,
761 1538 870 1619 quibus
899 1540 988 1601 latius
1017 1539 1141 1600 Graecia
1172 1541 1233 1601 sola
1256 1539 1441 1600 diffunditur.

148 1643 186 1704 de
209 1645 327 1722 passiva
348 1643 444 1721 igitur
466 1643 663 1704 declinatione
686 1641 830 1703 dicamus.

233 1743 277 1806 De
300 1746 416 1825 passiva
438 1745 647 1806 declinatione.
693 1744 800 1805 Graeci
828 1747 925 1806 activo
954 1746 1077 1806 instanti
1099 1744 1259 1806 verborum
1288 1746 1319 1806 iu
1343 1764 1370 1806 ω
1392 1763 1441 1805 ει-

147 1847 284 1911 cuntium
312 1847 424 1909 addunt
452 1847 597 1927 syllabam
617 1866 688 1927 μαι,
717 1853 747 1906 et
767 1847 800 1908 iit
821 1849 980 1927 passivum.
1018 1865 1092 1926 quac
1115 1846 1226 1926 syllaba
1249 1848 1329 1906 omni
1350 1843 1443 1906 verbo

148 1948 213 2010 sola
236 1949 381 2018 sociatur,
405 1953 446 2010 ita
473 1959 507 2010 ut
528 1968 555 2010 ω
577 1950 661 2028 prius
683 1949 820 2009 ultimum
842 1968 922 2010 nunc
944 1949 1158 2030 paenultimam
1181 1955 1231 2010 aut
1255 1955 1386 2019 maneat,
1409 1954 1442 2008 ut

105 2077 134 2116 ιε,
148 2052 179 2110 in
202 2051 332 2111 secunda
354 2047 631 2131 περισπωμένων,
654 2044 871 2131 ἀροτριωμαι,
895 2053 991 2112 autin
1006 2070 1048 2112 ου
1063 2050 1281 2130 diphthongum
1300 2043 1440 2120 transeat,

145 2159 180 2212 ut
203 2154 235 2213 ln
257 2155 354 2233 prima
377 2160 407 2214 et
427 2156 532 2224 tertia,
563 2151 721 2232 κινοῦμαι
749 2153 993 2233 στεφανοῦμαι,
1023 2155 1126 2214 autin
1149 2171 1167 2213 ο
1190 2155 1386 2232 corripiatur,
1410 2159 1443 2212 ut

138 2257 179 2315 ¹in
202 2254 341 2315 omnibus
364 2253 525 2334 barytonis,
548 2249 712 2335 πλέκυμαι
734 2247 867 2334 ἄγομαι.
906 2273 978 2334 ergo
1000 2273 1161 2335 numquam
1183 2257 1332 2334 passivum
1355 2272 1441 2332 grae·

146 2375 216 2417 cum
240 2358 390 2418 invenitur
412 2374 471 2416 non
493 2373 546 2416 suo
569 2358 664 2418 activo
686 2357 790 2418 maius.
834 2357 959 2418 verbum
983 2375 1122 2436 graecum
1145 2360 1177 2418 in
1204 2377 1264 2436 μαι
1291 2357 1440 2424 desinens,

145 2462 173 2518 si
196 2461 228 2519 in
251 2459 379 2519 mcuuda
401 2477 530 2538 persona
554 2459 559 2540 Ι
581 2479 606 2539 μ
634 2461 666 2520 in
693 2457 795 2537 σίγμα
818 2458 963 2530 demutet,
988 2459 1043 2519 hoc
1066 2467 1118 2520 aut
1145 2466 1190 2520 est
1211 2477 1353 2538 praesens
1373 2457 1443 2518 τῶν

102 2585 131 2624 ιο
146 2557 196 2632 είς
216 2580 265 2641 μι,
282 2567 314 2621 ut
328 2558 445 2640 τίθημι
460 2558 595 2641 τίθεμαι
611 2560 757 2639 τίθεσαι,
779 2556 900 2641 δίδωμι
917 2556 1050 2642 δίδυμαι
1066 2557 1209 2640 δίδοσαι,
1224 2556 1337 2640 ῗστημι
1350 2555 1441 2620 ἰ’στα·

144 2681 207 2741 μαι
227 2656 372 2740 ictuum,
396 2669 448 2722 aut
469 2669 515 2722 est
535 2662 604 2722 τῶν
627 2659 674 2735 είς
703 2683 730 2722 ω
753 2665 897 2743 temporis
919 2663 1074 2742 praeteriti
1097 2663 1233 2742 perlecti,
1257 2660 1443 2743 πεφίλημαι

144 2763 342 2845 πεφίλησαι,
365 2763 539 2845 τετίμημαι
560 2762 743 2846 τετίμησαι,
767 2772 797 2825 et
819 2764 920 2826 iubis
942 2783 1061 2845 semper
1083 2760 1303 2845 ίσοσυλλαβεϊ
1326 2767 1441 2845 primae

92 2865 97 2871 ’
145 2867 277 2928 secunda
293 2885 428 2946 persona.
458 2866 589 2947 alioquin
612 2867 727 2947 reliqua
749 2870 848 2928 omitia
870 2886 946 2948 quae
969 2869 1000 2928 in
1022 2888 1081 2948 μαι
1103 2868 1253 2938 desinunt,
1277 2868 1338 2927 sive
1354 2884 1440 2946 prae·

144 2970 240 3029 scutis
262 2986 316 3029 seu
336 2970 431 3029 luturi
454 2971 523 3037 sint,
547 2977 608 3030 tam
630 2972 739 3049 passivi
761 2972 881 3047 generis
903 2989 992 3049 quam
1008 2971 1277 3031 communiendam
1293 2968 1440 3029 secundae

102 3093 131 3133 aa
145 3088 292 3149 personae
323 3070 464 3150 syllabam
492 3071 661 3132 detrabunt.
695 3071 862 3152 καλοῦμαι
884 3072 989 3153 καλῇ,
1018 3064 1145 3151 ὁρῶμαι
1167 3064 1247 3151 δρᾷ,
1277 3066 1441 3150 δηλοῦμαι

144 3169 254 3252 δηλοῖ,
275 3167 441 3253 βλέπομαι
462 3168 581 3254 βλέπῃ,
604 3168 829 3254 τιμηθήσομαι
844 3169 1027 3255 τιμηθήσῃ,
1050 3168 1256 3253 λεχθήσομαι
1278 3166 1440 3253 λεχδήσῃ,

143 3269 326 3355 τιμήσομαι
347 3270 488 3357 τιμήσῃ,
518 3271 652 3355 λέξομαι
679 3270 768 3355 λέξῃ.
814 3284 845 3337 et
874 3282 907 3335 ut
939 3276 1074 3336 advertas
1102 3275 1230 3336 faciliori
1253 3272 1438 3355 compendio,

143 3394 221 3456 quae
243 3392 350 3454 graeca
371 3375 463 3437 rerba
484 3379 600 3455 passiva
616 3378 774 3438 secundam
796 3396 955 3457 personam
970 3380 1115 3438 minorem
1139 3376 1250 3457 syllaba
1275 3378 1439 3457 proterant,

145 3480 249 3556 accipe
276 3478 425 3556 generalis
453 3479 574 3557 regulae
598 3487 746 3559 repertam
769 3482 989 3541 necessitatem.
1036 3482 1132 3540 omnis
1155 3480 1233 3559 apud
1255 3478 1322 3539 illos
1343 3482 1440 3559 prima

102 3604 130 3644 so
144 3597 274 3658 persona
296 3582 420 3660 passiva,
444 3599 519 3660 quae
541 3582 638 3641 activo
659 3599 714 3641 suo
736 3582 846 3661 syllaba
868 3583 963 3642 maior
985 3588 1040 3653 cst,
1063 3580 1137 3643 baec
1152 3580 1294 3661 syllabam
1311 3580 1441 3641 detrahit

144 3682 184 3742 de
206 3682 352 3754 secundm
375 3699 451 3762 quae
474 3684 605 3763 aequalis
628 3686 724 3744 activo
746 3692 799 3755 est,
824 3703 927 3764 parem
950 3686 982 3744 in
1004 3684 1134 3745 secunda
1156 3691 1252 3745 tenet:
1276 3682 1366 3763 φιλῶ
1382 3702 1438 3762 φι-

144 3782 282 3864 λοῦμαι,
305 3786 546 3864 quiapassivum
567 3786 661 3847 maius
684 3788 779 3847 activo
802 3796 855 3856 cst,
879 3784 963 3868 φιλῇ
987 3787 1067 3856 lacit,
1090 3781 1177 3847 ἕλκω
1193 3781 1332 3866 ἕλκομαι
1346 3780 1439 3867 ἕλκῃ,

142 3883 264 3963 ἔλεγον
286 3882 452 3966 ἐλεγόμην
468 3882 600 3966 ἐλέγου,
624 3882 734 3967 ἐβόων
757 3883 912 3968 ἐβοοίμηυ
935 3883 1033 3967 ἐβοῶ,
1057 3884 1191 3970 λαλήσω
1207 3882 1441 3968 λαληθήσομαι

143 3982 349 4069 λαληθήσῃι·
362 3996 464 4050 contra
487 3990 605 4069 εἴρηκα
627 3990 771 4070 είρημαι,
794 3992 864 4069 quia
887 4008 940 4070 par
964 3993 1059 4050 activo
1081 4008 1135 4051 suo
1157 3997 1216 4059 est,
1241 3990 1312 4049 lacit
1334 4007 1439 4050 secun·

101 4116 130 4156 ³5
144 4088 215 4149 dam
238 4085 469 4169 ίσοσιίλλαβον
491 4092 615 4171 primae,
639 4093 782 4172 είρησαι,
804 4087 1108 4172 είρίκεινείρήμην
1123 4081 1250 4173 alpayde,
1274 4086 1440 4170 λελάληκα

143 4186 330 4271 λελάλημαι
357 4187 556 4273 λελάλησαι,
585 4190 801 4274 ἐλελαλήκειν
829 4190 1037 4274 ἐλελαλήμην
1066 4188 1259 4274 ἐλελιίλησο.
1305 4196 1439 4253 inomni

144 4292 238 4353 verbo
260 4294 474 4374 cuiuscumque
502 4298 646 4376 temporis
667 4298 763 4375 prima
785 4278 914 4375 persona
937 4298 968 4355 in
990 4315 1048 4377 μαι
1070 4298 1227 4357 terminata
1250 4295 1394 4357 translato
1416 4315 1439 4376 μ

143 4396 174 4455 in
198 4413 217 4455 τ
239 4394 369 4455 litteram
397 4398 507 4473 migrat
528 4398 559 4458 in
582 4401 702 4458 tertiam
723 4406 842 4459 servato
869 4416 994 4459 numero
1017 4396 1205 4477 syllabarum.
1241 4399 1293 4459 sed
1315 4398 1438 4478 paenul-

144 4498 251 4557 timam
272 4498 386 4557 retinet
408 4499 438 4557 in
468 4495 704 4583 παρακειμένῳ
725 4500 847 4579 quidem
869 4520 957 4561 onrne
980 4498 1112 4569 verbum,
1135 4497 1319 4579 πεφίλημαι
1341 4499 1437 4579 περί·

98 4626 128 4667 ιο
146 4598 254 4679 ληται,
278 4600 310 4659 iu
332 4602 484 4679 praesenti
507 4619 577 4661 vero
599 4600 660 4661 sula
682 4604 771 4662 tertia
794 4601 934 4680 συζυγία
949 4596 1226 4682 περισπωμένων,
1249 4600 1439 4683 χρυσοῦμαι
1524 4588 1527 4593 ’

142 4700 342 4780 χρυσοῦται.
388 4710 520 4763 ceterum
549 4704 645 4781 prima
667 4704 809 4764 transfert
830 4706 861 4763 in
886 4722 915 4764 ει
938 4703 1162 4784 diphthongum,
1191 4706 1319 4783 quaein
1342 4706 1438 4784 prima

213 4854 245 4901 10
261 4850 378 4921 Graeciae]
398 4854 480 4919 gretia
498 4854 522 4903 P
590 4856 622 4905 lb
640 4846 814 4923 ἅρστριῶμαι
830 4856 937 4907 coniecit
955 4856 1100 4923 Obsopoeus
1118 4870 1297 4922 αποτριωμαι
1314 4858 1340 4906 P
1404 4858 1438 4909 ad

141 4916 380 4991 δρλοίΙδηλυνΡ
447 4922 741 4989 τιμωμαιδησομαιΡ
809 4926 1023 4990 28ρτολειιιιιιΡ
1090 4922 1402 4994 34είρηκα1ειρηκωΡ
