3525 5600
306 368 370 434 280
873 369 1024 434 rourutt

332 480 491 534 p.tno-111.
1118 514 1121 520 .

307 567 406 622 autem
430 560 599 630 cohaerent,
623 579 725 639 graves
747 561 831 632 liunt,
855 563 943 622 etiam
965 563 990 621 si
1005 562 1116 622 luerint
1130 560 1339 621 circumflexae
1355 557 1438 640 [plus
1453 564 1497 618 est
1513 557 1586 639 hoel.
1705 632 1709 647 Ι

308 671 378 742 puta
400 664 436 723 ad
459 671 577 724 acutum
600 663 689 723 habet
717 671 884 724 accentum:
920 665 965 724 lac
987 661 1101 741 adegit;
1136 681 1205 723 ecce
1233 664 1290 722 iam
1319 662 1418 740 perdit
1444 669 1588 722 accentum
1705 656 1710 703 t

308 773 487 845 correptum,
512 773 541 825 et
563 767 671 844 accipit
693 775 854 826 accentum
872 765 1058 844 productum,
1082 771 1112 824 et
1140 763 1188 825 illa
1216 781 1336 841 gravem
1365 761 1495 824 habebit.
1539 762 1588 823 hoe

307 869 394 928 etiam
423 868 458 928 de
484 865 533 926 illa
562 885 636 946 quae
659 867 882 929 circumflexum
916 868 1006 928 hahet
1034 875 1204 936 accentum,
1238 869 1311 944 prae
1338 864 1500 944 praevidit:
1533 866 1588 943 ipsa

266 1001 269 1006 ι
305 973 331 1030 vi
355 970 445 1030 habet
472 978 639 1038 accentum,
670 977 698 1028 et
720 969 769 1030 illa
796 987 916 1047 gravem
946 969 1044 1053 habet.
1089 987 1160 1047 ergo
1186 969 1283 1029 omnis
1311 969 1510 1047 praepositio,
1535 968 1608 1027 sires
1705 980 1709 1055 ἦ

305 1079 423 1132 acutum
447 1071 562 1144 haheat,
588 1073 648 1131 sive
672 1089 732 1130 non
755 1071 862 1132 haheat
885 1079 1019 1141 acutum,
1043 1071 1095 1132 sed
1119 1069 1356 1138 circumflexum,
1380 1079 1479 1131 tamen
1501 1070 1527 1128 si
1546 1089 1589 1129 eo·

304 1175 426 1248 haereat
447 1184 476 1234 et
499 1171 646 1234 coalescat
668 1175 699 1233 in
723 1191 811 1234 uuam
834 1181 959 1252 partem,
983 1175 1052 1233 lacit
1075 1191 1140 1233 eam
1163 1173 1251 1233 alium
1273 1173 1410 1252 accipere
1432 1178 1587 1232 accentum.

304 1276 401 1357 perdit
423 1283 578 1336 accentum
605 1287 723 1336 oculum
754 1280 798 1336 oet
824 1276 1047 1337 circumflexum
1071 1283 1101 1335 et
1128 1277 1235 1354 accipit
1254 1292 1383 1353 gravem,
1412 1274 1443 1334 id
1471 1283 1518 1335 est
1537 1293 1589 1334 uon

303 1381 366 1458 ipsa
390 1385 484 1446 sonat,
508 1377 560 1438 sod
584 1375 633 1437 illa
655 1396 724 1456 pars
747 1378 889 1438 orationis
911 1380 960 1438 cui
982 1379 1122 1455 iungitur.

186 1493 288 1554 517,st
388 1481 521 1542 Diximus
544 1497 637 1544 uuum
659 1479 794 1539 accidere
817 1487 931 1540 tantum
959 1481 1186 1558 praepositioni,
1216 1479 1246 1539 id
1275 1487 1321 1539 est
1348 1498 1466 1548 casum,
1498 1496 1619 1537 casumro

304 1589 402 1642 autem
425 1590 474 1642 aut
500 1584 699 1642 accusativum
726 1589 775 1641 aut
804 1579 972 1642 ablativum.
1017 1583 1054 1642 de
1083 1600 1216 1642 numero
1235 1583 1492 1660 praepositionum
1520 1581 1589 1641 varie

224 1755 228 1778 Ι
304 1683 447 1744 habemus
470 1686 499 1744 in
523 1690 595 1744 arte.
636 1691 750 1744 constat
773 1691 871 1744 autem
896 1684 1129 1763 praepositiones
1152 1703 1218 1744 esse
1240 1685 1325 1744 istas:
1356 1683 1474 1743 hahetis
1497 1701 1544 1743 eas
1563 1683 1589 1741 in

306 1785 405 1848 Probo
426 1785 502 1846 boue
525 1794 727 1853 enumeratas:
752 1787 869 1863 triginta
887 1785 980 1846 hahes
1002 1787 1193 1852 accusatives.
1216 1785 1384 1865 quindecim
1402 1784 1494 1845 habes
1517 1782 1588 1844 abla-

305 1891 386 1956 tivas,
412 1895 440 1947 et
462 1895 600 1968 quattuor
623 1886 714 1948 hahes
736 1905 918 1956 communes,
943 1894 973 1947 et
995 1895 1108 1966 septem
1137 1887 1231 1947 habes
1254 1885 1443 1964 loquellavesi
1487 1885 1545 1948 'iste
1565 1895 1591 1946 et

305 1993 334 2051 in
358 1991 530 2052 accusativis
555 1988 557 2070 l
583 1991 680 2050 minus
703 1991 800 2068 posuit
823 1988 993 2071 [Donatus],
1018 1993 1098 2051 etin
1122 1989 1253 2051 ablativis
1276 1990 1373 2049 minus
1394 1991 1501 2068 posuit.
1531 1988 1621 2068 pluso

306 2111 377 2171 ergo
401 2110 459 2151 nou
483 2089 574 2152 hahes
597 2091 633 2151 ab
656 2093 720 2151 istis
742 2093 871 2170 triginta.
918 2112 977 2159 vos,
1003 2094 1053 2170 qui
1076 2093 1221 2152 rationem
1244 2099 1407 2152 metrorum
1430 2092 1591 2171 sequimini,

305 2197 335 2254 in
359 2195 422 2254 istis
445 2192 656 2272 loquellarihus
679 2195 734 2254 hoc
750 2194 984 2254 animadvertere
999 2193 1126 2254 dehetis:
1143 2213 1211 2254 curu
1228 2193 1403 2254 naturaiiter
1416 2195 1499 2273 ipsae
1513 2212 1591 2272 prae·

305 2297 469 2373 positiones
491 2295 595 2373 longae
618 2296 685 2364 sint,
709 2294 882 2375 plerumque
906 2297 948 2356 sic
971 2295 1140 2371 cohaerent,
1166 2303 1197 2356 ut
1211 2296 1338 2376 perdant
1352 2307 1489 2357 naturam
1504 2313 1589 2356 suam.

305 2403 374 2476 puta
396 2413 473 2466 sero,
498 2397 555 2456 hoc
578 2398 708 2456 estsine
731 2397 820 2458 dubio
843 2397 957 2478 loquor,

457 2498 517 2559 illi
544 2501 647 2559 inter
670 2519 751 2560 sese
775 2501 875 2560 vario
899 2518 1071 2562 sertuoue
1093 2501 1284 2576 serebant,
1601 2515 1623 2554 vt

304 2601 335 2662 id
359 2608 403 2662 est
426 2600 633 2681 loquebantur.
680 2611 708 2662 ct
731 2610 800 2681 puta
824 2604 849 2662 si
871 2602 953 2664 dieas
975 2602 1059 2673 duco,
1084 2603 1112 2662 id
1137 2611 1181 2664 est
1203 2611 1272 2682 puta
1293 2601 1376 2662 illum
1399 2600 1499 2671 traho,
1526 2618 1591 2661 con-

304 2722 383 2784 pone
409 2703 496 2774 illud,
527 2703 650 2772 diduco;
685 2723 753 2764 ecoe
776 2706 975 2784 conposuisti,
1005 2704 1143 2765 addidisti
1171 2705 1210 2765 di.
1256 2721 1326 2764 eece
1354 2710 1384 2764 et
1411 2701 1473 2763 illic
1500 2702 1535 2762 ab
1559 2721 1591 2763 eo

306 2806 386 2886 quod
409 2813 455 2866 est
476 2826 543 2867 sero
566 2815 661 2868 sertus
683 2807 821 2876 disertus,
845 2808 873 2868 id
898 2816 942 2868 est
957 2807 1082 2868 eandem
1097 2808 1349 2887 praepositionem
1369 2808 1487 2887 accipit,
1509 2824 1591 2885 quatu

307 2909 557 2988 praepositionem
587 2909 693 2989 accipit
721 2918 749 2969 et
775 2911 829 2970 ista
857 2928 926 2989 pars
955 2912 1107 2971 orationis.
1155 2928 1227 2987 ergo
1256 2909 1402 2970 dehemus
1428 2912 1506 2971 cauti
1532 2926 1591 2969 esse

307 3011 343 3071 ad
367 3010 419 3071 has
441 3018 540 3089 partes
563 3012 712 3079 orationis,
735 3011 764 3070 id
789 3019 832 3071 cst
855 3013 1101 3093 praepositiones,
1125 3030 1201 3089 quae
1222 3012 1298 3072 liunt
1319 3011 1356 3071 de
1378 3013 1441 3072 istis
1463 3011 1625 3089 conposita
1712 3017 1713 3040 ³

307 3112 446 3173 tionibus
491 3111 668 3193 plerumque
690 3114 772 3192 ipsae
794 3116 1029 3193 praepositiones
1058 3124 1108 3175 aut
1129 3114 1235 3193 longae
1263 3123 1332 3174 suut
1353 3120 1404 3174 aut
1425 3111 1543 3181 breves,
1564 3119 1593 3170 et

307 3234 367 3275 nou
390 3214 480 3275 debes
502 3216 544 3274 sic
565 3216 675 3293 passim
699 3214 814 3285 dicere,
842 3215 895 3276 sed
922 3235 977 3295 pro
1006 3216 1146 3294 qualitate
1175 3216 1394 3295 erenrplorum,
1428 3220 1500 3294 puta
1526 3230 1591 3291 quo·

307 3319 385 3379 niam
408 3316 544 3377 invenisti
567 3315 647 3375 illam
670 3316 804 3385 brevem,
829 3318 870 3377 sic
894 3316 973 3378 illam
996 3318 1114 3398 prolev3
1147 3316 1240 3379 debes
1268 3316 1414 3379 sollicitus
1442 3334 1507 3377 esse
1529 3334 1591 3395 pro·

306 3424 373 3497 pter
396 3418 449 3478 has
471 3436 529 3477 res.
565 3416 700 3480 similiter
724 3420 811 3479 etiam
835 3421 943 3479 omittit
966 3429 1009 3479 est
1031 3419 1153 3480 dimittit
1176 3418 1300 3499 [omittit
1321 3418 1457 3480 similiter
1479 3418 1592 3479 dimittit

308 3518 381 3604 esti,
412 3526 561 3581 ettamen
585 3520 728 3581 hahemus
755 3520 831 3600 apud
855 3520 1009 3582 Horatium
1039 3520 1206 3602 exemplum
1235 3522 1358 3589 omittit;
1393 3540 1454 3583 nou
1476 3522 1544 3581 dixit
1562 3535 1625 3585 uu

307 3624 412 3683 mittit:
443 3640 497 3700 per
520 3612 754 3701 conpositionem
778 3624 944 3684 invenimus
967 3625 1084 3693 omittit,
1110 3626 1304 3702 ‘praeseus
1327 3642 1392 3684 sua
1416 3624 1521 3703 culpa
1540 3624 1591 3682 ire

307 3722 486 3803 deceptus
514 3725 654 3783 omittit
681 3726 820 3785 ctueri'
852 3742 924 3803 ergo
951 3728 1028 3787 scire
1050 3724 1192 3786 debemus
1214 3745 1319 3787 omnes
1341 3728 1412 3787 istas
1438 3720 1591 3806 praeiposi-

308 3828 402 3887 tiones
429 3823 621 3905 loquellares,
657 3846 712 3887 con
741 3826 770 3887 di
799 3826 845 3887 dis
878 3846 911 3887 rc
938 3846 970 3888 se
992 3846 1039 3888 am
1069 3847 1086 3887 o
1116 3828 1193 3907 (nam
1216 3827 1395 3889 addiderunt
1415 3827 1544 3907 plerique
1562 3843 1589 3892 o,

377 4081 504 4146 :incoepit
517 4082 590 4131 ABG
642 4080 750 4130 illamA
792 4080 1049 4132 ›nutriatuttadc
1102 4084 1184 4133 omnis
1198 4083 1353 4151 praepositio
1372 4085 1429 4135 siue
1442 4098 1490 4132 nou
1508 4081 1591 4130 habeat

307 4164 408 4201 acutum
428 4152 483 4201 sine
499 4166 603 4216 grauem
620 4152 675 4201 siue
696 4166 745 4199 uon
764 4160 864 4201 acutum
887 4153 933 4200 sed
950 4153 1140 4203 circumflexum
1159 4154 1183 4203 Α
1200 4155 1283 4203 omnis
1301 4155 1459 4220 praepositio
1477 4154 1529 4202 siue
1545 4164 1590 4199 uon

307 4223 400 4273 lrabeat
416 4231 517 4271 actatum
535 4223 579 4271 sed
600 4222 788 4271 elteumllexum
804 4221 875 4273 Boe
933 4225 950 4271 ll
968 4231 1064 4271 tantum
1081 4224 1104 4271 si
1123 4224 1258 4273 cohaereat
1275 4224 1325 4273 Ba
1339 4235 1436 4274 tautum
1454 4226 1491 4273 alc
1507 4220 1591 4270 cohae-

309 4290 519 4341 reatAtautum
541 4291 716 4341 cohaerenti)
802 4290 1066 4357 Sperditaeeentum
1086 4293 1324 4343 dexumetABG
1411 4287 1587 4354 12iuProho]

308 4364 386 4411 instit.
406 4370 457 4414 ort.
472 4378 499 4425 p.
522 4362 580 4426 lit,
599 4362 630 4414 t:
649 4362 683 4423 cf.
704 4360 805 4411 cledon.
821 4378 848 4427 p.
863 4361 934 4423 ,1933
1007 4363 1038 4412 lt
1057 4363 1104 4412 iste
1121 4364 1248 4428 A(?)BC
1260 4364 1370 4413 donatus
1390 4380 1446 4416 ,sc.
1468 4366 1540 4412 istoc

266 4432 541 4495 ,etaecusatiutst’
611 4430 914 4491 tribunatusnam,
936 4436 1227 4493 exponetomesttna
1300 4433 1421 4497 plusom.
1445 4433 1589 4496 A‚odd.a

379 4500 411 4551 ta
426 4502 514 4563 loquor
533 4510 560 4549 ut
577 4502 613 4550 illi
634 4501 667 4551 C:
691 4504 769 4567 Verp.
787 4505 849 4551 Aen.
873 4502 905 4549 Vl
926 4503 975 4551 tou
1029 4505 1061 4552 22
1081 4506 1112 4553 ab
1129 4504 1242 4567 eoquod
1262 4513 1301 4551 est
1316 4503 1357 4552 Ca
1377 4503 1459 4554 haheo
1477 4502 1590 4566 quod'est

308 4571 333 4619 B
350 4569 430 4619 haheo
450 4572 510 4635 quid
530 4580 567 4620 est
585 4572 610 4621 A
681 4574 714 4622 at
733 4571 809 4637 cauti]
827 4574 888 4623 certi
903 4572 984 4622 Atto
1052 4574 1086 4623 'ld
1104 4576 1175 4638 ipsne
1192 4573 1397 4640 praepositiones
1417 4574 1590 4625 Lindemann

308 4642 379 4704 ipsae
397 4642 586 4705 conpositiones
602 4642 685 4693 ABG
737 4643 768 4694 31
788 4657 911 4707 praesens
925 4658 971 4690 aun
991 4641 1077 4709 culpa]
1099 4645 1194 4697 Horat.
1210 4646 1285 4706 epist.
1304 4642 1314 4690 l
1333 4643 1381 4705 18,
1399 4642 1442 4694 79.
1461 4658 1530 4707 qoem
1547 4652 1588 4688 sua

308 4709 383 4773 eulpa
397 4721 503 4775 premet,
520 4712 641 4775 deceptus
657 4714 742 4762 omitte
760 4714 833 4765 tueri.
851 4716 965 4776 exeneplo
981 4712 1086 4763 Hor-otii
1097 4714 1144 4763 hoc
1159 4716 1257 4763 videtur
1271 4714 1384 4775 probare
1400 4716 1503 4764 oolm'esc
1512 4724 1587 4775 proat-

307 4779 420 4899 moq'qqq
434 4780 518 4829 omitte
536 4782 649 4832 steriliter
667 4784 717 4832 diei
735 4796 765 4831 ac
784 4783 890 4841 dimitte,
907 4790 932 4832 et
946 4790 1090 4847 correptam
1102 4800 1158 4834 esse
1172 4785 1384 4848 praepositionem
1402 4800 1431 4834 oe
1446 4784 1478 4846 es.
1490 4780 1582 4832 Clednu.

306 4864 333 4915 p.
