3525 5600
354 391 418 455 404
899 391 1102 455 cunsunrrl

381 514 401 554 p.
416 503 441 542 ss
455 494 502 542 u.'
1557 512 1572 540 a
1585 502 1605 541 u.
1688 486 1689 517 ³

355 584 385 642 in
413 601 502 642 unam
530 578 672 661 syllabam
701 601 759 642 nun
786 589 909 651 coeunt,
939 581 991 642 serl
1019 581 1119 662 potius
1144 581 1189 641 siu
1210 581 1340 651 scandit,
1370 579 1503 661 isquebi.
1549 583 1618 642 simila
1688 628 1689 633 η

354 691 399 746 est
427 691 455 746 et
484 682 746 764 ‘pleiadasque
781 684 1002 764 yadasqua',
1031 692 1064 745 ut
1091 685 1134 744 sis
1162 683 1353 754 scandamus,
1389 684 1521 763 dasquea
1548 686 1619 762 pullus
1688 690 1689 713 ¹

354 805 442 866 quam
464 786 603 867 dasqnyn,
626 788 695 866 quia
718 805 734 846 s
757 785 865 848 melius
888 792 988 855 sonat,
1012 793 1043 846 at
1065 788 1137 846 item
1159 787 1335 847 inusitatum
1356 794 1402 847 ast
1425 793 1492 865 pust
1515 804 1555 866 qu
1573 794 1618 866 etp

353 886 508 965 subiungi,
532 895 565 948 ut
586 888 729 950 iaciamus
751 888 895 969 syllabam
916 907 984 969 quy.
1021 887 1129 968 reliqui
1155 896 1223 950 sunt
1250 889 1309 950 duo
1335 889 1540 968 metaplasmi,
1567 891 1617 949 anti·

353 991 461 1060 thesis,
491 1008 559 1052 cum
585 989 685 1054 littera
712 1009 767 1070 pru
794 991 893 1053 littera
922 993 1059 1072 ponitur,
1088 996 1121 1051 ut
1148 989 1199 1052 ulli
1226 1011 1282 1071 pro
1309 991 1367 1063 illi,
1403 999 1434 1051 et
1461 990 1631 1063 metathesis
1688 994 1689 1063 J

354 1111 421 1154 cum
450 1094 481 1154 in
508 1092 638 1156 alianum
665 1094 763 1155 locum
790 1093 890 1154 littera
918 1093 1113 1162 transfertur,
1137 1100 1169 1155 ut
1191 1093 1314 1156 'l'imbrs
1336 1113 1391 1175 pru
1413 1092 1549 1154 Timbsr.
1584 1096 1616 1156 sn
1688 1092 1689 1107 ¹

353 1195 442 1256 idad
465 1196 627 1258 scandendi
650 1197 796 1258 rationem
811 1214 870 1257 non
890 1196 1032 1276 partinet.
1068 1194 1295 1277 metaplasmum
1321 1198 1438 1278 siquem
1465 1197 1613 1268 invenimus,
1688 1196 1689 1209 ¹

353 1315 410 1378 qua
433 1299 461 1358 vi
485 1298 647 1369 scribatur,
671 1295 864 1360 intuebimur.

422 1501 438 1551 2
457 1509 483 1552 et
500 1503 649 1568 pliadasque
667 1501 799 1567 yadasqua
817 1501 849 1551 M
853 1519 863 1554 .·
884 1503 963 1567 Verp.
980 1515 1067 1567 peorp.
1085 1503 1096 1551 l
1116 1501 1166 1553 138
1234 1505 1251 1552 7
1269 1501 1464 1568 metaplasmum
1478 1518 1553 1566 quern
1567 1505 1614 1554 inre·
1688 1552 1689 1569 1

354 1573 437 1624 nimus
456 1572 482 1620 in
506 1588 557 1637 qua
575 1573 600 1622 ui
624 1574 741 1623 scribitur
755 1573 909 1623 intuebimur
923 1569 928 1638 Ι
943 1572 1048 1637 explicit
1067 1572 1100 1621 M
1112 1572 1209 1622 duobus
1225 1573 1366 1636 attestari·
1380 1573 1493 1636 scholiis,
1513 1573 1542 1627 .i.
1558 1584 1612 1624 utun
1688 1618 1689 1623 ,

354 1645 428 1691 ηεὲεῖ
446 1643 505 1692 met'
521 1645 560 1694 uel
577 1647 638 1695 orna
655 1658 733 1693 causa
746 1641 784 1706 (lt.
799 1659 822 1697 e.
839 1651 922 1692 utrum
941 1643 1091 1691 necessitate
1109 1641 1291 1710 metaplasmus
1308 1642 1352 1692 liat
1370 1645 1408 1692 vel
1429 1654 1534 1694 ornatus
1550 1645 1612 1707 mnu)
1688 1640 1689 1675 t

352 1720 377 1762 et
391 1713 417 1761 iu
436 1727 486 1776 qua
506 1713 531 1762 ul
551 1715 577 1770 ,i.
597 1715 619 1764 si
638 1713 779 1764 immutatio
797 1713 839 1773 sit,
859 1710 990 1762 antithesis
1004 1721 1053 1777 ast,
1071 1719 1099 1760 ut
1118 1713 1178 1771 olli3
1197 1715 1219 1764 si
1233 1714 1419 1775 transmutatio,
1435 1713 1611 1773 metathesim,
1688 1738 1689 1749 π

354 1791 379 1830 ut
396 1782 487 1833 timbre
