3525 5600
656 437 892 500 comanvil
1378 431 1443 498 265

1274 545 1381 585 ,διδ-Μ
1394 542 1418 584 L.

166 627 219 690 dieo
241 628 309 702 ‘ego
332 632 361 686 et
381 633 413 687 tu
437 629 562 695 eamus,
587 622 656 686 tolle
677 623 747 686 inde
770 631 808 694 et,
832 632 862 686 et
883 625 1043 696 videamus,
1066 625 1091 686 si
1114 631 1173 686 stat
1193 555 1308 706 senslrs.
1352 641 1442 704 quae·

165 724 243 808 riturj.
278 744 337 806 qne
364 726 429 802 loeo
457 726 659 789 detrahendae
688 734 758 789 sunt
785 727 1020 790 coniunctiones
1063 746 1123 790 nou
1150 727 1276 808 ubique,
1304 725 1358 788 sed
1389 725 1442 787 illo

166 831 220 893 loco
240 815 436 892 detrahuntur
458 831 698 900 coniunctiones,
721 827 771 890 ubi
793 847 863 910 pars
885 828 999 892 athleta
1021 849 1082 891 non
1104 830 1190 892 obeat
1209 830 1289 910 parti
1309 827 1441 890 relictae.

164 933 211 994 loc
231 938 331 994 autern
354 949 414 993 non
436 932 579 1012 contingit
601 933 659 993 nisi
679 931 711 1010 in
732 930 879 994 sensibus.
909 939 1037 1013 possunt
1057 933 1136 994 enirn
1157 937 1297 1013 quattuor
1312 932 1444 1012 quinquo

144 1051 363 1122 irenaeusne.
380 1041 410 1095 et
432 1051 491 1096 uno
512 1042 629 1096 remoto
650 1042 776 1115 possunt
796 1041 883 1096 stare.
928 1033 1019 1098 uerba
1040 1043 1139 1098 autem
1160 1035 1185 1095 si
1207 1033 1320 1096 luerint
1334 1042 1364 1096 et
1383 1051 1443 1096 non

163 1137 263 1200 luerint
284 1153 405 1206 conexa,
429 1154 490 1198 non
512 1144 571 1199 stat
593 1135 730 1198 elocutio.
763 1137 804 1198 ita
826 1137 858 1198 iit
878 1145 912 1198 ut
933 1139 963 1198 in
984 1135 1108 1215 siugulis
1130 1135 1320 1198 sermonibus
1340 1154 1444 1198 neces-

163 1240 229 1302 saria
250 1240 289 1301 sit
309 1237 346 1300 ad
368 1240 563 1300 conexionem
585 1239 762 1302 coniunctio.
806 1240 952 1300 insensu
978 1247 1078 1301 autem
1107 1257 1167 1300 non
1194 1257 1314 1318 semper
1340 1257 1444 1302 neces

162 1343 231 1406 saria
252 1350 297 1404 est
318 1342 495 1410 coniunctio,
520 1339 573 1402 sed
595 1343 620 1404 si
642 1343 700 1417 ris,
725 1347 810 1421 potes
832 1359 961 1420 ponere,
984 1343 1010 1402 si
1031 1343 1082 1411 uis,
1110 1359 1179 1403 non.
1223 1348 1322 1422 potest
1339 1341 1345 1420 Ι
1365 1343 1444 1403 eninr

162 1445 355 1526 pronuntiatio
377 1443 439 1522 ipsa
462 1444 526 1504 rice
547 1443 631 1521 iungi
653 1444 878 1505 coniunctionis.
922 1445 966 1504 ris
993 1445 1070 1505 scire
1092 1433 1231 1524 quonian}
1260 1462 1367 1506 sensus
1387 1441 1446 1505 hoe

134 1549 243 1610 ulacitt
271 1554 408 1628 perrerte
429 1545 527 1626 ipsum
550 1563 680 1615 sensum,
704 1555 734 1607 et
755 1545 820 1606 uide
843 1546 912 1623 quia
933 1553 1004 1616 stat,
1028 1545 1117 1606 ‘terte
1138 1546 1206 1617 tela,
1230 1545 1298 1606 date
1323 1544 1445 1616 faculas,

163 1649 206 1710 citi
228 1647 351 1710 classem
374 1647 551 1710 ascondite':
583 1665 642 1710 non
664 1649 729 1729 ipso
751 1647 856 1710 ordine
878 1647 955 1718 dixi,
981 1665 1041 1727 quo
1062 1647 1225 1727 Vergilius,
1249 1647 1302 1710 sed
1325 1645 1393 1718 alio,
1416 1657 1446 1710 et

162 1761 253 1812 tanen
269 1757 335 1814 stat
374 1751 540 1827 quaesitum
565 1757 612 1812 est
633 1751 712 1812 eninr
734 1751 800 1820 hoc,
823 1769 884 1832 quo
905 1757 1041 1831 tempore
1063 1749 1263 1812 detrahendae
1283 1757 1354 1813 sunt
1374 1770 1445 1812 oon·

160 1854 326 1915 iunctiones.
356 1851 408 1914 illo
422 1852 533 1915 scilicet
548 1861 692 1934 tempore,
716 1851 834 1934 quando
848 1871 955 1914 sensus
970 1853 1096 1932 perlecti
1109 1860 1190 1922 sunt,
1213 1853 1254 1916 ita
1272 1859 1306 1914 ut
1328 1851 1445 1914 sublato

162 1973 215 2015 uno
243 1954 316 2016 alter
344 1973 404 2017 non
432 1953 593 2018 mutiletur.
640 1957 672 2017 in
700 1954 869 2018 elocutione
898 1955 956 2018 hoc
983 1973 1044 2016 non
1071 1955 1225 2034 contingit
1276 1955 1446 2018 coniunctio

133 2055 231 2119 edicta
254 2065 306 2131 est,
331 2056 410 2138 quod
433 2059 587 2137 coniungit
606 2067 727 2120 nostras
750 2056 943 2120 elocutiones
1270 2107 1276 2118 .

239 2158 448 2222 Coniunctioni
468 2162 525 2222 tria
547 2159 693 2230 accidunt,
716 2167 847 2242 potestas
869 2161 964 2239 ligura
985 2159 1069 2222 ordo.
1107 2166 1240 2240 potestas
1260 2159 1444 2221 coniunctio·
1432 2173 1546 2236 meree

162 2279 226 2322 uum
259 2260 337 2342 apud
365 2261 484 2324 Latinos
519 2264 550 2323 in
585 2265 715 2346 puroque
747 2263 864 2343 speeies
895 2262 1036 2325 diuiditur
1079 2261 1167 2344 (apud
1202 2264 1334 2326 Graecos
1366 2264 1445 2324 enirn
1458 2240 1546 2304 ⁶¹⁶⁷

163 2365 234 2424 varie
259 2363 425 2442 dividiturt:
469 2372 539 2426 sunt
572 2365 650 2426 enim
685 2363 867 2444 copulativae
894 2364 1086 2427 disiunctivae
1119 2363 1282 2445 expletivae
1312 2363 1447 2428 causales

163 2463 323 2528 rationales.

131 2586 152 2630 ιι
240 2568 429 2650 Copulativae
457 2568 613 2640 dicuntur,
642 2568 720 2650 quod
748 2577 778 2630 et
804 2587 926 2631 sensum
953 2568 1094 2650 copulant
1126 2577 1157 2632 et
1177 2570 1267 2632 uerba
1296 2569 1446 2652 copulant

162 2669 229 2749 ‘ego
257 2677 287 2732 et
315 2678 347 2733 tu
377 2677 511 2733 eamus’:
543 2671 662 2751 quando
689 2671 756 2733 dico
779 2673 851 2750 ‘ego
880 2678 911 2734 et
931 2680 963 2734 tu
986 2678 1121 2742 carnus²,
1155 2690 1216 2734 non
1238 2671 1335 2734 solum
1356 2673 1447 2736 rerba

162 2791 267 2836 conexa
289 2781 371 2845 sunt,
407 2773 460 2837 sed
488 2775 577 2837 etiam
605 2793 711 2838 sensus
739 2793 870 2838 conexus
893 2782 947 2837 est.
991 2782 1024 2837 ut
1050 2775 1077 2837 si
1098 2773 1178 2839 dicas
1202 2775 1256 2837 ‘ite
1277 2776 1342 2849 citi,
1370 2777 1448 2837 terte

162 2875 303 2947 flammas,
331 2876 399 2939 date
427 2876 484 2939 tela
511 2888 541 2939 et
569 2876 703 2939 scandite
730 2882 860 2947 muros’,
888 2880 948 2939 iam
970 2878 1120 2939 ‘scandite
1141 2883 1260 2940 muros’
1284 2886 1315 2939 et
1342 2896 1449 2941 sensus

163 2979 332 3041 coniunctus
359 2987 405 3041 est
433 2986 462 3041 et
489 2980 588 3043 rerba.
635 2978 699 3061 [irie
725 2978 815 3041 verba
842 2982 1001 3042 coniuncta
1023 2989 1108 3050 sunt,
1136 2982 1211 3059 ‘ego
1239 2988 1269 3042 ιι
1290 2992 1322 3043 ιιι
1344 2998 1448 3043 camus

129 3080 196 3141 uad
215 3082 335 3151 torun’,
358 3080 419 3166 illic
440 3100 547 3144 sensus
569 3080 743 3144 coniunctus
765 3092 812 3144 est
834 3091 863 3143 et
885 3080 1002 3165 rerba]
1047 3101 1119 3161 ergo
1145 3081 1308 3163 copulativa
1328 3080 1380 3145 illa
1401 3090 1449 3144 est

163 3202 232 3263 quae
258 3191 289 3247 ot
309 3183 399 3246 verba
422 3186 575 3263 coniungit
603 3191 634 3245 et
654 3202 775 3247 sensum
797 3186 959 3263 coniungit.
1003 3184 1177 3246 disiunctira
1204 3186 1288 3247 decta
1314 3194 1360 3247 est
1386 3202 1448 3247 non

164 3284 197 3345 ab
217 3303 261 3355 eo,
285 3286 364 3364 quod
388 3288 546 3349 coniuncta
568 3285 723 3365 disiungat.
768 3304 837 3349 nam
859 3289 885 3349 si
906 3286 1065 3367 disiungit,
1093 3288 1153 3349 iam
1180 3305 1237 3349 nee
1254 3284 1261 3371 Ι
1279 3288 1448 3351 coniunctio

164 3396 217 3449 est:
252 3387 325 3449 nihil
354 3390 433 3450 enirn
461 3398 521 3451 tarn
550 3390 731 3451 contrarium
759 3390 961 3451 coniunctioni
988 3408 1076 3469 qrram
1108 3389 1275 3452 disiunctio.
1326 3406 1395 3451 nam
1422 3390 1449 3451 si

163 3488 224 3551 ideo
246 3488 322 3553 dieta
344 3498 390 3552 est
411 3492 590 3561 coniunctio,
613 3490 651 3553 ab
673 3510 709 3553 eo
731 3490 809 3572 quod
832 3494 1000 3572 coniungat,
1022 3493 1079 3555 ista
1095 3501 1195 3554 autem
1212 3492 1364 3570 disiungit,
1387 3508 1449 3552 non

128 3601 207 3653 uest
226 3594 404 3655 coniunctio.
449 3592 583 3655 sednon
606 3594 743 3655 esthee:
781 3612 849 3657 nam
878 3596 1049 3657 conirmctio
1077 3602 1123 3657 est
1152 3603 1183 3655 ct
1204 3596 1271 3655 ista.
1316 3599 1362 3655 est
1383 3592 1449 3671 qui·

163 3692 226 3755 dem
247 3696 433 3764 coniunctio,
457 3703 599 3773 quantum
621 3694 657 3757 ad
681 3695 770 3757 verba
793 3698 938 3777 pertiuet;
970 3706 1137 3761 astantem
1159 3695 1328 3765 disiunctio,
1353 3712 1448 3774 quau·

165 3802 222 3857 tum
242 3794 277 3858 ad
299 3814 420 3859 sensuro
442 3798 581 3877 pertinet.
625 3816 747 3879 possum
779 3800 857 3861 enirn
885 3801 925 3861 ita
946 3799 1063 3873 dicere,
1093 3802 1176 3879 ‘ego
1189 3807 1240 3862 aut
1261 3806 1294 3859 tu
1317 3801 1448 3861 eamus’.

165 3898 274 3975 pando
295 3897 363 3960 dico
386 3901 457 3978 ‘ego
479 3906 531 3961 aut
551 3908 585 3961 tu
607 3902 735 3970 eamus'.
760 3898 889 3964 elocutio
911 3902 1031 3982 quidem
1054 3920 1166 3965 conexa
1189 3910 1243 3971 cst,
1267 3900 1320 3963 sed
1343 3917 1449 3961 sensus

165 3997 274 4061 diruas.
325 4018 395 4062 narn
424 4000 541 4079 quande
568 4001 636 4063 dico
667 4002 739 4081 ‘ego
767 4012 818 4065 aut
845 4010 878 4066 tu
907 4008 1035 4081 camus',
1066 4023 1126 4066 non
1154 4012 1315 4085 utrumque
1336 4004 1448 4065 iturum

131 4112 154 4153 ³⁵
167 4102 295 4173 ostendo.
319 4103 372 4165 sed
396 4102 581 4175 alterutrum,
604 4102 650 4165 vel
672 4102 754 4167 illum
777 4104 938 4169 velillum.
984 4106 1043 4169 tale
1065 4114 1111 4169 est
1130 4108 1162 4167 in
1183 4106 1235 4168 illo
1257 4122 1358 4176 sensu,
1381 4108 1450 4166 ‘aut

228 4306 259 4358 lt
271 4315 386 4390 potestas
398 4310 602 4359 coniunctionum
617 4310 687 4375 apud
702 4311 794 4363 latinos
807 4313 875 4393 apud
894 4326 1002 4379 graecos
1013 4312 1081 4362 enirn
1093 4312 1180 4361 uariae
1196 4310 1325 4361 diuidetur
1337 4316 1450 4375 potestas

168 4377 362 4428 coniunctionum
387 4379 457 4444 apud
483 4380 604 4429 latinos
598 4394 624 4430 ιιι
649 4380 761 4445 quinque
785 4384 886 4447 speeies
907 4382 1036 4432 diuidetur
1058 4392 1118 4431 sunt
1134 4381 1241 4431 enimA
1329 4379 1361 4431 1⁷
1379 4380 1449 4444 apud

169 4460 263 4509 graoeos
286 4448 355 4498 enim
378 4451 449 4499 varie
470 4449 592 4499 dividitur
610 4464 656 4503 om.
674 4449 695 4501 0
780 4450 814 4501 23
833 4462 857 4502 et
882 4452 997 4502 scandite
1018 4448 1116 4517 muros]
1135 4453 1215 4517 Verp.
1235 4449 1302 4501 Aea.
1318 4448 1386 4500 Villi
1403 4448 1456 4504 37..

169 4530 216 4565 aaa
229 4517 273 4567 loc
289 4521 428 4583 eaeaaplm
448 4536 501 4569 ιιιιιι
518 4534 548 4571 ιο
567 4522 636 4585 quod
651 4536 731 4585 surpra
747 4522 867 4605 seriptum
885 4529 942 4571 erat
959 4522 1025 4573 Aea
1041 4522 1088 4571 llil
1107 4520 1159 4573 594
1174 4522 1335 4573 mnatre
1352 4518 1451 4571 videaur

169 4590 340 4648 ινωιιιιαιι,
359 4596 386 4639 ιιι
405 4590 430 4641 ia
450 4590 493 4640 itte
516 4604 605 4643 ιιιιιιι
627 4598 720 4642 tanam
740 4593 898 4653 ωιιιιιιιιοι,
920 4594 946 4643 ia
968 4592 1016 4642 doc
1032 4598 1057 4642 ιι
1073 4607 1162 4643 emar
1179 4600 1206 4643 et
1221 4590 1299 4641 mdo
1318 4590 1449 4643 conium

171 4670 218 4705 ιιιι
233 4658 340 4709 dmnr.
376 4675 408 4710 ea
429 4666 509 4711 autem
526 4676 592 4726 quae
608 4669 754 4727 repausetur,
770 4660 812 4711 hio
829 4663 908 4711 rerba
926 4662 1060 4714 coniuncta
1076 4670 1137 4713 sunt
1152 4671 1210 4726 etc,
1229 4662 1266 4710 ad
1282 4660 1451 4725 distantiam

171 4730 351 4787 matiam
365 4736 389 4779 et
407 4730 610 4782 metaurum
624 4734 817 4785 ωιίιιιιιιιιιιιισι
833 4734 966 4795 pertinere
977 4733 1093 4784 nidenan
1161 4732 1195 4782 2⁴
1213 4728 1266 4799 hie]
1286 4729 1346 4779 huic
1363 4729 1389 4780 A

174 4792 202 4845 tt
216 4796 277 4847 dicta
296 4814 342 4851 οιιι
361 4798 387 4849 A
393 4799 448 4851 Bo
533 4800 565 4853 31
585 4809 707 4864 quantum
728 4802 762 4851 ad
780 4800 859 4858 uerba
876 4800 969 4853 Bea*
987 4817 1076 4867 qua.
1096 4800 1220 4852 aduerba
1236 4801 1262 4850 A
1347 4801 1449 4865 quando

176 4866 262 4925 quaudo
284 4870 437 4921 adsensum
454 4868 480 4920 A
566 4870 601 4925 33
622 4872 724 4937 quando
743 4872 799 4922 dieo
816 4887 866 4939 ego
886 4881 930 4923 aut
948 4879 975 4924 tu
998 4886 1087 4923 ιιιιιιιι
1104 4871 1213 4922 elocutio
1230 4871 1333 4935 quidem
1352 4884 1451 4921 conexa

176 4937 265 4987 ottaed
280 4952 370 4991 ιιιιιιιι
383 4939 483 4993 ἀιιιιιιι
500 4956 560 4993 nam
578 4942 680 5013 quando
697 4942 755 4999 dico
771 4956 820 5017 ago
839 4950 885 4996 aut
901 4951 929 4999 ιιι
944 4957 1092 5002 ammom.
1111 4944 1137 4998 A
1145 4944 1172 5009 0
1191 4942 1254 4995 add.
1273 4956 1312 4992 ac
