3525 5600
342 437 405 503 530
853 437 1121 520 [erraremus]
1227 465 1231 470 ·

341 629 374 692 in
397 635 467 692 arte
487 625 609 690 Donati
632 623 824 712 exponenda
845 623 986 688 maxime
1008 622 1120 689 studia
1145 625 1434 709 grammaticorum
1455 625 1615 689 versaban-

343 741 409 810 tur,
434 728 574 814 scriptus
598 737 657 794 est.
695 749 771 792 nam
793 727 951 791 minorem
972 737 1075 792 artem
1097 727 1222 791 Donati
1244 734 1375 790 secutus
1397 726 1452 791 hic
1472 749 1614 812 gramma·

342 833 425 898 ticus
456 830 496 896 de
524 837 597 896 octo
627 830 776 916 partibus
805 829 959 894 orationis
988 829 1143 896 disseruit
1175 838 1209 894 ot
1238 828 1383 894 maximo
1410 827 1614 915 exemplorum

341 955 474 999 numero
507 941 660 1018 congesto
691 942 724 998 et
755 929 1028 996 declinationibus
1068 931 1233 996 nominum
1266 931 1426 1018 adpositis
1459 943 1615 1017 praecepta

341 1035 426 1100 illius
449 1033 635 1100 illustravit.
668 1034 707 1100 de
729 1034 920 1120 pronomine
935 1056 1013 1100 vero
1029 1035 1128 1098 etiam
1149 1035 1327 1099 maximam
1348 1041 1476 1120 partem
1496 1055 1536 1098 ex
1553 1034 1614 1120 ipsa

342 1137 466 1204 Donati
489 1147 558 1202 arte
580 1137 734 1225 repetivit
756 1135 806 1200 his
828 1133 1037 1222 praemissis,
1060 1141 1098 1201 dc
1115 1142 1295 1217 pronomine
1310 1156 1380 1200 aero
1402 1140 1478 1199 aibat
1497 1144 1614 1216 apertius

338 1248 410 1318 steri
426 1251 541 1324 potest,
573 1260 662 1320 quam
684 1243 831 1320 quomodo
852 1244 883 1303 ia
905 1249 973 1303 orte
994 1244 1120 1318 leqr’mur
1141 1243 1263 1304 Donati.
1308 1236 1503 1303 eruditionis
1523 1247 1614 1303 auten

341 1341 431 1408 nulla
445 1345 479 1408 in
495 1341 555 1408 hoc
577 1340 659 1407 libro
682 1350 758 1406 sunt
772 1340 929 1426 vestigia,
944 1362 1049 1426 neque
1063 1335 1131 1404 ulla
1143 1349 1292 1405 veterum
1308 1341 1503 1427 scriptorum
1523 1362 1614 1404 exem·

341 1443 396 1532 pla
418 1445 585 1531 adscripta
607 1454 695 1509 sunt.

427 1547 481 1612 Ad
509 1545 596 1611 hunc
623 1545 723 1630 igitur
744 1543 865 1611 librum
892 1545 1078 1631 respexisse
1098 1543 1229 1610 videtur
1249 1545 1278 1609 is
1301 1545 1357 1630 qui
1378 1544 1413 1608 in
1434 1541 1541 1609 codice
1559 1543 1613 1608 Va·

341 1650 447 1715 ticano
479 1647 560 1713 1492
595 1647 636 1712 de
668 1647 738 1712 vita
761 1647 859 1734 Aspri
893 1646 1039 1731 scripsit,
1073 1667 1148 1712 cum
1175 1655 1253 1732 post
1278 1668 1318 1710 ca
1343 1667 1429 1732 quae
1456 1646 1496 1712 de
1520 1655 1613 1711 vetere

342 1750 555 1836 grammatico
584 1771 626 1814 ex
654 1747 731 1812 Iulii
761 1745 940 1833 Capitolini
967 1750 1037 1814 vita
1064 1747 1224 1814 Antonini
1255 1746 1467 1834 neglegenter
1497 1746 1614 1813 collecta

343 1853 493 1919 exhibuit
515 1851 651 1916 alterum
674 1851 772 1915 etiam
795 1850 954 1917 minorem
975 1851 1079 1916 fuisse
1100 1849 1244 1938 Asprum
1267 1851 1436 1932 scriberet,
1458 1850 1513 1936 qui
1531 1849 1612 1937 paulo

342 1966 417 2042 post
438 1955 675 2040 Hieronymum
698 1952 847 2018 vixisset.
892 1975 967 2017 nam
989 1953 1081 2018 illum
1102 1961 1246 2019 veterem
1268 1951 1429 2017 Antonini
1449 1950 1612 2038 philosophi

341 2059 509 2144 aequalem
536 2054 639 2119 fuisse
661 2053 783 2138 voluit,
811 2054 899 2120 hune
925 2056 1148 2121 recentiorem.
1192 2055 1280 2120 idern
1309 2055 1415 2119 secuti
1436 2063 1511 2118 sunt
1529 2054 1550 2118 ii
1567 2056 1612 2139 qni

342 2159 376 2223 in
398 2158 510 2224 codice
532 2155 694 2222 Vaticano
724 2157 805 2221 1491
834 2154 1011 2222 Aemilium
1037 2155 1180 2243 Asprum
1208 2167 1242 2221 et
1268 2157 1303 2220 in
1324 2154 1438 2221 codice
1459 2155 1612 2240 Reginensi

343 2261 424 2326 1818
453 2259 553 2346 Aspri
582 2259 713 2326 maioris
741 2269 845 2324 artem
877 2260 1124 2345 inscripserunt.
1169 2259 1302 2324 diversa
1327 2259 1454 2322 ratione
1479 2259 1528 2322 usi
1552 2267 1614 2320 sunt

342 2363 483 2429 editores
512 2360 589 2426 inde
617 2384 637 2426 a
665 2361 812 2448 principe
839 2361 1001 2444 editione,
1030 2361 1087 2447 qui
1108 2384 1182 2426 cum
1204 2371 1292 2426 recte
1313 2358 1544 2425 intellexissent
1561 2379 1614 2422 non
1712 2358 1713 2361 ’

341 2487 437 2553 posse
459 2464 545 2529 hunc
568 2461 687 2528 librum
708 2465 812 2530 veteri
834 2462 1047 2549 grammatico
1069 2462 1182 2545 tribui,
1198 2474 1236 2530 ut
1257 2463 1299 2528 ab
1321 2461 1379 2528 illo
1401 2461 1613 2540 dinumerent,
1712 2516 1713 2547 ,

342 2566 443 2654 Aspri
465 2565 600 2630 iunioris
622 2575 725 2630 artem
747 2566 995 2654 inscripserunt.
1037 2565 1283 2630 Lindemannus
1306 2585 1385 2630 vero
1414 2573 1541 2651 propter
1558 2561 1612 2626 ml·
1712 2550 1713 2569 ¹

342 2679 412 2734 tum
435 2666 564 2732 dicendi
586 2689 688 2752 genus
712 2667 797 2733 hunc
819 2668 978 2733 iuniorem
999 2668 1056 2754 qui
1078 2666 1197 2732 dieitur
1218 2667 1364 2752 Asprum
1391 2687 1459 2732 non
1477 2665 1612 2730 recentia
1712 2676 1713 2693 ¹

342 2793 410 2837 rem
439 2791 510 2836 esse
538 2768 704 2836 Prisciano
738 2770 951 2837 existimavit.
995 2769 1049 2835 cui
1076 2770 1282 2836 consentiens
1310 2769 1463 2836 Osannus
1494 2765 1612 2855 symbol.

342 2872 403 2938 litt.
425 2872 460 2937 II
483 2895 514 2959 p.
537 2872 611 2954 305,
634 2894 709 2937 eam
731 2894 876 2960 eaquae
898 2896 919 2939 a
940 2872 1115 2938 Consentio
1139 2870 1180 2937 de
1200 2872 1295 2937 barb.
1319 2896 1352 2957 p.
1374 2871 1450 2955 402,
1475 2870 1513 2936 15
1535 2881 1564 2935 et
1586 2870 1612 2931 in

342 2976 506 3062 excerptis
521 2972 661 3039 Charisii
676 2996 708 3061 p.
725 2975 796 3055 534,
811 2975 854 3040 39
869 2975 969 3062 Aspri
990 2976 1121 3040 nomine
1141 2974 1286 3039 citantur
1305 2974 1383 3039 huic
1403 2972 1518 3038 iuniori
1531 2994 1612 3059 quem

342 3076 424 3143 dicit
449 3076 558 3143 nereio
587 3098 650 3163 quo
679 3076 777 3143 modo
805 3075 1006 3142 vindicanda
1033 3086 1181 3164 putaret,
1209 3074 1330 3142 librum
1356 3097 1423 3141 non
1451 3077 1528 3140 satis
1547 3076 1612 3137 inte

342 3201 437 3265 grum
465 3178 507 3243 ad
534 3200 592 3243 nos
619 3176 781 3265 perlatum
810 3200 882 3243 esse
904 3180 1040 3245 censuit.
1085 3178 1224 3265 denique
1245 3178 1455 3243 Hermannuo
1476 3176 1611 3261 Hagenns
1711 3209 1712 3214 κ

342 3282 376 3347 in
397 3278 497 3346 schol.
521 3278 675 3344 Bernens.
699 3277 742 3343 ad
756 3278 858 3365 Verg.
881 3279 986 3351 bucol,
1010 3289 1109 3368 atque
1129 3303 1242 3367 georg.
1259 3279 1381 3368 (suppl.
1397 3278 1503 3344 annal.
1518 3275 1609 3365 philol.
1711 3261 1712 3342 l

344 3382 406 3449 vol.
432 3382 496 3467 IV)
517 3404 549 3469 p.
573 3382 634 3446 728
657 3381 698 3446 de
720 3380 822 3447 altero
838 3381 938 3469 Aspri
960 3382 1044 3449 libro
1067 3381 1120 3447 vel
1142 3383 1376 3449 commentario
1398 3382 1434 3445 in
1455 3382 1609 3456 Donatum,
1711 3409 1713 3484 i

343 3507 439 3572 quem
461 3506 481 3548 a
503 3481 675 3549 scholiasta
697 3482 854 3549 Beruensi
875 3485 911 3549 in
926 3484 1028 3570 Verg.
1051 3506 1161 3570 georg.
1183 3483 1233 3549 IV
1253 3484 1315 3549 238
1338 3485 1472 3549 citatum
1493 3504 1558 3548 esso
1574 3482 1611 3543 in·
1711 3489 1713 3568 ζ

342 3585 480 3667 tellexit,
495 3585 617 3669 dicens,
633 3586 784 3671 quamvis
807 3587 894 3651 huno
907 3589 987 3652 satis
1009 3585 1175 3653 diversum
1197 3608 1270 3651 esse
1290 3586 1333 3651 ab
1348 3596 1420 3651 arte
1435 3607 1516 3673 quae
1529 3583 1611 3666 vulgo

343 3688 446 3754 fertur
461 3687 604 3770 videret,
621 3696 743 3768 tamen,
760 3710 800 3752 ne
815 3688 898 3753 duos
913 3690 1016 3753 fuisse
1028 3687 1155 3774 Aspros
1170 3688 1251 3754 artis
1266 3688 1495 3775 explanatores
1509 3695 1611 3750 statue·
1655 3699 1659 3709 ’

342 3802 403 3873 ret,
419 3792 466 3857 ita
488 3810 561 3854 eum
583 3810 656 3853 cum
678 3787 734 3853 illa
757 3790 1018 3875 coniungendam
1041 3812 1113 3855 osse
1128 3791 1345 3872 existimavit,
1359 3799 1398 3854 ut
1413 3786 1610 3855 hunclihrum

343 3893 383 3957 de
404 3913 468 3979 quo
489 3913 575 3955 nunc
590 3889 716 3975 agimus
739 3892 858 3977 partim
881 3902 1012 3957 auctum
1035 3891 1157 3978 partim
1179 3892 1386 3957 decurtatum
1409 3914 1483 3957 esse
1497 3890 1612 3955 diceret.

343 3994 429 4081 quod
452 4016 515 4077 quo
539 3991 633 4058 modo
657 3992 728 4057 fieri
751 3994 895 4079 potuerit
914 4016 979 4059 non
1001 3993 1173 4080 intellego,
1197 3993 1361 4081 siquidem
1376 4004 1445 4058 tam
1461 3989 1612 4058 dissimilia
1710 4067 1711 4070 Ἴ

343 4106 418 4161 sunt
445 4094 570 4176 omnia,
599 4116 681 4180 quae
707 4096 742 4158 in
769 4092 897 4160 duobus
926 4095 1020 4161 libris
1049 4098 1173 4183 scripta
1195 4106 1286 4177 sunt,
1307 4106 1345 4161 ut
1366 4118 1474 4183 neque
1493 4092 1612 4159 alterum

343 4222 384 4263 cx
414 4195 516 4261 altero
545 4195 678 4262 ductum
705 4218 809 4283 neque
836 4206 1009 4284 utrumque
1037 4220 1079 4263 cx
1100 4198 1215 4264 codem
1236 4199 1329 4263 fonte
1352 4197 1532 4263 derivatum
1551 4216 1613 4259 esse

341 4300 509 4388 adpareat.

427 4400 492 4467 Sed
519 4399 648 4465 omnino
676 4398 771 4465 huius
801 4402 871 4467 sive
898 4402 1035 4467 iunioris
1063 4402 1134 4467 sivo
1157 4402 1289 4467 Aemilii
1312 4401 1414 4487 Aspri
1440 4400 1515 4466 artis
1535 4397 1615 4462 nulla

342 4526 495 4592 umquam
518 4527 538 4570 a
559 4502 780 4589 grammaticis
803 4504 892 4569 faeta
913 4514 964 4569 est
985 4502 1118 4568 mentio.
1148 4526 1226 4567 narn
1247 4525 1330 4589 quae
1353 4504 1543 4589 antiquiores
1561 4500 1615 4563 ad·

343 4607 466 4694 scripto
488 4607 588 4691 Aspri
615 4606 745 4671 nomine
774 4606 959 4672 citaverunt
987 4605 1130 4672 dubitari
1156 4605 1269 4692 nequit
1290 4606 1371 4692 quin
1393 4606 1434 4671 ad
1454 4603 1616 4669 Aemilium

344 4712 501 4794 Asprum,
524 4717 667 4773 veterem
689 4708 953 4793 grammaticum,
972 4709 1016 4773 'dc
1032 4728 1095 4793 quo
1111 4706 1294 4795 disputarit
1308 4706 1507 4773 Ribbeclrius
1527 4704 1615 4791 proli.

343 4810 377 4873 in
398 4809 497 4893 Verg.
525 4830 558 4894 p.
583 4810 641 4873 128
664 4832 752 4896 sqq.,
785 4809 959 4875 referenda
989 4812 1073 4893 sint,
1108 4812 1303 4876 recentiores
1331 4807 1551 4874 commentario
1584 4809 1618 4871 in
1709 4869 1710 4872 ,

344 4910 525 4991 Donatum,
548 4910 659 4997 quiin
679 4933 779 4977 manu
801 4913 932 4999 scriptis
954 4912 1045 4978 libris
1068 4912 1177 4999 Aspro
1198 4911 1372 4993 tribuitur,
1394 4912 1444 4976 usi
1465 4918 1547 4993 sont3
1576 4910 1617 4974 ab
1709 4931 1710 4982 j
