3525 5600
688 427 861 492 nncvmn
898 468 900 475 -
965 387 970 399 '
1227 390 1230 394 ⁴
1358 425 1422 492 nte

1223 549 1245 592 p.
1258 539 1318 580 2010.
1333 539 1357 578 11
1371 537 1395 578 Ρ.

138 637 192 681 non
214 623 384 688 transeunt,
408 625 440 678 ut
455 617 565 697 inpune
582 633 680 696 saepe.
711 626 844 678 ceterum
867 616 954 677 facile
976 623 1007 677 et
1028 616 1161 688 dillieile,
1185 635 1259 698 quae
1283 617 1421 678 adverbia

42 729 46 749 ·
137 712 299 784 ponuntur,
329 705 448 764 nomina
477 709 560 772 sunt,
589 699 756 781 exquibus
783 701 855 762 haee
877 708 1040 763 nascuntur
1062 701 1217 772 adverbia,
1240 704 1370 764 faciliter
1392 711 1422 763 et

137 789 311 860 difficiliter;
335 788 387 850 sed
409 807 480 848 usus
501 787 574 848 haec
596 789 681 866 quasi
703 784 842 847 adverbia
864 787 1035 848 vindicavit.
1079 805 1281 868 quaecumque
1304 789 1421 849 nomina

137 874 287 954 qualitatis
313 875 426 934 luerint
454 879 505 934 aut
533 873 720 952 quantitatis,
750 889 798 942 ea,
822 873 847 933 si
871 872 970 932 dative
992 873 1134 950 singulari
1157 892 1174 933 o
1196 872 1296 934 littera
1318 874 1421 933 termi-

115 968 259 1028 ⁵nantur,
282 957 423 1020 adverbia
443 959 474 1018 in
496 976 512 1016 e
535 956 707 1036 productam
723 957 852 1026 mittunt,
876 966 909 1018 ut
929 959 1008 1017 iusto
1030 960 1119 1018 iuste.
1149 958 1201 1018 sed
1217 957 1290 1018 haec
1307 967 1423 1019 veteres

138 1044 342 1106 indifferenter
363 1049 543 1123 posuerunt,
567 1049 600 1102 ut
615 1041 784 1102 humaniter
799 1041 925 1102 duriter.
956 1061 1159 1123 quaecumque
1183 1045 1306 1104 antemi
1322 1043 1423 1103 littera

137 1131 348 1208 terminantur,
371 1131 402 1188 in
419 1135 465 1188 ter
480 1124 623 1208 syllabam
639 1128 774 1197 mittunt,
798 1133 832 1186 ut
854 1127 925 1204 agili
947 1126 1041 1187 nobili
1063 1128 1167 1188 audaci
1189 1128 1312 1197 diidcili,
1336 1127 1421 1205 agili·

138 1225 181 1276 ter
203 1212 345 1274 nobiliter
368 1213 520 1274 audaciter
548 1209 553 1293 Ι
583 1211 755 1271 difficiliter.
800 1211 851 1271 sed
881 1230 917 1272 ex
944 1211 992 1273 his
1019 1213 1163 1292 quaedam
1190 1231 1244 1292 per
1272 1231 1422 1293 syncopen

138 1300 300 1379 euphoniae
323 1317 411 1360 causa
434 1299 576 1367 dicimus,
601 1303 634 1356 ut
656 1296 796 1356 audacter
818 1295 979 1357 difficulter
1001 1300 1151 1377 sapienter
1173 1304 1352 1359 constanter.

103 1400 125 1436 10
219 1384 294 1445 Sunt
321 1382 462 1445 adverbia
490 1383 657 1443 communia
686 1399 753 1441 eum
788 1380 854 1442 aliis
887 1381 1022 1460 partibus
1055 1384 1207 1444 orationis.
1252 1382 1422 1443 nominibus

135 1477 202 1532 sunt
225 1471 407 1539 communia,
430 1475 464 1529 ut
485 1470 527 1528 ait
549 1465 696 1528 Salustius
725 1464 839 1527 ‘lalso
861 1467 1035 1546 queritur
1058 1467 1099 1527 de
1121 1476 1253 1529 natura
1276 1487 1338 1528 sua
1361 1485 1421 1546 ge-

136 1573 200 1615 nus
214 1555 424 1616 humanum'
443 1551 600 1632 prolalse;
618 1551 761 1630 Virgilius
776 1554 830 1611 ‘et
847 1552 940 1631 pede
962 1559 1102 1614 terram
1117 1551 1250 1614 crebra
1267 1554 1376 1613 lerit'
1393 1560 1422 1613 et

286 1638 398 1700 multa
421 1637 543 1699 lovem
565 1634 734 1697 manibus
755 1637 915 1716 supplex
937 1655 1066 1697 orasse
1088 1639 1251 1717 supinis:

135 1726 352 1785 coniunctioni:
372 1729 420 1793 ut,
438 1722 556 1802 quando
572 1720 746 1782 adverbium
764 1730 822 1792 est,
841 1722 928 1802 plura
946 1723 1107 1799 significat,
1126 1722 1353 1783 similitudinem
1369 1725 1420 1792 sie,

101 1825 123 1864 rs
286 1817 324 1870 ut
346 1808 526 1888 quondam
549 1806 659 1868 Creta
681 1806 805 1867 fertur
827 1805 1071 1886 labyrinthus
1093 1810 1130 1868 in
1152 1808 1243 1879 alta;

135 1904 251 1976 tempus
274 1897 332 1964 sic,
357 1897 412 1954 ‘ut
433 1911 556 1970 regem
579 1896 823 1972 aequaevum'
847 1900 877 1953 et

285 1986 325 2040 ut
347 1978 438 2048 vidi,
462 1986 501 2038 ut
523 1979 636 2058 perii,
660 1985 698 2038 ut
719 1995 771 2038 me
793 1977 909 2038 malus
931 1978 1090 2038 abstulit
1113 1995 1235 2047 error;

134 2067 319 2146 qualitatem,
343 2069 376 2124 ut

286 2149 468 2210 Troianas
490 2155 527 2209 ut
550 2166 637 2226 opes
660 2156 696 2208 et
717 2146 959 2215 lamentabile
982 2165 1147 2226 regnnm;

98 2253 121 2290 ιο
134 2239 341 2318 quantitatem,
365 2242 398 2294 ut

739 2317 877 2398 quibus
899 2317 1035 2379 llector
1057 2317 1100 2379 ab
1122 2320 1200 2378 oris

287 2411 484 2485 expectate
507 2403 631 2465 venis?
653 2410 691 2463 ut
713 2410 747 2464 te
771 2411 854 2483 post
876 2403 989 2464 multa
1012 2411 1159 2464 tuorum

286 2493 434 2561 lunera;

133 2577 372 2638 coniunctionem
402 2583 499 2635 autem
528 2574 674 2652 significat
701 2576 759 2644 sic,
789 2577 846 2634 ‘ut
872 2574 1006 2634 taciem
1028 2581 1189 2635 mutatus
1212 2582 1248 2634 et
1269 2591 1331 2635 ora
1354 2573 1422 2635 Cu·

98 2662 221 2741 aspide
243 2679 310 2741 pro
332 2660 432 2721 dulci
454 2662 646 2722 Ascanio':
669 2661 897 2738 praepositioni,
921 2666 954 2720 ιιι
974 2679 1039 2738 pro.

219 2745 278 2809 Sed
300 2747 393 2825 figura
415 2746 447 2808 in
470 2744 620 2807 adverbiis
635 2751 685 2805 aut
700 2745 825 2825 simplex
841 2751 901 2815 est,
925 2751 958 2805 nt
979 2745 1064 2805 doetc
1086 2744 1264 2825 prudenter,
1289 2753 1338 2805 aut
1353 2763 1423 2805 con·

132 2836 246 2911 posita,
276 2839 309 2892 ut
336 2831 454 2892 indocte
482 2830 690 2911 inprudenter.
735 2830 844 2908 gradus
866 2828 1017 2891 adverbiis
1039 2830 1189 2900 accidunt,
1214 2830 1350 2910 quotiens
1372 2850 1422 2910 ap·

133 2918 311 2997 pellationes
333 2917 410 2977 unde
431 2923 587 2977 transeunt
613 2924 826 2995 conparantur,
855 2924 889 2976 ut
911 2915 996 2975 docte
1020 2915 1134 2976 doctius
1157 2915 1337 2976 doctissime.
1375 2934 1422 2974 re·

131 3004 251 3083 cipiunt
266 3008 297 3062 et
311 3002 551 3072 diminutionem,
568 3007 600 3061 ut
616 3000 802 3062 meliuscule.
825 3019 1003 3081 quamquam
1018 3002 1258 3081 conparationem
1275 3002 1424 3081 recipiunt

97 3096 161 3147 eet
185 3106 263 3168 quae
286 3106 302 3147 a
324 3104 356 3147 se
378 3094 555 3157 naseuntur,
579 3093 613 3146 ut
634 3104 731 3165 nuper
753 3088 936 3167 nuperrime.

218 3170 375 3234 Adverhiis
397 3171 534 3233 omnibus
556 3172 740 3251 praepositio
755 3173 915 3251 separatim
937 3171 1015 3232 adici
1037 3188 1096 3231 non
1118 3171 1221 3242 debet,
1245 3189 1423 3252 quamquam

131 3258 244 3319 lectum
267 3260 305 3318 sit
326 3256 435 3318 abhinc
457 3257 534 3337 apud
557 3256 741 3325 Terentium,

286 3344 432 3404 interea
455 3342 589 3404 mulier
611 3340 790 3421 quaedam
813 3338 948 3402 abhinc
970 3343 1191 3412 triennium,

132 3436 161 3488 et
176 3428 257 3508 apud
270 3428 428 3507 Virgilium
443 3426 595 3489 ‘exinde
610 3444 676 3506 per
691 3426 846 3506 amplum
863 3428 1048 3487 mittimur
1063 3427 1248 3497 Elisium',
1264 3427 1422 3497 etdehinc,

97 3522 164 3575 ³5ut
186 3513 343 3574 ‘dehinc
365 3512 426 3575 ubi
448 3510 571 3574 libera
594 3512 708 3572 colla’
730 3511 927 3572 et‘deindc
949 3512 1099 3573 feraces
1120 3511 1272 3591 plantae
1294 3514 1423 3573 inmit-

131 3601 296 3659 tuntur’.
340 3616 415 3677 quae
444 3599 556 3667 omnia,
585 3604 614 3658 et
642 3597 726 3677 siqua
755 3597 812 3658 alia
840 3604 911 3657 sunt
937 3598 1062 3666 similia,
1091 3604 1124 3657 nt
1150 3598 1290 3677 proinde,
1315 3597 1424 3677 placuit

132 3694 237 3745 contra
264 3682 397 3761 regulam
425 3688 599 3743 accentuum
621 3682 765 3761 proferri,
795 3701 832 3745 ne
860 3684 1020 3761 separatim
1050 3683 1165 3743 additae
1188 3684 1425 3763 praepositiones

131 3769 292 3829 videantur
314 3767 473 3829 adverbiis.

191 3890 204 3893 -
214 3888 438 3895 .-—-.—--.-—-——

202 3937 345 3989 Snsrvein
363 3936 426 3989 haee
442 3936 467 3987 F
516 3935 668 4001 dquaeque
684 3946 767 3987 autem
785 3937 892 4002 Fquee
910 3946 1030 3994 notem
1083 3934 1265 4003 lldlllleultev]
1285 3936 1424 3987 dilllciliter

130 4008 155 4057 F
227 4007 259 4057 11
274 4005 412 4073 Salustius]
430 4006 519 4071 Iup.l
605 4008 637 4057 12
656 4015 681 4057 et
698 4008 764 4073 pede
782 4016 849 4058 terso
868 4009 957 4059 erebra
975 4009 1041 4073 perit
1058 4005 1094 4056 F:
1115 4009 1194 4073 Verp.
1212 4024 1300 4073 peerp.
1320 4008 1354 4056 lll
1372 4006 1424 4056 499

201 4078 327 4135 crebrae
366 4074 535 4143 damno]
559 4077 721 4143 Vopaen.
741 4076 857 4129 1111205
908 4077 1056 4143 supinueF
1125 4078 1156 4129 14
1174 4087 1200 4127 nt
1218 4078 1320 4140 qnando
1338 4090 1424 4125 secum

131 4147 282 4197 adverbium
301 4154 340 4198 est
359 4146 420 4197 Fut
438 4148 540 4210 qnando
557 4147 708 4197 aduerbinm
727 4162 813 4197 secum
829 4154 868 4197 eet
882 4162 914 4205 5:
932 4148 967 4211 es.
987 4148 1067 4198 litem
1082 4161 1110 4210 p.
1127 4146 1189 4211 408,
1208 4148 1241 4197 10
1310 4146 1342 4195 14
1358 4146 1425 4194 sient

131 4217 263 4280 qnondam
282 4224 367 4267 creata
385 4218 422 4269 F:
450 4218 528 4282 Verp.
549 4218 614 4269 Aea.
636 4218 659 4267 V
678 4215 730 4268 588
800 4218 833 4269 15
850 4216 987 4268 laberintns
1005 4216 1031 4265 F
1097 4215 1130 4266 le
1148 4224 1175 4266 ut
1193 4231 1280 4283 regern
1300 4230 1423 4278 aequeurn

130 4288 168 4337 F:
192 4288 275 4351 Verp.
291 4287 355 4337 Aen.
373 4287 395 4336 ll
413 4285 463 4338 bdl
536 4287 569 4339 17
589 4294 615 4335 ut
633 4284 696 4351 vidi]
719 4288 797 4353 Verp.
817 4286 897 4337 boeot.
915 4288 943 4349 8,
961 4287 995 4338 41
1066 4285 1170 4337 abstulit
1188 4302 1257 4337 emur
1274 4300 1320 4336 ota.
1334 4286 1359 4335 F

132 4356 165 4405 ta
181 4357 284 4407 troiana
304 4370 394 4420 sospes
413 4365 438 4406 et
453 4356 488 4407 F:
513 4358 592 4421 Verp.
613 4357 677 4409 Aen.
700 4357 719 4405 ll
738 4359 760 4406 4·
822 4357 855 4406 21
875 4355 979 4421 quibus]
1003 4358 1081 4421 Vevp.
1101 4355 1167 4406 Aeta.
1186 4356 1275 4406 11282
1345 4356 1378 4405 22
1397 4361 1425 4403 nt

130 4452 162 4462 —
185 4422 290 4492 iuuere]
308 4434 336 4476 ut
353 4426 410 4491 quie
428 4432 486 4476 ante
502 4426 527 4475 F
595 4428 628 4477 24
647 4427 712 4476 sicut
730 4425 799 4476 faeie
812 4425 851 4477 F:
879 4428 960 4493 Verp.
977 4426 1043 4477 Aen.
1066 4425 1145 4476 1658
1217 4425 1320 4491 eupidet
1338 4438 1383 4491 pro
1402 4424 1427 4472 F

200 4496 239 4547 29
255 4498 460 4563 conparationem
481 4496 608 4561 recipiunt
631 4506 656 4546 et
673 4496 866 4546 diminutionem
883 4506 909 4546 et
932 4511 997 4560 quae
1015 4496 1059 4551 Fe
1128 4492 1163 4545 32
1182 4495 1250 4561 apud
1266 4492 1422 4559 Terentium]

128 4565 216 4619 Andr.
240 4566 249 4613 l
269 4566 294 4632 1,
311 4566 346 4615 42
432 4565 466 4617 34
485 4562 589 4631 exinde]
616 4567 695 4631 Verp.
716 4566 781 4619 Aen.
803 4564 836 4615 Vl
857 4564 909 4617 743
997 4564 1175 4631 peramplum
1197 4566 1320 4615 mittimus
1339 4564 1364 4613 F
1379 4578 1425 4628 per

128 4635 209 4684 altum
232 4634 339 4687 mittitur
356 4650 384 4692 ς.
460 4636 494 4687 35
518 4635 610 4686 dehinc
628 4636 706 4687 libere
726 4635 823 4701 collega
842 4634 867 4683 F
890 4635 981 4685 dehinc
1005 4634 1065 4685 talia
1087 4634 1154 4684 latur
1178 4648 1208 4690 ςε
1237 4635 1316 4698 Verp.
1335 4648 1423 4697 peorp.

128 4706 163 4755 lll
185 4705 239 4757 167
338 4705 430 4755 deinde
454 4704 553 4755 leroees
575 4706 616 4757 F:
637 4708 714 4769 Verp.
732 4720 821 4771 peorp.
841 4704 862 4753 ll
879 4706 914 4755 tv
1014 4704 1049 4756 32
1065 4704 1194 4755 eduerbiis
1213 4703 1288 4754 Modo
1304 4717 1350 4769 pro
1370 4703 1424 4753 dis-

129 4775 250 4825 innetine
262 4800 297 4811 -
310 4790 356 4841 pro
375 4776 433 4825 inde
446 4786 563 4843 unguent
582 4791 650 4825 uene
670 4791 702 4825 ns
719 4788 875 4825 enarremus
891 4776 916 4824 F
931 4776 1060 4824 adoerbiis
1077 4782 1102 4824 et
1120 4774 1195 4824 modo
1213 4787 1259 4840 pro
1272 4773 1424 4823 disiunctina

129 4872 162 4882 —
181 4860 232 4912 pro
249 4846 343 4896 deinde
357 4853 463 4911 nogent.
485 4848 520 4895 lle
538 4845 679 4911 participiis
694 4860 719 4901 ς.
736 4844 846 4895 subiecta
863 4852 922 4895 sunt
940 4846 1055 4907 exempla
1072 4852 1097 4895 et
1113 4846 1292 4895 coniunctionis
1305 4842 1376 4904 infra
1397 4858 1424 4907 p.

130 4917 191 4981 eal,
213 4917 305 4982 Seqq.
325 4914 436 4967 eentum
