3525 5600
729 358 919 466 neutuna*
1396 353 1460 420 497

1257 477 1279 519 p.
1293 465 1394 508 ιιιι-ιι
1407 465 1433 508 e.

173 567 242 628 ergo
271 550 372 609 iuncta
398 549 619 628 praepositione
652 548 729 610 tiunt
754 545 862 616 latina,
891 553 924 606 ut
951 546 1028 616 dixi,
1051 549 1236 624 proconsule
1263 553 1458 627 propraetore

173 640 396 715 proquaestore.
440 652 509 694 nam
531 641 647 694 veteres
669 636 700 694 in
723 633 904 694 nominativo
926 649 997 692 casu
1018 631 1177 712 proconsul
1200 632 1340 694 dicebant
1361 639 1458 694 atten-

173 722 276 781 dentes
297 719 409 781 nullum
432 737 540 780 nomen
562 719 686 781 latinum
702 720 784 779 exire
806 721 838 778 in
861 736 876 777 e
899 717 1030 778 litteram
1052 719 1233 778 nominativo
1255 736 1327 779 casu
1348 736 1459 796 genere

173 805 346 867 masculino.
377 823 393 865 a
415 805 558 865 feminino
580 804 692 865 nullum
716 803 854 873 latinum,
879 802 932 864 sed
953 819 1059 880 graeca
1081 804 1191 874 solum,
1206 811 1240 863 ut
1254 801 1459 864 Andromache

149 891 266 953 ⁵Niobe
289 890 382 970 Libye
404 889 523 950 Hecabe
546 889 676 969 Calliope
698 888 843 969 Euterpe,
876 906 1005 968 quorum
1031 889 1179 965 genitivus
1206 891 1238 948 in
1267 907 1299 949 es
1327 891 1403 958 exit,
1428 896 1460 948 ut

173 975 392 1038 Andromaches
420 974 531 1036 Niobes
558 973 667 1055 Libyes
688 973 823 1056 Heeabes
850 973 998 1054 Calliopes
1019 972 1175 1054 Euterpes.
1220 974 1273 1034 sed
1295 974 1368 1035 haec
1391 992 1458 1034 enm

172 1063 287 1141 graecis
309 1067 479 1122 tractemus.
525 1079 540 1121 a
564 1067 670 1123 neutro
693 1079 709 1120 e
731 1060 831 1120 littera
853 1060 885 1120 in
907 1061 1089 1121 nominativo
1112 1059 1222 1120 monile
1244 1059 1337 1120 sedile
1360 1058 1458 1119 cubile

173 1155 201 1208 et
222 1155 332 1217 cetera,
355 1163 429 1227 qnae
453 1145 541 1226 paulo
562 1153 629 1226 post
651 1147 683 1206 in
705 1145 807 1222 regula
829 1147 949 1222 generis
971 1147 1070 1206 neutri
1092 1162 1247 1225 ponemus.
1278 1146 1459 1205 acommuni

172 1233 284 1295 nullum
306 1251 413 1294 nomen
437 1239 497 1302 est;
527 1231 666 1292 similiter
693 1229 807 1292 nullum
830 1229 866 1290 ab
889 1232 1043 1310 epicoeno.
1086 1248 1164 1291 nunc
1186 1231 1223 1290 de
1246 1231 1256 1290 i
1277 1230 1377 1291 littera
1398 1237 1458 1290 tra-

139 1327 299 1388 actenus,
328 1319 509 1378 nominativo
537 1335 612 1396 quae
640 1334 751 1396 genera
780 1316 938 1377 contineat.
964 1312 968 1394 Ι
992 1335 1008 1377 a
1030 1315 1194 1377 masculino
1215 1315 1329 1377 nullum
1350 1333 1459 1376 nomen

173 1407 202 1465 in
226 1407 251 1474 i:
280 1422 296 1463 a
324 1404 468 1464 feminino
496 1402 624 1472 nullum;
654 1421 670 1463 a
698 1408 806 1462 neutro
834 1403 961 1480 gummi,
990 1408 1020 1462 et
1043 1407 1089 1462 est
1110 1407 1247 1480 aptoton;
1271 1420 1287 1461 a
1309 1401 1459 1462 communi

172 1487 300 1560 nullum;
329 1486 365 1549 ab
396 1490 477 1548 omni
505 1505 630 1566 genere,
658 1495 692 1548 ut
713 1488 792 1566 lrugi
815 1486 912 1548 nihili.
957 1486 1125 1548 declinatur
1147 1489 1206 1556 sic,
1229 1486 1278 1546 hic
1300 1488 1346 1546 vir
1368 1487 1458 1563 trogi,

172 1575 245 1636 haec
267 1575 376 1635 semina
399 1574 496 1650 frugi,
525 1574 580 1633 hoo
608 1572 790 1653 mancipium
816 1574 913 1650 trugi;
941 1574 1073 1650 genitivo
1094 1571 1234 1632 similiter
1255 1573 1335 1648 trogi
1357 1571 1458 1640 faciet,

172 1661 261 1720 huius
282 1661 338 1719 viri
361 1659 456 1736 frugi,
480 1659 570 1720 huius
584 1659 714 1719 feminae
729 1659 824 1736 frugi,
847 1657 937 1719 huius
952 1659 1094 1737 mancipii
1108 1658 1205 1734 lrugi;
1229 1659 1272 1717 sic
1287 1675 1342 1736 per
1357 1675 1459 1717 omnes

137 1763 260 1807 ascasns
281 1745 360 1822 frugi
383 1744 519 1805 dicimus.
550 1746 594 1804 sic
616 1743 782 1805 declinatur
805 1742 907 1813 nihili,
929 1743 979 1803 hic
1000 1742 1087 1805 nihili
1108 1744 1168 1812 vir,
1191 1741 1265 1802 haec
1286 1741 1373 1804 nihili
1394 1760 1458 1802 mu·

172 1831 243 1900 tier,
267 1829 322 1890 hoc
344 1829 431 1890 nihili
452 1831 645 1908 mancipium.
689 1829 746 1890 hoc
768 1848 840 1890 sono
866 1847 969 1889 omnes
991 1847 1077 1890 casus
1099 1826 1299 1898 declinantur;
1329 1830 1373 1888 sic
1394 1827 1459 1906 plu·

172 1915 275 1977 raliter
296 1916 353 1975 viri
381 1914 483 1984 nihili,
512 1916 640 1976 feminae
668 1914 770 1985 nihili,
800 1916 948 1994 mancipia
975 1914 1071 1974 nihili.
1116 1912 1153 1973 ab
1181 1915 1324 1993 epicoeno
1345 1912 1459 1973 nullum
1538 1950 1543 1960 ·

172 2001 313 2062 similiter
335 2002 398 2060 exit
419 2001 451 2060 in
473 2003 495 2060 i.
540 1999 577 2060 ab
599 2019 617 2060 o
639 1999 739 2078 littera
761 1999 853 2061 vocali
882 2001 1082 2060 nominativus
1107 2002 1284 2059 terminatus
1305 2017 1322 2058 a
1344 2016 1458 2059 mascu-

172 2087 235 2148 lino
257 2084 448 2165 appellativo,
472 2092 504 2147 nt
530 2084 591 2164 ligo
612 2084 735 2164 ligonis,
759 2105 775 2145 a
797 2087 921 2166 proprio
943 2087 1078 2154 nomine,
1102 2090 1135 2144 ut
1157 2083 1228 2145 Cato
1250 2083 1355 2144 Cicero
1377 2083 1459 2144 Maro

135 2171 251 2232 roNero
273 2169 391 2232 Tubero
420 2177 450 2230 et
476 2171 561 2240 talia,
589 2189 605 2231 a
632 2171 777 2232 feminino
806 2170 998 2251 appellativo,
1020 2177 1054 2230 nt
1075 2171 1189 2248 vertigo
1212 2169 1319 2247 indago
1340 2170 1459 2246 farrago

171 2257 273 2335 siligo:
297 2259 328 2318 in
348 2255 480 2318 iuvenali
502 2255 612 2334 legitur
633 2259 690 2326 ita,

323 2341 385 2402 sed
408 2343 470 2422 qni
493 2341 693 2402 conductis
714 2341 913 2403 inducitur
935 2349 1049 2420 atque
1071 2342 1222 2401 fovetur

323 2433 380 2488 tot
400 2426 714 2488 medicaminibus
735 2432 939 2507 coctaeque
966 2426 1139 2504 siliginis
1161 2426 1258 2486 olias

323 2514 465 2591 accipit
486 2518 521 2571 et
543 2511 725 2583 madidae,
749 2513 871 2573 iacies
894 2512 1046 2572 dicetur
1068 2530 1111 2572 an
1134 2499 1257 2571 ulcus?

134 2605 290 2676 assartago
312 2599 413 2674 virago
434 2597 543 2675 lanugo
566 2615 676 2676 aerugo
698 2615 811 2676 aurugo
833 2597 974 2677 crepido:
997 2599 1029 2657 in
1051 2596 1183 2658 iuvenali

323 2683 426 2744 nulla
449 2682 607 2762 crepido
628 2689 751 2752 vacat,
775 2701 954 2762 nusquam
975 2701 1067 2762 pons
1089 2689 1125 2742 et
1146 2684 1287 2760 tegetis
1308 2700 1410 2761 pars:

170 2776 200 2831 at
224 2768 304 2831 talia.
348 2786 364 2830 a
387 2769 531 2829 feminino
553 2771 690 2847 proprio,
718 2767 880 2847 Carthago;
909 2769 1068 2847 peregrina
1089 2785 1173 2838 vero,
1202 2774 1235 2829 ut
1255 2766 1331 2828 Dido
1353 2767 1406 2829 lno
1429 2767 1460 2828 lo

169 2854 273 2917 diecto
296 2853 422 2916 Celaeno
445 2853 508 2916 Clio
529 2854 643 2923 Manto,
674 2872 799 2934 quorum
822 2855 968 2932 genitivus
995 2857 1027 2915 in
1049 2872 1085 2915 us
1107 2856 1182 2924 exit,
1206 2853 1299 2914 Didus
1320 2853 1390 2915 laus
1411 2852 1460 2913 Ius

172 2941 294 3002 ¹dlectus
317 2939 461 3001 Celaenus
483 2938 566 3001 Clius
587 2937 718 3009 hiantum
747 2940 799 3002 sed
828 2940 883 2999 hoc
905 2958 974 3001 cum
994 2942 1111 3019 graecis
1133 2947 1303 3000 tractemus.
1347 2957 1363 2999 a
1386 2957 1459 2999 neu·

134 3046 157 3085 so
171 3032 218 3087 tro
242 3024 340 3086 nullus
362 3026 560 3085 nominativus
582 3027 614 3085 in
636 3044 654 3085 o
676 3027 751 3096 exit;
775 3045 791 3086 a
814 3027 964 3086 communi
986 3025 1059 3085 tullo
1080 3024 1155 3086 latro
1177 3043 1271 3103 caupo
1293 3032 1323 3084 et
1344 3031 1459 3093 cetera;

170 3109 207 3171 ab
231 3112 376 3190 epicoeno
398 3108 526 3171 struthio
548 3110 678 3171 hirundo
699 3110 807 3171 hirudo
834 3110 968 3171 curcadio
996 3110 1068 3172 boio
1090 3118 1119 3171 et
1141 3110 1221 3170 talia.
1266 3108 1303 3169 ab
1326 3128 1345 3169 n
1366 3109 1459 3170 vocali

169 3195 267 3257 solum
289 3202 446 3265 neutrum,
468 3194 546 3274 quod
569 3197 599 3255 in
623 3195 766 3273 singulari
788 3193 999 3257 indeclinabile
1022 3203 1081 3265 est,
1104 3198 1136 3256 in
1158 3195 1266 3276 plurali
1282 3194 1458 3263 declinatur,

169 3287 203 3343 ut
224 3299 320 3341 cornu
341 3298 414 3342 veru
436 3298 514 3358 genu
536 3282 664 3341 tonitru:
689 3281 746 3341 hoc
768 3300 839 3342 sono
858 3282 1053 3342 enuntiantur
1074 3299 1177 3341 omnes
1198 3298 1285 3341 casus
1305 3282 1337 3341 in
1359 3281 1459 3357 singu·

170 3366 242 3435 lari,
272 3372 305 3426 ut
332 3365 477 3436 diximum
505 3367 537 3425 in
563 3366 670 3446 plurali
699 3362 910 3447 deiclinantur,
938 3385 1049 3427 cornua
1071 3384 1163 3427 verua
1185 3383 1297 3444 genua,
1328 3366 1460 3442 genitivo

133 3450 278 3516 ciborum
307 3469 453 3511 cornuum
480 3468 604 3512 vernum
631 3469 776 3529 genuum;
804 3459 834 3514 et
862 3459 962 3513 cetera
989 3451 1153 3513 declinabis
1181 3452 1217 3513 ad
1239 3450 1372 3529 regulam
1394 3469 1459 3510 ver·

169 3555 258 3597 suum
280 3543 311 3595 et
331 3537 484 3597 ductuum.

256 3621 391 3682 Diximus
413 3621 449 3681 de
471 3620 622 3684 vocalibus
644 3626 785 3703 quinque,
809 3622 919 3703 quibus
940 3624 1120 3684 terminatur
1141 3624 1356 3692 nominativus;
1379 3640 1458 3682 nunc

170 3707 206 3767 de
230 3705 458 3767 semivocalibus
481 3706 624 3768 dicamus.
647 3707 657 3768 Ι
681 3708 781 3769 littera
804 3711 1003 3769 nominativus
1024 3710 1136 3777 exiens,
1160 3710 1192 3775 in
1213 3705 1385 3768 masculinis
1407 3726 1458 3785 ap·

169 3791 320 3872 pellativis
341 3791 391 3851 hic
415 3789 471 3861 sal,
494 3794 527 3853 in
555 3795 686 3872 propriis
708 3794 775 3864 Sol;
804 3796 835 3855 in
864 3795 1019 3855 femininis
1044 3812 1137 3854 unum
1166 3811 1273 3853 nomen
1307 3799 1458 3853 matronae

132 3884 303 3945 otantum,
332 3875 492 3955 Tanaquil;
521 3880 552 3938 in
580 3882 695 3940 neutris
722 3880 781 3940 mel
809 3880 864 3949 lel;
888 3881 919 3939 in
942 3878 1149 3939 communibus
1170 3877 1239 3954 rigil
1260 3876 1356 3957 pugil,
1380 3877 1458 3938 unde

169 3970 199 4022 et
222 3962 383 4021 Terentius
405 3961 441 4021 de
471 3964 585 4039 virgine
613 3964 799 4043 ‘pugilem
827 3983 910 4025 esse
937 3965 1077 4034 aiunt';
1106 3966 1137 4023 in
1166 3964 1317 4043 epicoenis
1346 3961 1459 4022 nullum

242 4164 425 4229 lproeonsole
440 4166 582 4226 posteriore
596 4169 706 4219 locoom
728 4168 772 4225 rc
834 4166 1000 4217 bhaechabe
1017 4168 1116 4232 caliope
1134 4166 1160 4215 F
1174 4167 1297 4223 hecates
1354 4164 1459 4215 dhaes

167 4237 251 4286 habes
268 4232 560 4299 caiiopethecatssc
612 4237 740 4289 imunile
754 4239 779 4288 F
825 4236 941 4287 8nontri
956 4251 1007 4287 non
1025 4251 1072 4302 pro
1088 4236 1172 4287 omnia
1187 4237 1291 4288 nomina
1302 4250 1426 4302 ponemus
1438 4234 1463 4283 F

168 4321 200 4357 ne
218 4321 237 4356 n
256 4320 303 4370 per
320 4305 406 4354 omnis
424 4306 526 4355 nomina
544 4321 702 4372 ponemus&
767 4306 800 4359 16
812 4306 864 4357 hoc
877 4321 941 4357 sono
961 4308 1110 4357 nominatim
1129 4322 1217 4356 omnes
1235 4321 1310 4357 casus
1327 4306 1375 4361 Fe
1427 4302 1460 4353 ts

167 4377 318 4426 terminatus
337 4374 479 4425 masculino
498 4375 545 4434 re
597 4379 629 4428 21
653 4379 678 4426 in
697 4375 822 4444 iuvandi]
843 4386 893 4428 sat.
913 4376 939 4440 o,
957 4377 1006 4428 471
1062 4378 1096 4427 22
1113 4376 1159 4427 sed
1177 4392 1241 4441 quae
1259 4377 1362 4428 mutatis
1380 4388 1397 4431 ς
1413 4374 1458 4425 sed

170 4446 234 4510 quid
254 4446 356 4494 matath
376 4444 509 4495 Puteolim
578 4446 792 4511 ruinasques
860 4448 894 4497 24
910 4448 1002 4511 accipit
1019 4462 1064 4497 om.
1083 4445 1110 4495 F
1178 4446 1280 4496 madida
1294 4443 1321 4495 F
1369 4444 1460 4494 dicitnr

168 4516 194 4565 F
262 4514 296 4564 25
319 4528 399 4582 erugo
413 4514 516 4565 morbus
534 4518 622 4583 regins
641 4532 739 4585 aurugo
757 4518 782 4567 F
796 4531 876 4582 erugo
894 4531 1010 4582 aroges
1080 4518 1105 4565 in
1124 4514 1249 4582 iuvenali]
1269 4522 1318 4566 act.
1338 4516 1363 4573 5,
1381 4513 1399 4564 8

167 4586 202 4636 26
220 4583 290 4634 nullo
306 4584 410 4651 crepido
429 4593 504 4635 uocat
521 4600 646 4651 nosquam
666 4595 753 4651 posset
769 4588 857 4636 teietes
876 4587 975 4637 attalia
992 4586 1017 4634 F
1083 4587 1117 4635 ll
1137 4588 1181 4636 lno
1199 4588 1226 4635 Io
1243 4583 1378 4634 Putsclu'ua
1394 4584 1460 4632 ineio

168 4655 267 4704 Fiuno
286 4654 347 4711 ios
417 4654 450 4704 28
464 4656 544 4705 alecto
564 4671 654 4707 nomen
671 4659 687 4707 δ
703 4658 790 4707 celeno
807 4656 833 4705 F
901 4657 1009 4705 mantice
1026 4657 1052 4705 F
1100 4658 1153 4706 exit
1170 4656 1272 4706 celenas
1289 4654 1354 4704 clins
1370 4653 1460 4701 manti·

168 4740 214 4774 cus
231 4723 308 4773 didus
324 4725 364 4773 ius
380 4726 452 4775 sinus
471 4725 517 4775 sed
534 4725 559 4774 F
625 4726 696 4794 inus]
713 4729 789 4777 ionas
806 4739 823 4783 ς
893 4725 925 4777 31
944 4726 1017 4793 irugo
1035 4727 1103 4787 quod
1120 4735 1159 4776 est
1172 4727 1330 4792 sanguisuga
1348 4723 1460 4773 curculio

168 4794 194 4843 F
245 4792 279 4845 33
299 4794 358 4860 gelu
375 4796 419 4851 Fe
469 4794 502 4845 34
520 4796 653 4861 gelan3
705 4798 739 4851 38
757 4799 782 4848 in
802 4794 949 4847 masculinis
968 4797 1017 4845 nisi
1035 4797 1205 4861 appellatione
1218 4796 1244 4844 F
1293 4792 1328 4845 40
1345 4791 1459 4857 tanaquil

169 4877 235 4914 uxor
259 4864 368 4927 tarquini
388 4864 490 4930 prisoim
510 4866 535 4913 in
554 4868 650 4917 neutris
666 4867 692 4916 F
766 4868 798 4918 41
815 4864 961 4933 Terentius]
978 4866 1092 4917 Euauela.
1111 4866 1130 4914 ΙΙ
1150 4868 1176 4928 3,
1190 4867 1226 4917 24
1294 4871 1375 4929 agunt
1391 4864 1417 4913 F
