3525 5600
770 326 842 392 dllS
1415 328 1455 392 23

1263 437 1430 491 peomne.

158 516 205 576 bic
226 523 349 596 tempus
370 515 513 595 designat.
541 550 577 561 -
602 515 741 578 Tribus
762 518 985 596 generibus,
1015 526 1053 580 nt
1074 517 1134 579 hic
1158 519 1308 579 ethaeo
1332 527 1366 580 et
1387 519 1571 586 hoe363,18

157 617 303 695 legens:
325 620 483 699 participia
506 621 605 681 omnia
628 623 772 700 temporis
794 625 977 702 praesentis,
996 625 1076 702 'quae
1098 623 1221 682 veniunt
1243 619 1280 681 ab
1303 624 1403 682 activis
1426 630 1455 683 ct

158 720 343 782 neutralibus
364 721 464 782 verbis
483 726 489 797 Ι
508 721 553 782 vel
575 741 592 783 a
615 722 833 802 deponentibus
849 725 895 785 vel
919 743 934 784 a
957 722 1176 794 communibus
1200 741 1319 803 semper
1334 727 1453 802 generis

157 832 224 884 sunt
253 825 360 885 omnis.
404 825 558 905 participia
588 843 706 904 semper
734 827 825 886 totius
851 828 971 905 generis
999 824 1155 887 ablativum
1180 825 1359 904 singularem
1381 827 1411 887 in
1436 846 1451 886 e

134 925 285 988 tlitteram
301 928 431 987 mittunt.
462 927 616 1006 participia
638 928 669 986 in
692 928 872 989 seinvicem
896 930 934 990 ita
957 936 1129 989 recurrunt:
1153 931 1178 988 si
1193 930 1350 1007 participio
1365 947 1450 1008 prae-

157 1030 250 1090 sentis
278 1030 423 1108 temporis
450 1027 536 1090 tollas
562 1048 577 1088 s
604 1027 731 1090 litteram
762 1036 792 1089 et
818 1029 910 1090 addas
939 1029 1009 1099 dus,
1039 1031 1110 1090 iacis
1137 1031 1268 1090 futurum
1298 1039 1451 1110 tempusa

156 1133 288 1210 passive,
312 1139 346 1191 ut
366 1130 518 1192 amandus.
549 1132 622 1191 item
637 1132 662 1191 si
678 1133 834 1211 participio
856 1132 1009 1212 praeteriti
1026 1133 1168 1211 temporis
1190 1130 1227 1192 ab
1250 1134 1344 1192 activo
1367 1131 1451 1193 tollas

155 1242 221 1293 set
244 1215 337 1293 addas
359 1251 426 1302 rus,
449 1233 539 1294 iacies
561 1234 750 1312 participium
773 1233 863 1294 iuturi
886 1235 1028 1312 temporis
1050 1232 1086 1296 ab
1109 1235 1212 1303 activo,
1236 1243 1268 1294 ut
1290 1243 1450 1296 amaturus.

157 1336 256 1396 neutri
277 1334 411 1413 regulam
434 1335 471 1395 ab
498 1337 584 1397 activi
611 1335 777 1414 intellegis,
806 1337 874 1416 quia
903 1337 996 1415 ipsam
1025 1337 1166 1415 sequitur.
1212 1335 1364 1417 deponens
1386 1355 1450 1396 ver-

124 1438 224 1499 ¹⁰bum
253 1438 365 1518 passivi
392 1436 524 1516 regulam
554 1439 699 1518 sequitur.
729 1471 764 1482 -—
795 1439 974 1518 Tempora
1003 1439 1307 1518 participiorum:
1332 1441 1497 1516 pertici-22

155 1542 235 1620 pium
258 1558 404 1620 praesens
425 1541 457 1600 in
480 1559 516 1600 ns
538 1539 651 1602 litteras
674 1559 793 1620 semper
815 1541 992 1602 terminatur
1021 1538 1057 1600 ab
1087 1542 1168 1600 omni
1197 1539 1289 1600 verbo
1311 1539 1347 1600 ab
1371 1542 1452 1600 omni

157 1644 378 1722 coniugatione,
408 1649 441 1703 ut
469 1659 572 1704 amans
600 1641 710 1702 doeens
732 1641 843 1720 legens,
889 1643 1081 1722 praeteritum
1104 1644 1292 1722 participium
1316 1660 1352 1701 us
1374 1659 1451 1702 sem-

157 1765 209 1826 per
230 1746 409 1807 terminatur
431 1750 460 1804 et
483 1719 531 1805 esl
549 1745 668 1823 generis
690 1743 863 1814 masculini,
887 1752 919 1804 ut
935 1743 1039 1806 doctus
1055 1752 1169 1806 ansatus
1185 1742 1288 1806 lectus.
1319 1743 1451 1804 interum

158 1850 344 1928 participium
364 1849 370 1920 Ι
389 1845 502 1907 duabus
518 1844 631 1924 regulis
646 1847 838 1916 terminatur,
861 1855 894 1906 ut
911 1845 1026 1926 [legens
1041 1846 1187 1906 lecturus:
1210 1847 1372 1926 praeterito
1395 1853 1449 1920 tus,

127 1961 148 1998 ¹⁵
160 1960 191 2012 nt
211 1947 323 2030 lectus]
347 1949 490 2027 legendus
511 1949 654 2010 lecturus.
677 1981 719 1993 —
741 1951 764 2009 Α
787 1949 985 2009 communi:
1014 1947 1080 2008 ideo
1104 1949 1169 2027 quia
1193 1949 1278 2009 activi
1302 1947 1360 2008 duo
1383 1965 1450 2027 par·
1464 1952 1497 2001 28

158 2054 255 2133 ticipia
278 2059 362 2113 tenet
384 2059 414 2111 rt
434 2051 494 2112 duo
516 2052 637 2132 passivi,
661 2057 819 2131 propterea
842 2069 1001 2111 commune
1023 2050 1145 2110 verbum
1169 2057 1309 2130 quattuor
1331 2051 1451 2129 partici-

156 2156 203 2234 pia
224 2155 332 2233 recipit
360 2152 441 2234 [quia
471 2150 557 2214 activi
583 2153 748 2232 passivique
782 2153 1028 2231 significationem
1059 2153 1256 2222 demonstrat,
1291 2161 1450 2232 propterea

159 2275 259 2318 eorum
282 2255 353 2316 bina
375 2251 556 2337 participia}
577 2254 783 2316 -Numeri
805 2256 1095 2334 participiorum
1119 2263 1208 2334 vlunt
1230 2255 1347 2316 sunti:
1371 2257 1497 2315 com-30

158 2360 252 2419 munis
274 2377 416 2419 numerus
437 2359 468 2418 iu
491 2358 656 2437 participiis
677 2375 838 2436 numquam
861 2356 1103 2436 deprehenditur.
1125 2391 1157 2404 —
1183 2357 1342 2434 Figurae
1365 2375 1451 2436 par·
1464 2359 1495 2408 31

124 2462 377 2541 ²⁰ticipiorum
401 2467 488 2539 quot
510 2461 615 2522 suot?
643 2460 750 2521 duae:
785 2479 844 2538 quo
874 2460 978 2520 ordine
998 2455 1012 2544 ΙΙ
1035 2460 1190 2539 participia
1214 2460 1452 2538 componuntur?

158 2582 214 2644 quo
237 2569 268 2623 et
288 2564 418 2624 nomina.
444 2595 481 2606 -
507 2563 554 2623 lla
577 2558 872 2622 declinationem
900 2563 1098 2642 participii
1126 2562 1340 2641 praesentis
1361 2562 1496 2620 tem-32

158 2668 275 2745 poris:
298 2666 456 2744 participia
480 2682 556 2748 rpuae
578 2664 700 2724 veniunt
721 2662 758 2724 ab
781 2665 874 2724 active
890 2662 936 2722 ve'l
952 2662 1079 2724 neutrali
1094 2662 1184 2726 verbo
1200 2681 1318 2742 semper
1333 2663 1452 2741 generis

158 2774 225 2830 sunt
252 2767 358 2829 omnis.
391 2802 425 2811 -
455 2769 478 2829 Α
507 2766 621 2829 verbo
655 2767 777 2827 activo
811 2767 991 2845 temporis
1024 2768 1256 2848 praesentis:
1295 2766 1496 2846 participia³3

160 2873 213 2932 ista
232 2872 399 2950 praesentis
422 2872 565 2950 temporis
586 2887 707 2949 semper
728 2871 834 2930 tertiae
855 2875 925 2929 sunt
952 2868 1166 2929 declinationis
1196 2868 1321 2930 ethaeo
1344 2877 1373 2929 et
1395 2866 1449 2930 alia

32 3013 33 3016 =
127 2970 264 3035 &similia
291 2975 373 3034 iuxta
400 2975 487 3034 istam
515 2970 743 3033 declinationem
770 2967 991 3053 intimemus}
1022 3006 1060 3015 -
1091 2970 1141 3031 ΑΙ)
1168 2971 1236 3031 hoc
1260 2981 1295 3032 ct
1317 2970 1362 3031 ab
1384 2970 1550 3036 necarer

161 3082 194 3135 ct
219 3073 264 3137 ab
290 3074 362 3152 boc
388 3074 557 3153 legente:
595 3094 714 3153 semper
745 3074 901 3153 participia
928 3074 1095 3153 praesentis
1122 3074 1265 3153 temporis
1293 3072 1450 3133 ablativum

160 3175 337 3256 singularem
364 3178 395 3239 in
424 3196 441 3238 c
468 3176 596 3239 litteram
623 3177 759 3245 mittunt,
788 3175 857 3235 licet
883 3177 1052 3253 genetivum
1075 3174 1220 3255 pluralem
1244 3177 1274 3235 in
1296 3177 1357 3235 ium
1381 3177 1449 3236 mit·
1490 3200 1496 3219 ·

161 3287 232 3339 tuot.
259 3314 293 3322 -
318 3279 341 3338 Α
365 3278 479 3341 verbe
502 3280 623 3340 activo
645 3278 825 3358 temperis
846 3278 980 3338 futuri:
1010 3279 1164 3357 partieipia
1186 3280 1241 3338 ista
1263 3278 1354 3338 futuri
1377 3282 1479 3338 tem-v

161 3383 239 3460 poris
265 3379 303 3441 ab
331 3382 426 3441 activo
456 3380 651 3442 masculinum
680 3387 711 3441 et
738 3387 878 3441 neutrum
907 3378 1054 3439 secundae
1089 3378 1295 3441 declinationis
1330 3378 1450 3447 babent,

128 3497 150 3534 to
162 3482 332 3543 femininum
346 3484 472 3561 primae.
497 3482 577 3543 ‘haec
593 3490 623 3543 et
638 3482 692 3543 alia
707 3481 815 3542 similia
829 3483 911 3542 iuxta
934 3480 1010 3541 hanc
1025 3480 1251 3543 declinationem
1273 3480 1450 3540 inliectenda

161 3592 235 3645 sunt.
262 3618 295 3627 -
320 3586 344 3645 Α
367 3583 482 3645 verbo
502 3588 656 3661 persico
678 3586 862 3663 temporis
883 3585 1101 3663 praeteriti:
1125 3586 1278 3663 partieipia
1294 3584 1496 3663 istaprae-15

161 3687 237 3745 teriti
262 3687 406 3766 temporis
434 3705 451 3747 a
480 3688 596 3766 passivo
617 3686 671 3747 bas
693 3684 907 3747 declinationes
929 3684 1054 3755 habent,
1078 3704 1150 3765 quas
1172 3684 1262 3746 loturi
1286 3684 1322 3745 ab
1345 3686 1449 3747 activo.

164 3822 199 3830 -
220 3786 426 3867 Participia
441 3784 633 3849 venientia
648 3808 664 3849 a
680 3787 794 3849 verbo
810 3790 959 3867 passivo
975 3786 1087 3849 similes
1102 3786 1313 3847 declinationes
1328 3786 1447 3849 habent.

161 3888 231 3951 baec
252 3891 405 3969 praeteriti
427 3892 571 3970 temporis
593 3890 740 3951 secundae
768 3889 974 3952 declinationis
996 3898 1065 3953 sunt
1087 3892 1117 3950 in
1141 3888 1303 3950 masculino
1326 3898 1357 3951 et
1377 3908 1449 3951 neu-

131 3998 215 4060 sue,
237 3992 267 4052 in
289 3991 431 4053 feminino
454 3995 576 4071 primae.

228 4231 287 4282 ced.
305 4232 386 4282 Bem.
404 4229 569 4281 lllss-lV
590 4232 612 4281 Ι.
684 4232 846 4294 bpreeseoti
864 4232 988 4296 temporis
1058 4231 1202 4283 delitterc
1272 4232 1348 4295 liqui
1367 4232 1450 4296 ipsam

228 4301 258 4350 ll
276 4302 446 4351 inustittere
517 4302 547 4351 12
566 4298 607 4367 us]
627 4314 657 4350 os
712 4302 743 4351 14
760 4300 812 4364 tus]
833 4301 881 4349 dus
942 4300 1057 4364 lSquod
1075 4310 1133 4351 sunt
1187 4300 1217 4351 le
1237 4300 1450 4367 depraehenditus

226 4370 260 4420 2⁰
278 4373 344 4435 qnod
362 4381 421 4422 sunt
490 4382 669 4437 comparentur
736 4372 771 4421 23
790 4370 897 4437 tempori
917 4372 1058 4435 praesentis
1129 4371 1160 4421 31
1182 4387 1197 4419 a
1216 4371 1293 4420 herbo
1313 4374 1393 4431 (corr.
1413 4374 1449 4421 al.

162 4456 224 4492 aaa.
240 4442 329 4507 uerbo)
346 4442 468 4507 temporis
484 4443 626 4506 praesentis
644 4442 779 4507 partieipia
842 4442 876 4493 :st
896 4440 921 4489 in
940 4442 1108 4491 masculinum
1125 4450 1148 4491 et
1165 4450 1281 4491 neutrum
1300 4440 1449 4493 femininum

228 4630 292 4682 tab
311 4634 394 4684 octiuo
412 4633 552 4683 Passerem.
574 4632 730 4681 scribendum
747 4631 848 4680 videtur
864 4638 908 4681 out
924 4631 955 4679 ab
975 4631 1049 4679 activi
1069 4630 1168 4697 regula.
1187 4631 1248 4693 quie
1266 4630 1347 4694 ipsam
1364 4632 1448 4695 sequi-

166 4712 202 4750 tur
221 4710 263 4752 aut
280 4704 311 4752 eb
324 4704 416 4765 activo,
435 4706 503 4766 qrrod
517 4704 600 4767 ipsum
620 4702 735 4765 sequitur
789 4703 819 4750 14
838 4702 870 4751 de
885 4701 982 4751 duabus
994 4703 1089 4765 repetis
1104 4701 1236 4763 participii
1251 4701 1333 4761 futuri
1348 4701 1449 4751 uberius

163 4776 296 4833 errporituvn
319 4774 401 4836 scrisse
426 4774 525 4823 uidetur
547 4788 564 4822 a
586 4773 757 4837 gemmetico.
794 4772 884 4821 deinde
906 4786 971 4837 quae
993 4772 1064 4819 uncis
1081 4772 1171 4820 inclrtsi
1190 4770 1227 4819 ed
1243 4771 1308 4825 Don,
1331 4770 1397 4831 ³63,
1415 4772 1446 4819 27,

164 4843 304 4903 pemm'
1215 4848 1219 4857 ·
