3525 5600
670 447 677 458 ’
750 413 821 474 dllS
1394 411 1434 476 37

1242 535 1263 574 p.
1278 523 1372 562 rsonae
1386 521 1409 562 r.

146 604 231 662 strior
258 602 475 682 comparativus
502 599 573 681 est].
608 633 652 646 -·-
688 602 729 661 vv
759 607 867 680 pater
900 601 1034 662 irater:
1072 599 1108 660 ad
1143 601 1253 681 aliquid
1282 620 1343 662 uon
1371 603 1536 676 sinuatus

146 723 241 779 rausa,
262 703 268 786 Ι
293 705 364 783 quia
386 711 416 764 et
436 711 520 784 pater
542 721 559 764 a
581 702 641 763 tilio
662 702 846 781 intellegitur
868 711 898 764 et
919 701 997 763 filins
1019 721 1036 763 a
1058 711 1156 782 patre,
1180 703 1272 776 [rator
1294 723 1310 764 a
1332 704 1433 766 tratre.

155 808 246 867 -Vt
269 806 402 868 dexter
423 807 596 867 sinister:
618 806 687 884 quia
708 823 746 866 ex
767 804 872 866 dextro
896 806 1050 866 sinistrum
1072 805 1281 885 intellegimus
1306 825 1339 867 ex
1363 808 1434 866 siui-
1491 825 1496 840 ·

144 919 200 971 stro
222 909 373 972 dextrum.
396 942 438 953 —
459 908 555 970 llaec
576 908 867 988 comparativum
895 907 1110 968 admittunt:
1144 910 1211 986 quia
1240 909 1311 970 lacit
1332 909 1479 970 dexte-10

123 1015 215 1080 orior,
239 1012 423 1081 sinisterior;
451 1011 545 1072 lrater
565 1010 687 1072 tratrior
709 1009 807 1071 tacere
830 1028 889 1070 non
913 1016 1018 1088 potest.
1041 1009 1197 1072 -Sunt
1223 1011 1295 1071 alia
1323 1029 1435 1090 gene·
1449 1025 1479 1072 11

143 1113 250 1174 ralia:
289 1121 323 1174 nt
348 1115 380 1174 iu
402 1111 561 1174 rhetoricis
583 1113 724 1191 generale
746 1120 776 1172 et
796 1112 926 1191 speciale
950 1119 1005 1179 est,
1029 1111 1081 1173 sed
1105 1115 1220 1192 speeies
1240 1113 1376 1194 pendens
1397 1113 1435 1174 de

143 1233 259 1294 genere.
288 1249 333 1260 —-
349 1214 411 1296 .[de
437 1213 544 1297 verbo]
571 1214 652 1276 Alia
678 1215 776 1276 tacta
804 1213 847 1274 de
875 1213 1005 1275 verbo:
1043 1214 1116 1276 baec
1150 1217 1269 1276 nomina
1295 1215 1433 1301 verbialia
1449 1231 1479 1276 ιι

143 1319 295 1387 dicuntur,
322 1336 400 1398 qnae
422 1318 459 1378 de
480 1317 580 1380 verbis
600 1318 684 1388 liunt.
730 1315 841 1398 [dictor
862 1317 933 1377 lacit
961 1315 1082 1387 diotrix,
1111 1315 1205 1376 lector
1227 1317 1297 1377 lacit
1318 1317 1432 1387 lectrix,

143 1429 241 1481 auctor
263 1439 325 1481 non
347 1419 417 1481 tacit
438 1421 567 1488 auctrix,
597 1421 665 1500 quia
693 1428 738 1480 est
766 1421 931 1480 communis
959 1417 1107 1500 generis}
1131 1426 1202 1497 tune
1222 1420 1431 1497 intellegimus,

113 1523 258 1602 nqumdo
281 1524 424 1584 feminina
446 1522 571 1591 iaciunt,
595 1520 713 1602 quando
736 1523 905 1583 communia
920 1527 1001 1582 suut:
1026 1523 1051 1582 si
1073 1519 1207 1582 averbis
1222 1517 1366 1600 originem
1382 1521 1433 1582 ba·

143 1626 267 1695 buerint,
293 1625 373 1686 unde
395 1623 592 1694 descendunt,
616 1625 728 1686 iaciunt
750 1624 940 1694 femininum,
965 1631 998 1685 nt
1019 1629 1122 1685 cautor
1140 1622 1207 1684 ideo
1222 1623 1292 1685 lacit
1307 1625 1432 1692 cantrix,

143 1729 205 1805 quia
226 1727 300 1789 iacit
322 1726 444 1788 verbum
472 1735 575 1794 cauto;
605 1735 724 1796 auctor,
747 1729 817 1806 quia
840 1725 969 1787 verbiale
996 1745 1057 1788 rum
1081 1733 1141 1794 est,
1167 1723 1172 1807 Ι
1196 1725 1263 1786 ideo
1286 1735 1330 1786 est
1352 1743 1433 1786 com·

142 1848 235 1900 mune,
251 1830 324 1890 lieet
337 1817 485 1909 aliquanta
498 1837 601 1891 contra
611 1829 744 1907 regulam
759 1829 933 1890 auctoritate
949 1830 1010 1888 siut
1021 1835 1170 1907 usurpata.
1192 1829 1292 1888 -Vt
1313 1827 1434 1888 dictor

143 1934 272 1994 lector:
300 1930 428 2010 gerundi
455 1931 559 1992 ιιΙιίιιιιι
582 1940 715 2009 tempore
737 1931 869 1992 nltimam
893 1929 1035 2010 syllabam
1058 1931 1088 1989 iu
1111 1947 1146 1989 or
1169 1937 1276 1997 vertet,
1306 1937 1335 1990 et
1363 1927 1433 1990 laei-

111 2045 203 2095 omns
224 2052 347 2095 nomen.
392 2040 489 2094 amatu
511 2032 648 2094 ultimum
671 2042 787 2114 tempus
809 2041 869 2102 est,
893 2041 1021 2102 amator,
1051 2037 1169 2092 cantatu
1192 2039 1334 2100 cantator,
1360 2049 1434 2092 cano

143 2139 217 2198 ranis
237 2132 253 2219 ll
273 2137 354 2198 canit
379 2144 468 2198 cantu
496 2143 599 2197 cantor
627 2137 712 2206 lacit,
741 2137 841 2197 nutrio
870 2136 1008 2196 nutritor.
1048 2165 1088 2178 -
1129 2131 1276 2214 [Qualitas
1298 2151 1314 2194 a
1336 2131 1462 2194 tribuet

143 2239 263 2300 trabitur
285 2237 387 2308 rebus,
410 2238 447 2299 ab
469 2240 583 2306 auimo,
606 2248 638 2299 ut
660 2238 766 2299 doetus
788 2239 911 2305 stultns,
936 2256 952 2297 a
976 2253 1115 2316 corpore,
1140 2243 1173 2296 nt
1186 2234 1311 2316 pulcher
1327 2237 1431 2315 turpis,

143 2343 338 2410 extrinsecus,
362 2347 395 2401 ut
417 2340 499 2401 dives
519 2339 702 2409 loruruatns;
726 2341 875 2420 quantitas
898 2357 967 2400 vero
991 2357 1007 2399 a
1031 2356 1169 2418 corpore,
1201 2347 1232 2399 ut
1258 2339 1336 2398 altus
1364 2355 1431 2416 par·

141 2441 214 2523 rus]
252 2477 295 2485 -
329 2442 411 2504 atta
440 2442 565 2504 verbis
594 2441 748 2502 similia:
784 2444 841 2503 ista
871 2442 991 2503 nomina
1014 2459 1073 2501 non
1095 2440 1189 2500 solum
1212 2441 1332 2500 nomina
1354 2447 1431 2510 sunt,
1447 2455 1478 2504 13

110 2544 190 2606 used
212 2553 245 2605 et
259 2543 349 2604 rerba
371 2562 439 2606 nam
455 2543 581 2605 dicimus
597 2543 722 2604 cornedo
744 2543 875 2604 comedis
896 2515 1026 2604 comddit
1049 2541 1094 2624 [et
1110 2565 1128 2600 s
1150 2545 1227 2603 sient
1241 2539 1297 2602 edo
1313 2559 1345 2601 es
1361 2540 1430 2622 est],
1461 2531 1467 2542 '
1548 2615 1551 2618 Ι

142 2655 168 2707 rt
192 2646 264 2706 lacit
290 2645 341 2707 bic
368 2647 492 2708 comedo
520 2645 607 2708 buius
635 2645 816 2706 comedonis.
861 2648 903 2707 sie
927 2655 956 2705 et
979 2643 1066 2724 palpo
1088 2644 1190 2724 palpas
1211 2641 1311 2723 palpat
1333 2650 1363 2704 et
1383 2642 1432 2703 bie

140 2747 222 2829 palpo
252 2747 342 2811 buius
368 2747 518 2829 palponis;
546 2751 599 2811 sie
628 2757 657 2810 et
684 2748 810 2811 verbero
841 2747 981 2810 verberas
1009 2745 1146 2809 verberat
1174 2754 1203 2808 et
1230 2746 1279 2808 bie
1307 2745 1431 2809 verbero

140 2852 222 2913 buius
245 2851 429 2912 verberonis.
465 2853 508 2911 sic
530 2861 560 2913 et
581 2854 799 2932 contemplator
821 2860 866 2913 est
890 2850 1011 2913 verbnm
1034 2851 1166 2911 futurum
1186 2846 1317 2930 {passivi
1339 2851 1430 2929 irnpe-

34 2959 35 2962 ’
142 2956 237 3023 ratiri,
255 2962 286 3014 ut
307 2952 524 3033 contemplator
546 2954 777 3033 contempletur;
799 2961 844 3015 est
858 2962 889 3014 et
903 2970 1011 3013 nomen
1034 2952 1083 3013 bic
1105 2952 1321 3032 contemplator
1343 2952 1431 3013 huius

109 3038 388 3135 scmrernptatnris.
433 3058 477 3116 sic
499 3065 529 3117 et
551 3054 719 3137 speculator
741 3066 786 3116 est
807 3056 930 3117 verbum
954 3055 1086 3117 turturum
1109 3055 1299 3133 deponentia,
1323 3072 1430 3133 specu-

142 3157 213 3218 lator
234 3158 423 3236 speculetur:
453 3166 499 3219 est
519 3167 549 3219 et
571 3176 680 3219 nomeu
702 3158 750 3217 bie
771 3158 939 3238 speculator
962 3158 1049 3218 buius
1076 3154 1280 3236 speculatoris.
1325 3155 1431 3217 similia

39 3316 47 3329 ,
140 3259 224 3321 verba
249 3276 268 3318 a
290 3260 461 3321 nominibus
481 3262 522 3321 ita
544 3260 763 3330 discernuntur,
787 3260 866 3338 quod
890 3260 1009 3321 rromina
1030 3258 1149 3320 casibus
1172 3258 1318 3327 serviunt,
1341 3257 1429 3317 verba

141 3360 321 3440 temporibus
343 3360 540 3423 declinantur.
585 3364 739 3442 participia
762 3381 779 3422 a
801 3361 971 3423 nominibus
992 3370 1051 3423 eta
1068 3360 1165 3422 verbis
1188 3362 1231 3421 sic
1253 3360 1429 3422 discernun-

142 3470 200 3532 tur,
222 3463 302 3543 quod
325 3465 446 3524 nomina
468 3462 586 3525 casibus
606 3467 784 3543 iunguntur,
807 3464 897 3526 verba
921 3462 1113 3544 temporibus.

110 3582 132 3622 u
221 3564 519 3643 Conparationis
538 3566 690 3644 gradus:
719 3586 861 3627 aseensus
881 3566 1000 3647 quidam
1023 3564 1059 3627 ad
1083 3564 1318 3645 amplificandam
1340 3566 1429 3645 signi·
1446 3581 1475 3627 15

143 3669 304 3728 dationem
332 3668 444 3746 gradus
471 3678 541 3730 snut
568 3668 648 3729 dicti.
688 3702 727 3713 -
766 3671 806 3729 Vt
838 3667 1005 3729 demens:
1043 3669 1097 3727 ista
1126 3669 1245 3729 nomina
1269 3668 1430 3747 participiis
1446 3683 1475 3729 ιιι

142 3770 303 3847 praesentis
323 3772 468 3849 temporis
490 3769 595 3831 similia
616 3779 694 3833 sunt.
730 3770 784 3831 sed
806 3772 962 3851 partieipia
978 3778 1006 3829 et
1021 3771 1141 3830 nomina
1164 3797 1182 3831 a
1205 3769 1323 3846 quaudo
1338 3772 1429 3847 signi·

144 3872 289 3932 licationes
310 3890 380 3934 snas
402 3880 534 3942 servant,
565 3874 717 3952 participia
740 3880 822 3940 suut;
859 3872 977 3954 quando
1000 3872 1251 3951 comparationem
1274 3872 1428 3952 recipiunt,

144 3975 266 4035 uomina.
293 3970 298 4055 Ι
321 3976 347 4034 si
370 3983 415 4035 est
436 3991 522 4035 casus
544 3977 716 4044 accusativi,
745 3976 911 4055 praesentis
937 3974 1079 4054 temporis
1101 3982 1147 4033 est
1167 3974 1370 4054 participium
1405 3976 1430 4034 si

206 4178 268 4230 eod.
286 4177 368 4228 om.
390 4178 425 4227 Vl
445 4177 536 4230 3—5.
632 4182 839 4231 tadmittuutur
917 4179 1071 4229 dretor'reis
1149 4178 1273 4244 speciales
1296 4178 1343 4230 sed
1412 4178 1429 4229 8

144 4246 210 4315 dunt]
232 4248 329 4299 lacinus
386 4247 448 4297 lacit
466 4248 545 4299 dietix
564 4249 624 4300 lacit
641 4252 719 4301 lector
736 4250 798 4301 lacit
813 4251 890 4300 leeris
962 4248 994 4300 10
1012 4248 1105 4299 lomina
1163 4243 1275 4313 quaudo]
1301 4248 1360 4311 quia

144 4318 163 4366 si
181 4319 265 4369 uerbis
332 4316 451 4368 babuerit
521 4320 555 4370 12
570 4336 717 4372 communes
734 4322 790 4371 lieet
808 4318 932 4383 aliquanti
953 4328 1041 4369 eontra
1058 4316 1148 4384 regula
1167 4318 1324 4367 auctoritatis
1341 4330 1429 4367 susur-

145 4391 207 4452 patto
276 4389 310 4439 15
327 4398 425 4439 amator
443 4391 559 4441 ultimum
577 4400 678 4458 tempus
696 4400 734 4440 est
755 4400 854 4441 amator
869 4396 971 4438 οιιιιιιιιιι
994 4398 1125 4439 saumuro
1145 4402 1208 4436 eane
1280 4386 1312 4437 ld
1329 4385 1427 4451 nautor]

146 4466 251 4510 neuter
268 4474 336 4511 corr.
355 4459 390 4511 al.
407 4476 474 4511 ιιιιιιι.
492 4470 579 4511 cautor
650 4462 757 4512 nutritur
828 4461 859 4510 l'l
882 4474 898 4509 a
920 4473 1025 4523 corpore
1048 4474 1063 4506 a
1087 4457 1193 4523 pulcher
1280 4456 1312 4507 19
1329 4456 1414 4506 verbis

146 4530 220 4580 uersis
291 4526 326 4580 23
344 4528 403 4580 buis
474 4534 508 4581 24
525 4543 552 4581 ιιι
569 4530 763 4598 contemplator]
782 4530 979 4596 utcontemplor
1048 4538 1086 4577 est
1104 4525 1138 4593 et]
1162 4534 1214 4575 este
1284 4526 1317 4577 26
1333 4536 1371 4579 est
1390 4536 1414 4575 et

147 4607 194 4647 asts
244 4597 286 4648 hle
303 4599 449 4663 speculatur
502 4602 534 4649 27
550 4616 623 4651 ιιοιιι.
694 4601 728 4651 ’28
745 4601 908 4651 diseruuutur
978 4598 1012 4649 34
1029 4598 1129 4647 nomina
1147 4597 1170 4646 si
1188 4610 1310 4662 praesens
1329 4606 1429 4663 tempus

147 4675 180 4715 est
195 4668 357 4733 participium
375 4680 413 4719 est
431 4684 506 4720 casus
524 4672 663 4721 accrvsatibi
681 4673 703 4722 si
722 4670 835 4737 genetiui

155 4789 281 4796 .--.-..-.--
314 4790 382 4797 —--—

148 4841 241 4962 dmffl
266 4846 359 4893 tuma
384 4858 457 4911 quum
481 4843 592 4897 iudicari
610 4843 674 4894 duee
695 4844 755 4909 sere
778 4842 905 4893 adduae
931 4842 1060 4901 videntur,
1079 4838 1181 4891 ossibus
1204 4847 1229 4889 et
1250 4838 1430 4909 conparatione

212 4922 314 4963 mnntnr
