3525 5600
329 348 391 414 226
897 350 1050 444 ΡΟΜΡΕΙΙ

223 457 228 470 ’
354 473 376 514 p·
390 461 479 502 tal—ot
493 459 514 500 i,
1706 494 1707 515 χ

328 541 359 601 in
383 538 558 600 botontum
580 539 677 610 mittit,
700 547 733 600 ut
755 558 790 600 eo
812 539 871 608 ibo,
897 558 971 600 exeo
993 538 1089 600 exibo.
1120 541 1160 600 ita
1182 559 1216 602 se
1238 537 1350 600 habent
1369 538 1506 616 reguiam
1528 541 1609 602 modo
1706 552 1707 599 i

328 644 459 704 rationes
481 643 559 722 ipsas
580 641 740 702 videamus.
772 658 863 718 quare
880 649 932 702 aut
945 641 994 702 itia
1010 659 1086 720 quae
1100 643 1110 702 i
1125 640 1215 704 habet
1236 648 1304 702 ante
1321 661 1340 701 o
1355 643 1490 704 tutorum
1505 647 1611 721 tempus

327 746 357 804 in
381 744 454 805 duas
474 743 587 805 litteras
609 739 719 826 mititit,
749 750 800 804 aut
821 742 870 804 iiia
893 761 969 822 quae
999 763 1015 804 e
1043 743 1134 804 habet
1166 743 1299 806 futurum
1326 751 1444 823 tempus
1471 746 1501 803 in
1528 763 1610 806 onam

219 917 222 924 ¹
326 848 432 908 mittit?
467 853 547 908 certe
574 865 633 907 nna
661 847 829 924 coniugatio
858 845 993 922 neganda
1022 855 1082 918 est,
1112 846 1140 907 id
1166 853 1211 907 ost
1244 853 1294 908 aut
1320 853 1447 925 utraque
1473 847 1506 906 in
1526 864 1610 907 imum

326 947 413 1009 debet
435 951 516 1010 exiro
539 956 589 1009 aut
609 931 735 1024 utraque
758 948 788 1008 in
810 953 969 1025 utrumque
991 955 1115 1028 tempus.
1161 965 1238 1026 quae
1265 967 1314 1010 res
1342 950 1411 1009 iacit
1440 947 1631 1010 discrimenia

325 1049 375 1111 iiia
397 1068 446 1111 res
468 1051 551 1112 iacit:
575 1051 671 1111 omnis
693 1049 822 1110 secunda
844 1050 1013 1128 coniugatio
1036 1069 1053 1112 e
1073 1050 1165 1112 habet
1185 1058 1254 1111 ante
1276 1070 1309 1121 o,
1332 1068 1457 1112 necesse
1473 1057 1539 1120 est,
1561 1069 1611 1111 nec

325 1160 409 1233 potes
430 1154 564 1214 invenire
586 1171 678 1214 unum
701 1150 823 1214 verbum
852 1154 1046 1221 contrarium,
1070 1161 1103 1213 ut
1130 1162 1175 1212 est
1202 1151 1284 1222 illud,
1307 1151 1398 1214 sedeo
1420 1151 1522 1220 sedes;
1549 1171 1611 1212 ecoe

326 1275 342 1316 e
370 1254 459 1317 habet
488 1263 555 1317 ante
583 1274 600 1315 o
628 1254 757 1318 secunda
786 1257 962 1333 coniugatio.
1013 1254 1106 1315 doceo
1134 1253 1224 1316 docos
1256 1253 1387 1318 secunda
1420 1260 1479 1323 eat,
1512 1273 1611 1316 moneo

325 1377 428 1419 mones
456 1357 585 1420 serundo
609 1367 667 1428 est,
698 1376 789 1418 voveo
820 1375 905 1418 voves
933 1355 1064 1419 secunda
1092 1365 1146 1418 ost
1190 1375 1262 1436 ergo
1285 1355 1375 1418 sedeo
1397 1375 1506 1418 moneo
1527 1356 1612 1418 doceo

326 1478 424 1543 voveo,
449 1462 547 1521 omnia
570 1458 717 1521 secundae
740 1466 811 1521 sunt
832 1461 1057 1537 coniugationis.
1103 1477 1163 1520 non
1185 1461 1333 1521 invenitor
1355 1460 1473 1538 penitus
1495 1457 1610 1520 verbnm
1623 1477 1642 1514 n
1706 1518 1707 1521 ,

323 1563 471 1624 secundae
494 1563 719 1640 coniugationiS,
744 1563 801 1622 nisi
825 1580 841 1622 e
862 1559 971 1623 habeat
993 1570 1061 1623 ante
1083 1581 1109 1622 o.
1154 1561 1278 1623 verbum
1306 1559 1455 1624 secundae
1477 1563 1610 1638 coniuga-

326 1664 412 1726 tionis
434 1663 510 1725 hano
532 1663 622 1725 habet
642 1664 786 1741 reguiam,
810 1665 896 1725 utin
918 1665 956 1724 bo
978 1665 1082 1724 mittat.
1129 1681 1199 1724 erce
1221 1662 1313 1724 hahes
1336 1665 1396 1724 iam
1417 1681 1508 1726 unam
1530 1665 1611 1723 ratio·

325 1786 409 1828 nem·
448 1765 576 1826 secunda
605 1765 693 1826 ratio:
723 1767 891 1843 coniugatio
913 1765 1044 1826 secunda
1065 1765 1197 1826 futurum
1223 1773 1340 1846 tempus
1365 1766 1396 1826 in
1420 1765 1491 1843 qnid
1513 1766 1612 1826 mittit?
1706 1762 1707 1849 i

323 1871 354 1929 in
376 1867 424 1938 bo,
447 1874 480 1929 nt
501 1868 628 1929 diximus
648 1869 679 1928 in
701 1866 752 1928 iiio
767 1866 842 1937 loeo,
866 1874 899 1928 ut
914 1866 1007 1928 doceo
1029 1867 1118 1928 doces
1133 1867 1262 1936 noceam
1287 1885 1356 1928 erce
1370 1866 1503 1929 secunda
1525 1874 1613 1928 estet

324 1972 452 2033 futurum
481 1979 597 2050 tempus
625 1971 656 2030 in
683 1968 722 2030 bo
751 1970 837 2030 misit.
890 1988 962 2050 ergo
990 1971 1015 2031 si
1044 1970 1173 2032 secunda
1201 1970 1371 2048 coniugatio
1403 1972 1435 2032 in
1463 1969 1503 2030 bo
1531 1971 1643 2030 mittito

220 2102 222 2106 ·
325 2073 454 2133 totorum
477 2079 601 2152 tempero,
626 2077 654 2132 et
675 2070 804 2132 secunda
828 2073 996 2150 coniugatio
1023 2079 1068 2133 est
1089 2089 1205 2150 quaee
1233 2071 1322 2133 habet
1349 2079 1418 2134 ante
1440 2091 1475 2143 o,
1505 2073 1613 2132 etiarnsi
1706 2102 1707 2149 ;

324 2177 409 2236 tertia
420 2175 587 2252 coniugatio
598 2173 688 2234 suerii
698 2173 851 2253 producta,
866 2180 973 2246 tamen,
988 2175 1126 2253 quoniam
1138 2176 1210 2234 item
1225 2171 1229 2254 t
1242 2174 1332 2236 hahet
1347 2182 1416 2236 ante
1428 2193 1474 2236 oe
1489 2182 1520 2236 et
1530 2172 1613 2234 habet
1706 2216 1707 2251 ᾗ

323 2276 545 2338 similitudinem
568 2275 715 2338 secundae
737 2276 964 2356 coniugationis,
988 2294 1112 2337 necesse
1133 2275 1224 2338 habet
1238 2277 1357 2338 trahere
1371 2286 1491 2357 tempos
1513 2293 1613 2337 seeun—

323 2380 376 2440 dae
399 2380 624 2455 coniugationiS,
648 2385 681 2442 ut
703 2379 835 2440 saturum
858 2385 975 2459 tempus
995 2379 1027 2438 in
1049 2377 1088 2438 ho
1110 2380 1220 2448 mittat,
1244 2377 1314 2439 ideo
1342 2380 1482 2458 qnoniam
1515 2376 1612 2438 simiti-

323 2481 452 2541 tudinem
477 2479 565 2541 trahit
588 2480 735 2542 secundae
758 2481 982 2558 coniugationis.
1028 2495 1100 2558 ergo
1123 2489 1153 2540 ot
1174 2482 1260 2541 tertia
1282 2482 1450 2560 coniugatio
1472 2480 1643 2561 productam

321 2584 352 2643 in
380 2582 417 2643 ho
445 2583 544 2644 mittit.
589 2601 645 2662 qna
674 2583 809 2644 ratione?
838 2583 977 2660 quoniam
1001 2585 1088 2644 tertia
1109 2584 1164 2644 ista
1188 2583 1356 2660 coniugatio
1383 2581 1464 2643 velut
1486 2583 1612 2662 speciem
1706 2588 1707 2653 i

322 2683 411 2745 habet
432 2684 579 2745 secundae
606 2685 835 2762 coniugationis,
867 2683 1050 2745 etsecunda
1079 2686 1246 2762 coniugatio
1274 2682 1372 2744 inho
1400 2686 1501 2745 mittit.
1547 2701 1612 2744 ecoe

323 2806 407 2849 cansa
431 2805 506 2865 qnae
529 2787 626 2865 coegit
648 2791 681 2847 ut
703 2785 835 2847 futurum
859 2793 975 2866 tempus
996 2784 1045 2847 iiia
1068 2787 1154 2848 tertia
1177 2788 1347 2865 coniugatio
1368 2786 1514 2866 producta
1532 2787 1563 2847 in
1577 2785 1612 2847 bo

322 2891 453 2950 mitteret
480 2886 634 2967 [quoniam
669 2884 718 2947 iila
747 2887 876 2949 secunda
906 2890 1075 2966 coniugatio
1103 2890 1234 2969 speeiem
1263 2887 1353 2950 habet
1379 2889 1486 2949 tertiae
1514 2889 1611 2949 nonin·
1665 2944 1672 2955 ,
1706 2919 1707 2940 i

322 2992 447 3068 gationis
470 2987 656 3068 productae]
701 2991 787 3049 tertia
810 2997 909 3051 autem
937 2991 1104 3069 coniugatio
1133 2999 1271 3070 correpta
1292 2990 1423 3052 futurum
1447 2998 1564 3070 tempus
1583 2991 1644 3049 inaa
1706 3021 1707 3080 i

322 3091 393 3170 quid
416 3092 523 3151 mittit?
552 3092 582 3150 in
605 3109 662 3151 am.
707 3090 759 3151 sed
782 3110 905 3153 necesse
933 3100 978 3153 ost
999 3100 1032 3153 ut
1053 3094 1139 3154 tertia
1166 3092 1337 3169 coniugatio
1358 3091 1503 3172 producta
1527 3093 1632 3152 etiam'
1706 3083 1707 3086 '

321 3196 350 3254 in
374 3192 411 3253 bo
435 3194 540 3253 mittat.
585 3209 656 3271 ergo
683 3191 751 3253 ideo
779 3194 955 3255 dissentiunt
982 3193 1054 3255 sihi:
1083 3194 1133 3255 iila
1162 3202 1195 3255 ut
1221 3196 1252 3255 in
1281 3194 1319 3256 bo
1346 3198 1443 3255 mittat
1468 3193 1521 3254 ilia
1542 3194 1611 3253 ratio

321 3296 399 3365 tacit,
423 3296 562 3372 qnoniam
584 3295 714 3373 speeiem
738 3292 828 3355 habet
849 3294 998 3357 secundae
1020 3298 1243 3375 coniugatiooie,
1267 3304 1296 3356 et
1317 3298 1348 3357 in
1363 3294 1495 3358 secunda
1512 3296 1610 3356 coniu-
1706 3307 1707 3356 i

321 3398 439 3475 gatione
463 3396 591 3456 tutorum
614 3398 643 3455 in
668 3395 706 3455 ito
729 3396 833 3464 mittit:
858 3395 950 3457 altera
972 3399 982 3456 i
1004 3397 1093 3459 habet
1115 3406 1183 3459 ante
1205 3418 1232 3459 o.
1276 3396 1344 3458 ride
1367 3416 1449 3475 ergo,
1472 3414 1562 3475 quem
1578 3397 1611 3456 ad
1706 3385 1707 3464 i

321 3499 442 3559 modom
468 3498 525 3557 lior
555 3498 694 3571 ‹lix‚arim,
730 3500 867 3575 quotiens
895 3500 904 3558 i
933 3498 1024 3560 hahet
1053 3508 1175 3574 anteo,
1206 3501 1365 3576 imaginem
1392 3498 1483 3559 habet
1509 3500 1643 3560 tertiaeet

324 3608 494 3680 correptam
518 3600 568 3659 sed
593 3600 669 3680 qnod
692 3602 850 3679 imaginem
873 3599 963 3660 habet
989 3602 1094 3661 tertiae
1117 3609 1287 3679 correptae,
1310 3602 1340 3660 in
1364 3620 1411 3661 am
1434 3599 1526 3660 debet
1547 3602 1610 3661 mit·
1706 3623 1707 3658 1

320 3712 393 3773 tere,
418 3702 484 3781 quia
509 3703 593 3761 tertia
617 3708 752 3781 correpta
775 3702 805 3762 in
829 3720 874 3761 am
898 3704 996 3763 mittit.
1028 3701 1080 3764 sed
1102 3705 1157 3763 ista
1180 3705 1266 3765 tertia
1282 3703 1452 3781 coniugatio
1466 3701 1610 3783 producta
1706 3753 1707 3774 ,

318 3808 350 3867 in
378 3805 416 3865 bo
444 3805 542 3865 mittit.
586 3821 657 3880 ergo
685 3821 778 3865 unum
807 3811 931 3883 tempus,
961 3804 1040 3881 quod
1065 3802 1070 3884 Ι
1092 3805 1124 3865 in
1153 3804 1190 3865 bo
1217 3806 1322 3873 mittit,
1350 3807 1437 3885 quasi
1457 3806 1608 3885 proprium
1706 3821 1707 3872 t

318 3892 417 3977 habet,
441 3906 580 3983 qnoniam
602 3904 745 3984 producta
769 3912 825 3973 est;
849 3923 952 3975 unum,
969 3905 1047 3986 quod
1065 3904 1212 3985 [futurum
1234 3906 1367 3987 tempus]
1389 3908 1421 3967 in
1442 3924 1492 3967 am
1514 3908 1609 3975 mittit,

319 4029 379 4071 non
401 4008 489 4069 habet
511 4025 608 4076 sunm,
632 4005 684 4066 sed
706 4014 829 4086 propter
851 4007 1074 4069 similitudinem
1090 4016 1246 4087 correptae
1262 4010 1489 4086 coniugationis.
1521 4026 1641 4089 quemn

318 4111 355 4172 ad
384 4110 504 4171 modnm
533 4108 582 4169 illa
612 4116 728 4188 tempus
756 4110 890 4169 tutorum
918 4127 1040 4170 neec-sse
1061 4108 1165 4169 habuit
1185 4111 1217 4170 in
1245 4128 1292 4170 am
1318 4111 1450 4179 mittere,
1485 4112 1529 4170 sio
1557 4111 1609 4189 ista

318 4232 439 4273 necesso
462 4212 565 4273 habuit
586 4218 709 4290 propter
732 4209 954 4273 similitudinem
977 4212 1126 4272 secundae
1142 4214 1357 4291 coniugationis
1377 4214 1409 4273 in
1431 4212 1470 4273 bo
1493 4214 1608 4272 mittere

386 4420 402 4468 2
421 4434 498 4481 qnare
517 4426 600 4467 nartem
617 4431 682 4479 qaino
697 4415 780 4465 Aac
848 4415 864 4465 6
882 4414 1008 4465 habeatG
1057 4430 1103 4465 nor
1121 4423 1193 4480 poteo
1211 4416 1254 4466 Ga
1268 4432 1314 4465 nee
1333 4417 1387 4482 pot*
1402 4417 1426 4467 B
1443 4432 1473 4466 ne
1491 4424 1566 4481 potes
1582 4415 1606 4463 A

386 4492 490 4538 ionum
504 4501 606 4536 norsum
621 4487 694 4536 ABG
742 4486 759 4536 8
776 4500 865 4535 moneo
879 4502 966 4535 mones
979 4500 1060 4535 noneo
1074 4502 1153 4535 nones
1168 4487 1246 4535 sedeo
1259 4490 1334 4537 sedes
1348 4498 1372 4536 ot
1387 4486 1485 4551 reliquo
1497 4486 1607 4535 serundo

317 4565 356 4607 eet
373 4574 435 4623 ergo
455 4559 479 4607 A
499 4572 589 4607 moneo
613 4572 701 4607 mones
719 4556 831 4605 secundo
850 4565 888 4605 est
906 4570 987 4605 nonen
1010 4571 1090 4605 nones
1113 4557 1225 4606 secunda
1245 4564 1284 4605 ent
1301 4556 1428 4621 (secunda
1448 4566 1487 4607 est
1504 4573 1550 4606 om.
1570 4556 1606 4617 B)

317 4642 377 4693 ergo
397 4629 447 4677 BC
499 4628 682 4677 timaneoBC
733 4627 766 4677 10
784 4639 866 4673 ooneo
885 4627 970 4675 omnin
984 4627 1056 4675 BCo
1074 4640 1156 4674 ooneo
1175 4636 1199 4675 et
1216 4627 1339 4676 omniaA
1395 4628 1426 4677 12
1442 4638 1469 4675 nt
1482 4643 1527 4678 om.
1542 4624 1605 4686 AB,

316 4698 403 4747 admo
459 4693 1452 4761 17qnoninmi..liabetAqnoninmitnhabetBo*qnoninmhobetG
1500 4698 1606 4745 werre
1706 4707 1707 4712 ’

317 4780 393 4815 nausa
407 4782 471 4830 qnae
484 4765 574 4817 atta*
594 4783 652 4815 erce
669 4782 734 4829 quoe
748 4780 825 4815 caiisa
845 4766 869 4812 A
923 4766 957 4817 23
971 4766 1093 4829 prodnrta
1111 4780 1156 4815 om.
1177 4767 1237 4826 Ac,
1256 4766 1317 4815 add.
1337 4764 1372 4816 a*
1434 4768 1468 4815 24
1486 4767 1604 4829 qnoniam

316 4864 350 4873 —
369 4838 507 4901 procinctae
525 4853 570 4885 om.
587 4836 611 4885 B
618 4834 676 4887 Co*
748 4836 780 4885 27
796 4849 858 4899 ergo
878 4834 950 4885 Bon
968 4836 1028 4883 itiud
1048 4850 1109 4900 ergo
1128 4836 1153 4883 Α
1224 4835 1258 4887 36
1275 4834 1330 4903 illa]
1351 4836 1416 4887 iliud
1434 4836 1519 4886 ABG
