3525 5600
309 360 374 428 296
606 363 610 376 '
881 355 1034 421 Puni‘tlii

353 501 358 512 .
371 473 461 512 ruas
474 469 496 510 u

250 561 254 573 '
311 487 409 614 talnen
430 553 462 612 in
484 549 607 628 graecis,
631 547 701 625 quid
726 554 770 608 est
792 537 1012 626 metaplasmus,
1036 545 1108 624 quid
1130 552 1177 606 est
1191 552 1304 625 tropus,
1328 540 1397 621 quid
1414 548 1459 604 cst
1472 539 1585 615 schem,

313 655 358 716 vel
381 671 469 734 quem
492 649 529 713 ad
552 650 672 710 modum
695 648 908 711 discernantur
929 652 1003 710 istae
1027 667 1084 710 res.

803 820 851 882 DE
873 819 1126 882 METAPLASMO

195 952 254 1011 447,
268 951 300 1014 22
398 943 479 1003 lnter
508 947 627 1020 tropum
657 948 686 1000 et
713 936 941 1019 metaplasmum
964 947 993 1001 et
1015 941 1140 1019 figuram
1170 940 1228 1001 hoc
1249 942 1385 1001 interest:
1422 938 1591 1018 metaplasmi

312 1048 457 1108 dicuntur
474 1044 526 1124 qui
549 1044 624 1104 liunt
645 1061 734 1104 causa
762 1043 966 1112 necessitatis,
996 1043 1110 1120 llgurae
1133 1043 1208 1102 tiunt
1226 1039 1231 1122 Ι
1251 1061 1340 1107 causa
1363 1049 1500 1111 ornatus,
1526 1045 1611 1122 eopia

315 1150 389 1210 fiunt
411 1164 499 1230 causa
523 1145 678 1223 utriusque
700 1147 754 1214 rei,
779 1143 807 1203 id
833 1152 878 1204 est
902 1151 931 1204 et
953 1146 1140 1206 necessitatis
1163 1152 1193 1204 et
1214 1151 1347 1206 ornatus.
1386 1151 1459 1225 puta

467 1246 599 1321 tetulit
622 1246 757 1308 senilis
779 1246 896 1308 Poeas
919 1246 960 1307 ad
983 1244 1127 1308 caelum
1149 1265 1295 1316 manus,

315 1351 414 1414 tetulit
434 1370 490 1432 pro
514 1349 650 1429 eoquod
674 1356 720 1409 est
741 1348 816 1410 tulit.
863 1348 961 1409 stabat
982 1347 1032 1408 ille
1054 1366 1173 1420 versus,
1198 1366 1234 1410 an
1258 1351 1336 1410 iton?
1365 1351 1392 1410 si
1413 1350 1510 1428 potuit
1529 1357 1596 1410 stare

316 1473 433 1524 versus,
463 1459 535 1533 puta
563 1451 629 1512 tulit
656 1451 759 1512 senilis
785 1451 878 1513 Poeas
908 1450 944 1511 ad
974 1449 1087 1512 caelum
1115 1469 1235 1520 manus,
1265 1459 1295 1519 et
1316 1451 1365 1512 ille
1387 1450 1490 1512 maluit
1511 1449 1597 1512 dicere

316 1555 413 1618 tetulit
435 1573 489 1636 pro
513 1573 548 1615 eo
572 1553 650 1633 quod
674 1563 720 1616 est
742 1552 818 1622 tulit,
841 1553 967 1630 liguram
989 1553 1068 1624 lecit,
1091 1551 1121 1613 id
1144 1560 1189 1612 est
1209 1545 1339 1614 schema.
1381 1556 1408 1616 si
1428 1563 1526 1614 autem
1546 1569 1626 1614 nono

316 1659 413 1740 potuit
434 1657 520 1718 aliter
543 1665 637 1726 stare,
661 1673 720 1718 non
749 1655 821 1714 iecit
842 1655 982 1732 liguram,
1011 1655 1065 1716 sed
1093 1653 1329 1736 metaplasmum.
1374 1673 1443 1718 narn
1464 1657 1495 1716 in
1517 1655 1598 1734 ligura

245 1837 249 1844 ἱ
317 1767 441 1823 ornatus
463 1767 516 1828 est,
540 1759 570 1818 in
593 1756 786 1837 metaplasmo
809 1759 973 1818 necessitas
995 1766 1048 1826 est,
1071 1756 1101 1817 id
1124 1764 1170 1818 est
1191 1756 1259 1818 ideo
1275 1760 1459 1818 convertitur
1481 1757 1518 1818 de
1538 1775 1598 1818 coo·
1695 1712 1696 1777 l

317 1871 402 1926 sueto
425 1879 565 1924 sermone
587 1860 622 1921 ad
646 1879 752 1921 trovam
776 1858 985 1928 elocutionem,
1010 1869 1043 1920 ut
1063 1868 1220 1920 succurrat
1233 1861 1412 1921 necessitati.
1447 1862 1473 1921 si
1495 1869 1539 1920 est
1557 1878 1600 1920 ne·

318 1966 454 2034 cessitas,
484 1961 708 2042 metaplasmum
737 1963 820 2031 iacit;
854 1963 879 2022 si
909 1979 968 2021 non
991 1970 1036 2021 est
1058 1963 1243 2022 necessitatis
1271 1981 1373 2032 causa,
1403 1962 1456 2024 sed
1479 1969 1600 2030 ornatus,
1698 2030 1699 2033 Ἴ

318 2070 444 2148 liguram
466 2067 549 2134 lacit:
572 2073 677 2144 tropus
700 2082 770 2124 vero
794 2063 829 2124 ad
852 2069 1014 2140 utrumque
1036 2065 1174 2144 pertinet,
1197 2063 1228 2124 id
1251 2072 1298 2126 est
1320 2073 1350 2124 et
1371 2063 1409 2125 ad
1431 2072 1564 2125 ornatum
1577 2073 1631 2124 etti
1699 2138 1700 2157 Χ

320 2170 354 2232 ad
384 2169 602 2230 necessitatem.
653 2166 749 2246 potuit
776 2172 806 2226 et
832 2167 875 2226 sic
903 2173 983 2226 stare
1011 2174 1041 2226 et
1062 2163 1156 2227 aliter.
1201 2168 1273 2242 item
1302 2165 1393 2227 voluit
1419 2167 1478 2227 iste
1504 2165 1603 2227 addere
1699 2166 1700 2169 ’

320 2275 453 2352 liguram,
477 2277 509 2331 ut
531 2277 576 2330 est
596 2266 669 2328 illud
691 2265 906 2346 Vergilianum,
935 2271 1038 2348 ‘pars
1066 2269 1101 2329 in
1130 2259 1253 2329 lrusta
1282 2271 1445 2330 secant':
1481 2271 1564 2331 eiiam
1582 2271 1604 2329 si
1700 2280 1701 2283 ’

320 2374 401 2435 dicas
423 2371 598 2452 simpliciter
627 2389 697 2452 pars
718 2372 750 2432 in
772 2371 866 2431 irusta
890 2378 984 2439 secat,
1008 2378 1068 2431 stat
1088 2389 1202 2432 versus,
1249 2388 1320 2449 ergo
1348 2373 1486 2452 quoniam
1514 2370 1604 2431 maluit
1701 2366 1702 2375 ’

319 2474 369 2558 ille
392 2481 494 2536 secant
516 2474 631 2543 dicere,
661 2491 729 2535 cum
758 2474 852 2552 possit
880 2473 968 2533 etiam
995 2480 1076 2534 secat
1103 2479 1182 2534 stare
1209 2475 1366 2544 inversu,
1395 2481 1521 2553 apparet
1540 2492 1604 2553 quo·

321 2579 400 2639 niam
423 2577 547 2656 liguram
570 2577 652 2636 lecit:
684 2575 742 2636 hoc
765 2575 843 2635 enim
867 2572 932 2635 loco
960 2573 1040 2636 nulla
1061 2582 1107 2636 est
1128 2576 1300 2636 necessitas.
1345 2577 1534 2637 econtrario
1554 2577 1634 2637 atico
1703 2564 1704 2587 ¹

322 2681 396 2750 loco,
414 2678 470 2740 uhi
493 2677 578 2739 aliter
600 2679 697 2755 ponit,
727 2676 822 2755 qnod,
852 2678 877 2738 si
906 2676 1070 2737 secundnm
1097 2694 1183 2738 usum
1214 2696 1401 2739 communem
1430 2677 1605 2756 loqueretur,
1704 2668 1705 2715 t

322 2802 381 2845 non
405 2788 504 2853 staret,
527 2779 570 2841 ihi
592 2777 804 2860 metaplasmus
828 2787 880 2840 est.
920 2785 991 2858 ergo
1014 2779 1053 2841 ita
1076 2777 1216 2849 delinivit.
1240 2778 1471 2860 ‘metaplasmus
1493 2788 1537 2843 est
1558 2779 1605 2861 [de
1705 2774 1706 2806 ³

323 2881 574 2967 concurrenltium
597 2880 848 2963 consonantium],
873 2883 898 2942 si
921 2899 1020 2943 sermo
1043 2890 1242 2943 commutetur
1265 2880 1356 2964 [nova
1384 2882 1511 2961 quadam
1532 2902 1607 2945 com·

323 2984 499 3066 mutatione]
524 3004 610 3046 causa
633 2986 816 3047 necessitatis
826 2989 846 3045 ’.
877 2991 947 3045 stant
968 2990 1067 3045 autem
1089 2982 1277 3063 metaplasmi
1299 2987 1349 3047 isti
1370 2986 1607 3065 quattuordecim,

322 3088 473 3171 prothesis
500 3085 668 3167 epenthesis
690 3104 839 3167 paragoge
861 3086 1032 3167 aphaeresis
1053 3104 1184 3166 syncope
1206 3105 1338 3167 apocope
1367 3089 1475 3150 ectasis
1500 3087 1603 3168 systole
1617 3098 1638 3137 2⁵

324 3190 467 3253 diaeresis
496 3190 662 3268 synaeresis
690 3188 842 3270 ecthlipsis
872 3188 1026 3269 synaliphe
1054 3186 1262 3277 antithesis‚et
1284 3188 1465 3251 metathesis.
1511 3190 1560 3250 sed
1581 3190 1609 3250 hi

325 3290 560 3373 quattuordecim
585 3298 699 3371 septem
723 3300 804 3353 sunt:
833 3308 901 3373 nom
918 3293 1014 3351 omnis
1029 3288 1240 3369 metaplasmus
1255 3290 1345 3353 hahet
1359 3294 1608 3361 contrarietatem

325 3402 396 3476 puta
417 3393 467 3455 ille
490 3395 521 3455 tn
542 3412 598 3473 per
618 3392 860 3472 productionem,
884 3392 935 3453 ille
957 3394 989 3453 iit
1010 3412 1064 3471 per
1087 3394 1321 3472 correptionem,
1344 3396 1400 3455 iste
1427 3396 1459 3456 tit
1485 3413 1538 3476 per
1564 3394 1610 3455 ad-

325 3498 480 3565 ditionem,
510 3494 559 3556 ille
583 3497 614 3556 fit
640 3512 695 3573 per
723 3496 965 3557 contractionem.
1021 3502 1136 3573 septem
1164 3503 1235 3557 sunt
1260 3494 1304 3556 illi
1330 3493 1454 3559 alterius
1481 3496 1558 3559 modi
1584 3505 1611 3557 et

326 3606 440 3680 septem
464 3598 614 3659 contrarii.
1621 3609 1643 3648 so

410 3700 487 3761 Ecce
509 3707 571 3760 tres
593 3696 777 3778 metaplasmi
798 3707 868 3760 sunt
888 3701 946 3769 isti,
969 3700 1120 3779 prothesis
1146 3700 1318 3779 epenthesis
1342 3719 1500 3781 paragoge.
1544 3720 1609 3781 pro·

326 3785 418 3865 thesis
441 3809 493 3873 est,
517 3802 653 3879 quotiens
676 3798 712 3859 ad
734 3802 913 3880 principium
936 3800 1073 3865 dictionis
1095 3801 1205 3898 aliquid
1221 3800 1353 3871 additum
1378 3812 1424 3864 est
1438 3804 1608 3883 epenthesis,

327 3907 465 3985 quotiens
487 3902 524 3963 ad
547 3903 674 3964 medium
698 3902 835 3966 dictionis
863 3903 980 3965 additur
1002 3903 1127 3985 aliquid:
1157 3923 1307 3984 paragoge
1330 3904 1450 3976 dicitur,
1481 3908 1611 3984 quotiens

328 4006 364 4067 ad
386 4007 473 4067 tinem
497 4003 610 4083 aliquid
633 4005 760 4067 additur.
805 4013 838 4066 ut
864 4012 936 4085 puta
964 4004 1112 4085 prothesis
1135 4015 1193 4077 est,
1222 4009 1247 4069 si
1275 4006 1357 4069 dicas
1386 4008 1484 4070 tetulit
1504 4027 1557 4088 pro
1578 4026 1610 4068 eo

327 4106 407 4189 quod
430 4114 475 4167 est
497 4105 579 4177 tulit;
615 4125 684 4169 ecce
707 4107 742 4169 ad
765 4109 946 4189 principium
973 4094 1139 4171 addidisti:⁸
1166 4108 1336 4188 epenthesis
1358 4119 1417 4180 est,
1446 4112 1472 4171 si
1499 4110 1536 4172 ad
1555 4116 1645 4171 ειη-35

397 4294 413 4345 3
431 4310 463 4343 ns
484 4308 659 4345 serarcnsms
677 4296 702 4345 B
721 4310 793 4345 exet.
814 4311 846 4344 ns
862 4310 1017 4346 sososcrsuo
1035 4310 1086 4347 inc.
1103 4310 1136 4345 nn
1155 4297 1357 4348 ncrarsssnoG
1426 4297 1442 4346 7
1461 4298 1550 4349 senilis
1565 4296 1613 4345 ΒΡ

328 4364 403 4416 senili
422 4364 443 4415 Ο
459 4363 563 4413 siniliS
610 4364 690 4416 Poeas
710 4364 896 4417 Lindemannns
913 4376 1002 4431 poetas
1017 4366 1062 4415 CS
1077 4374 1153 4431 poeta
1170 4366 1226 4417 BP
1294 4366 1351 4417 8sl
1369 4368 1451 4435 potuit
1466 4369 1523 4419 Osi
1538 4368 1611 4433 possit

329 4435 394 4485 BS:
415 4436 437 4485 si
457 4443 545 4499 posset
563 4442 630 4484 stare
648 4434 690 4485 ille
708 4434 888 4487 malediceret
906 4435 1110 4499 tetulitiiguram
1128 4436 1188 4485 lecit
1206 4438 1231 4487 P
1298 4436 1464 4489 ilseuilesS
1532 4449 1611 4503 poetes

328 4503 405 4556 Bos
475 4502 592 4553 mellitS
614 4505 769 4557 malletBC
838 4508 870 4557 la
890 4507 916 4554 in
937 4504 1104 4571 metaplasmo
1123 4506 1260 4557 necessitas
1278 4507 1305 4557 id
1325 4517 1365 4557 est
1382 4509 1440 4557 ideo
1456 4508 1509 4558 SP
1523 4509 1549 4557 in
1566 4522 1612 4557 me·

330 4573 456 4638 taplasmo
478 4574 561 4638 (-mon
577 4574 610 4635 0)
630 4590 678 4624 non
699 4590 756 4625 nam
774 4578 799 4626 in
817 4576 900 4643 ilgnra
919 4584 1022 4625 ornatus
1041 4586 1079 4625 est
1098 4576 1124 4624 in
1143 4578 1309 4641 metaplasmo
1328 4576 1414 4642 (-mon
1429 4576 1462 4641 C)
1483 4579 1612 4628 necessitas

330 4644 412 4693 estid
430 4654 468 4694 est
487 4644 543 4693 ideo
560 4644 612 4697 Bc
681 4648 837 4696 conuertitur
856 4645 888 4696 de
903 4646 1085 4697 consuetudine
1098 4660 1181 4695 sermo
1201 4646 1234 4697 od
1252 4662 1344 4697 nonem
1362 4648 1529 4698 decetionem
1548 4648 1572 4697 P

332 4710 718 4781 ltpauJVerp.Aen.1ale
771 4718 875 4767 meato
925 4714 1121 4766 attenuans
1137 4714 1463 4767 deliniuntheflnitBP
1500 4714 1612 4768 nodus-

248 4818 250 4823 ·
332 4784 397 4833 resis
420 4784 574 4847 sgnheresys
592 4785 703 4850 eclypsis
721 4786 855 4852 synaliphe
871 4784 897 4834 B
914 4784 1040 4835 dihsresis
1056 4784 1196 4854 ecthlgpsis
1211 4786 1346 4856 synaliplte
1361 4789 1383 4839 0
1398 4788 1520 4842 diaeresis
1535 4787 1611 4856 episy-

332 4852 434 4918 naliphe
452 4852 584 4917 synaliphe
603 4852 734 4921 ecthlipsis
752 4856 773 4907 S
