3525 5600
656 369 894 432 COMMENTVM
1355 365 1419 432 223

1234 477 1394 530 plu-dli.

163 580 204 626 nau
220 555 295 620 ruodo
317 555 514 625 declinamus;
541 558 690 638 passivum
719 574 878 618 commuue
908 562 939 617 et
960 555 1114 636 deponens
1135 574 1195 618 uno
1216 555 1306 617 modo
1328 554 1419 618 decli-

160 679 242 726 namus.
283 675 354 737 ergo
376 659 406 720 in
430 659 530 720 activis
553 665 583 720 et
602 660 634 720 in
656 655 850 738 neutrallibus
872 665 941 720 aute
963 657 1082 720 ultimas
1103 657 1218 721 litteras
1238 659 1418 739 quaerimus,

159 761 302 844 inpassiris
329 760 537 824 communibus
564 769 594 822 et
621 759 840 840 deponentibus
869 769 938 822 aute
965 758 1083 823 ultimas
1111 760 1248 842 syllabas.
1294 760 1419 840 etquid

158 864 319 946 requirimus?
341 861 396 924 has
418 871 479 924 tres
502 861 629 932 uocales,
652 881 669 924 a
692 881 708 922 e
730 864 750 922 i.
795 869 824 925 et
846 864 872 924 si
894 882 911 924 a
934 863 1037 934 suerit,
1061 863 1171 925 dicitur
1196 863 1293 943 prima
1317 863 1419 924 coniu-

141 969 223 1046 ngatim
241 967 265 1026 si
287 983 318 1035 e,
343 963 452 1026 dieitur
473 964 604 1026 secunda
626 966 812 1044 coniugatio;
841 965 907 1033 sii,
937 965 1045 1026 dicitur
1072 967 1168 1028 tertia.
1214 964 1293 1027 bono
1315 965 1421 1026 ordine

156 1075 303 1148 acceperunt
325 1069 455 1138 uomina,
478 1069 619 1148 quoniam
642 1068 724 1148 ipsae
746 1065 862 1128 vocales
884 1068 929 1128 sic
950 1077 1084 1129 currunt.
1129 1068 1234 1129 eodem
1265 1066 1369 1128 ordine
1392 1074 1422 1128 et

155 1170 344 1248 coniugatioucs
366 1170 487 1231 nomina
510 1175 698 1250 acceperunt.
744 1185 817 1248 ergo
839 1185 915 1246 uuae
942 1170 1038 1249 prima
1066 1168 1163 1231 littera
1192 1176 1238 1230 est
1264 1171 1328 1250 ipsa
1350 1168 1422 1230 lacit

153 1275 250 1352 prinam
272 1272 519 1350 coniugationem,
544 1290 620 1351 quae
642 1269 774 1334 secunda
796 1269 967 1342 secundam,
989 1289 1065 1350 quae
1080 1272 1167 1332 tertia
1189 1273 1318 1332 tertiam.
1348 1287 1421 1347 ergo

153 1372 292 1458 quomodo
314 1372 365 1434 illa
389 1374 519 1454 quinque
541 1373 727 1436 invenimus?
765 1389 832 1432 amo
855 1389 936 1434 amas
960 1369 992 1452 [a
1013 1379 1082 1434 aute
1103 1391 1118 1434 s
1139 1371 1284 1453 litteram]
1307 1367 1421 1452 primae

129 1501 144 1537 n
154 1485 185 1536 est
206 1476 426 1553 coniugatiouis:
456 1493 472 1536 a
502 1476 580 1538 eninr
611 1475 701 1537 habet
728 1483 796 1536 aute
823 1493 851 1544 s;
881 1482 912 1534 et
939 1477 1037 1536 omnia
1064 1475 1135 1536 binc
1160 1481 1246 1556 potes
1270 1473 1420 1552 colligere.

152 1596 209 1638 amas
227 1578 276 1656 qui
299 1576 406 1638 modus
428 1578 489 1638 esti
511 1576 694 1640 indicativus.
733 1576 813 1654 quod
836 1581 954 1657 tempus
976 1579 1038 1638 esti
1060 1595 1212 1657 praesens
1243 1579 1294 1656 qui
1315 1595 1420 1638 nume·

151 1681 200 1740 rusi
221 1677 386 1758 singularis.
417 1697 493 1759 quae
515 1681 660 1760 personat
684 1677 824 1740 secunda.
855 1680 906 1759 qui
928 1680 1040 1741 exitus?
1068 1687 1136 1742 aute
1157 1679 1296 1741 litteram.
1328 1695 1421 1756 quare

150 1789 198 1840 ante
216 1779 361 1842 litteram?
384 1783 522 1862 quoniam
546 1783 672 1844 activum
695 1780 823 1843 uerbum
845 1787 898 1842 est.
930 1799 1000 1842 ecce
1022 1780 1074 1842 ubi
1097 1791 1221 1862 apparet
1242 1782 1419 1860 coniugatio.

150 1884 199 1942 item
218 1890 301 1944 natas
324 1891 392 1945 ante
413 1882 540 1946 litteram
564 1892 619 1946 est.
657 1883 768 1962 quarei
792 1884 932 1963 quoniam
955 1883 1088 1946 neutrale
1111 1891 1166 1945 est.
1197 1883 1327 1945 diximus
1342 1884 1422 1944 euim

125 1983 206 2062 uquod
232 1987 261 2046 in
288 1987 391 2046 activis
419 1994 450 2048 et
470 1988 500 2047 in
524 1985 711 2049 neutralibus
732 1987 764 2047 iu
785 1983 899 2046 'litteris
925 1987 1096 2066 quaerimus
1122 1987 1361 2064 coniugationes,
1390 1987 1421 2046 iu

148 2089 247 2166 passivis
269 2105 341 2149 uero
363 2087 570 2150 communibus
593 2095 622 2149 et
643 2087 862 2170 deponentibus
883 2091 915 2150 in
937 2087 1068 2168 syllabis.
1099 2107 1183 2150 amor
1197 2089 1325 2156 amaris:
1350 2105 1421 2149 ecce

147 2189 181 2250 illa
198 2209 222 2260 a,
245 2207 321 2268 quae
344 2196 409 2251 erat
430 2197 497 2252 ante
521 2190 660 2261 litteram,
684 2191 760 2252 lacta
784 2197 829 2250 est
851 2199 920 2253 aute
935 2188 1078 2272 syllabam
1098 2192 1130 2250 in
1144 2191 1277 2270 passivis,
1302 2191 1419 2252 amaris.

147 2309 197 2352 ecce
216 2293 310 2371 prima
340 2293 509 2371 coniugatio
537 2311 625 2373 quem
653 2293 689 2354 ad
719 2291 840 2354 modum
864 2293 933 2354 erit.
978 2292 1111 2354 secunda
1137 2293 1306 2371 coniugatio
1333 2311 1421 2372 quem

147 2393 305 2456 admodum
327 2391 502 2476 inuclnituri
547 2397 577 2456 iu
599 2393 693 2456 isdem
716 2393 790 2456 locis
812 2393 858 2455 uel
886 2393 936 2455 hic
963 2401 1033 2456 ante
1054 2393 1168 2456 litteras
1196 2393 1241 2455 nel
1269 2393 1331 2456 illic
1353 2401 1422 2456 ante

123 2493 259 2574 asyllabas,
283 2503 316 2558 ut
338 2495 430 2558 doceo
453 2496 551 2567 doces,
575 2495 706 2559 secunda
729 2501 783 2566 est,
807 2505 837 2558 et
850 2495 997 2577 producta
1012 2503 1056 2558 est
1071 2496 1170 2558 doces.
1205 2495 1283 2558 uode
1299 2503 1422 2578 apparet

147 2596 201 2658 illud
227 2597 351 2660 uerbum
381 2617 448 2660 sum
476 2596 589 2660 nullam
615 2598 727 2660 habere
755 2599 1004 2676 coniugationeuu.
1047 2598 1117 2662 ideo
1144 2597 1205 2660 dini
1231 2598 1420 2678 productam,

147 2707 169 2758 ut
186 2700 312 2762 dicamus
340 2699 430 2762 doces
457 2700 552 2762 sedes.
599 2719 615 2762 e
643 2702 793 2763 contrario
820 2719 886 2764 sum
913 2699 1025 2763 nullam
1051 2701 1143 2763 babet
1170 2701 1419 2780 coniugadonem,

146 2822 196 2865 sum
217 2822 245 2864 es
268 2810 321 2873 est,
345 2811 374 2865 et
397 2822 457 2865 uon
479 2822 638 2885 possumus
660 2804 760 2867 dicere
784 2812 821 2866 et.
868 2822 941 2883 ergo
967 2806 1035 2883 quia
1058 2824 1119 2866 non
1140 2822 1298 2885 possumus
1320 2803 1422 2865 dicere

146 2914 172 2973 et,
193 2925 244 2967 uec
265 2906 436 2984 coniugatio
458 2907 556 2987 aliqua
579 2914 631 2969 est.
677 2926 744 2969 nam
769 2925 839 2969 ecce
861 2926 877 2968 a
899 2905 1086 2977 nonhabet,
1116 2925 1133 2967 e
1160 2905 1338 2986 productum
1361 2923 1421 2967 nou

120 3006 232 3077 ubabet,
265 3011 276 3069 i
302 3026 364 3069 uon
397 3006 495 3069 babet.
546 3008 615 3070 binc
643 3018 766 3091 apparet
798 3011 938 3087 quoniam
967 3010 1206 3089 coniugationenu
1234 3027 1293 3070 non
1321 3006 1420 3079 babet,

144 3118 246 3189 propter
280 3109 335 3171 has
369 3107 497 3182 litteras,
531 3110 611 3193 quod
639 3110 712 3173 nibil
744 3112 851 3174 hurum
879 3113 1029 3173 invenitur
1056 3114 1087 3173 in
1114 3110 1175 3172 illo.
1227 3128 1299 3189 ergo
1326 3111 1422 3190 prima

145 3213 293 3291 coniugatio
315 3210 444 3273 diximus
466 3231 525 3293 quo
548 3212 637 3275 modo
659 3215 817 3275 inuenitur.
863 3213 994 3275 secunda
1015 3213 1183 3292 coniugatio
1206 3231 1223 3274 ο
1243 3211 1422 3292 productum

145 3312 218 3374 babet
239 3320 306 3375 ante
329 3311 458 3375 litteram
481 3314 526 3376 rel
549 3323 617 3378 aute
640 3315 780 3397 syllabas:
810 3324 877 3379 ante
900 3316 1029 3378 litteram
1051 3318 1083 3377 iu
1105 3317 1206 3377 activus
1229 3320 1259 3375 et
1279 3314 1422 3376 neutrali·

143 3413 194 3477 bus.
237 3432 308 3494 crgo
329 3414 399 3476 ideo
422 3416 514 3477 doceo
537 3416 640 3489 doces,
670 3436 741 3481 ecce
762 3424 831 3480 aute
853 3418 983 3481 litteram
1004 3420 1037 3479 iu
1058 3418 1160 3479 activis
1183 3424 1227 3477 est
1249 3434 1266 3477 e
1292 3415 1421 3497 produc·

120 3526 206 3579 ntum:
241 3518 353 3579 doceor
382 3517 514 3589 doceris,
543 3538 613 3581 ecce
640 3522 748 3582 iterum
771 3539 788 3582 e
809 3521 1004 3602 productum,
1027 3520 1107 3597 quod
1129 3526 1175 3581 est
1196 3526 1264 3581 ante
1285 3518 1421 3599 syllabas.

212 3620 311 3682 Tertia
333 3618 383 3681 illa
407 3622 485 3682 uaria
509 3629 566 3691 est,
595 3641 656 3683 nou
679 3629 723 3683 est
744 3621 880 3703 simplex.
925 3641 995 3685 nam
1022 3622 1181 3703 aliquando
1208 3630 1345 3702 correpta
1369 3628 1422 3693 est,
1436 3638 1541 3698 413,20

143 3720 284 3803 aliquando
299 3721 454 3803 producta.
473 3723 538 3785 uida
554 3742 634 3804 ergo,
652 3741 741 3804 quem
756 3724 793 3785 ad
809 3725 930 3789 modum
946 3725 1003 3787 hoe
1018 3723 1198 3787 consideres.
1212 3740 1285 3802 ergo
1296 3726 1424 3805 primam
1435 3706 1495 3765 ⁶⁰⁶⁹
1508 3708 1541 3757 ³³

143 3822 263 3894 diximus,
279 3842 369 3905 quem
384 3823 422 3886 ad
437 3826 559 3887 modum
574 3829 772 3905 cognoscitur,
788 3846 876 3909 quern
892 3827 930 3888 ad
945 3825 1068 3889 modum
1083 3826 1222 3889 secunda.
1246 3828 1333 3889 tertia
1344 3827 1424 3887 naria
1581 3830 1584 3836 '

144 3933 185 3995 ost,
200 3925 356 4005 aliquando
372 3934 509 4007 correpta
526 3936 580 3999 est,
597 3928 754 4011 aliquando
768 3931 922 4010 producta.
946 3929 1035 3991 modo
1050 3929 1257 3991 discriminare
1269 3928 1423 3999 debemus,

120 4028 246 4105 nqoando
260 4037 398 4109 correpta
414 4035 468 4099 est,
482 4028 600 4110 quaudo
616 4031 769 4111 producta.
790 4034 866 4094 scire
881 4030 1026 4093 debemus
1040 4033 1118 4113 quia,
1135 4033 1162 4093 si
1176 4038 1312 4111 correpta
1324 4030 1423 4100 luerit,

142 4130 166 4189 in
186 4132 295 4211 passivo
316 4134 348 4192 in
372 4150 388 4192 e
411 4132 479 4203 exit,
501 4149 562 4193 ηοη
584 4134 615 4195 1η
630 4134 649 4193 1.
680 4134 711 4195 1η
727 4135 828 4195 activis
843 4133 971 4196 babetur
984 4140 1053 4195 aute
1068 4132 1183 4195 litteras
1204 4134 1230 4201 i;
1253 4135 1284 4193 in
1299 4134 1424 4213 passivis

144 4229 255 4295 babetur
277 4233 280 4313 l
304 4240 374 4295 ante
401 4232 527 4313 syllabas
554 4254 581 4295 e.
626 4236 657 4295 iu
685 4237 780 4316 prima
809 4245 839 4297 et
863 4236 925 4297 illic
951 4244 1021 4298 aute
1048 4234 1164 4297 literam
1195 4242 1241 4296 est
1269 4253 1285 4296 a
1313 4242 1343 4296 et
1363 4233 1424 4299 illic

144 4342 201 4393 aute
221 4334 361 4414 syllabam
383 4336 544 4416 producta;
566 4338 598 4398 in
621 4337 752 4399 secunda
776 4346 806 4399 et
827 4337 888 4399 illic
911 4357 928 4400 ο
948 4338 1124 4419 producitur
1146 4346 1176 4399 et
1196 4336 1258 4399 illic
1279 4336 1423 4417 eprodu·
1485 4384 1488 4388 ›

209 4523 221 4575 l
240 4524 371 4589 passivum
390 4552 425 4561 -
444 4524 601 4575 declinamus
619 4542 666 4577 om.
684 4524 758 4587 ΑΒ,
776 4525 837 4577 add.
856 4526 894 4574 ub
964 4527 981 4579 9
999 4542 1057 4576 ωηο
1075 4540 1147 4576 amas
1170 4534 1228 4577 ante
1246 4524 1353 4574 litterum
1371 4525 1427 4576 Bc

204 4594 295 4658 primae
316 4596 349 4645 sit
373 4595 561 4659 coniugationis
581 4595 668 4646 ABG
737 4596 769 4647 10
791 4604 850 4645 aute
871 4610 885 4644 s
904 4594 961 4645 Oa:
980 4612 993 4646 s
1012 4612 1059 4649 eun.
1080 4596 1137 4645 AB
1204 4603 1289 4661 potest
1305 4594 1356 4645 Ac

150 4658 172 4707 ll
189 4675 241 4711 arno
257 4662 340 4715 ABG
426 4666 459 4717 12
483 4674 541 4715 ante
564 4666 675 4716 litteram
694 4680 772 4731 quaro
791 4673 849 4715 ante
874 4666 985 4715 litteram
1004 4682 1022 4715 α
1044 4675 1103 4716 aute
1120 4666 1218 4716 litteras
1239 4667 1266 4727 (a
1281 4665 1343 4719 add.
1360 4665 1424 4729 BC)

149 4742 213 4789 quara
230 4743 284 4783 ante
303 4732 560 4799 tractemundo)
577 4735 661 4786 ABG
711 4736 743 4787 14
759 4744 818 4787 ωηο
834 4736 955 4786 litteruB
1008 4737 1040 4787 15
1058 4736 1195 4785 inlitteres
1213 4736 1267 4787 Ac
1312 4737 1345 4787 at
1365 4750 1424 4802 pro-

149 4797 233 4851 ductam
252 4804 293 4855 At
311 4805 464 4871 productum
480 4803 569 4856 acu*
640 4804 674 4857 ²9
695 4820 753 4855 ecee
771 4814 829 4856 aute
848 4804 958 4857 litterum
976 4805 1029 4856 Ac
1045 4814 1177 4856 caecante
1192 4805 1368 4857 litterasBa*

149 4864 178 4918 dd
192 4874 251 4935 quod
269 4884 308 4924 est
324 4890 371 4929 orn.
391 4876 416 4925 B
487 4876 520 4927 34
539 4875 716 4927 discriminare
732 4876 850 4926 uidemus
865 4874 891 4925 A
