3525 5600
379 385 443 452 206
947 387 1101 451 POMPEI!

406 510 427 551 p.
441 497 530 539 ιιι-ιι
543 495 565 536 1„

380 576 478 646 illum;
508 593 578 655 ergo
606 595 666 638 non
694 593 815 656 possum
844 575 945 636 dicere
967 577 1025 636 uisi
1047 575 1085 636 de
1107 595 1142 638 ea
1164 595 1306 657 persona,
1329 595 1420 656 quam
1441 577 1541 646 video,
1562 586 1592 639 ut
1610 579 1651 640 de·

380 686 579 741 monstranter
601 676 651 739 ille
674 677 731 738 boe
753 677 881 745 dixerit,
904 696 974 738 eece
997 679 1076 738 euim
1098 676 1155 738 hoc
1177 678 1350 740 adverbium
1372 697 1433 741 non
1455 681 1587 756 congruit
1606 683 1653 742 uisi

380 783 426 842 rei
449 798 525 860 quae
547 787 644 860 potest
666 781 878 848 demonstrari;
902 776 1073 841 adverbium
1097 787 1142 840 est
1164 781 1244 840 enim
1266 779 1514 842 demonstrantis:

531 901 572 942 en
595 881 779 944 Priamus:
804 889 890 944 sunt
913 881 971 942 bic
994 882 1107 942 etiam·
1126 899 1189 942 sua
1210 883 1377 961 praemia
1397 880 1510 943 laudi.

380 1003 451 1064 ergo
478 1003 545 1047 cum
575 984 664 1046 ellum
687 987 725 1045 sit
747 1002 817 1044 eece
840 982 938 1054 illum,
962 982 1049 1045 ellam
1072 1001 1142 1044 ecoe
1163 982 1257 1054 illam,
1287 983 1361 1045 nihil
1381 1001 1539 1064 possumus
1559 984 1673 1055 dicerer

380 1089 436 1147 nisi
464 1089 557 1166 magis
585 1086 814 1148 demonstrativa
841 1096 874 1146 ut
901 1087 962 1146 sint
987 1085 1023 1146 ad
1052 1099 1194 1165 personas
1222 1095 1252 1147 et
1272 1087 1442 1165 significent
1462 1103 1538 1166 quae
1556 1090 1656 1166 possint
1708 1084 1709 1137 ἶ

380 1191 467 1249 etiam
491 1187 616 1250 ostendi.
662 1190 704 1250 sio
732 1187 825 1250 habes
853 1188 885 1247 in
911 1188 977 1266 ipso
999 1187 1128 1258 Donato,
1159 1195 1191 1248 ut
1212 1186 1279 1248 illae
1300 1190 1360 1250 sint
1381 1206 1527 1269 personae
1548 1187 1655 1250 demon·
1708 1204 1709 1261 ζ

378 1292 516 1350 strativae
542 1309 617 1370 quae
646 1291 718 1352 loris
745 1298 828 1360 sunt,
857 1291 953 1368 magis
981 1297 1077 1351 tamen
1107 1297 1279 1369 praesentes
1306 1309 1383 1370 quae
1409 1292 1490 1352 intus
1516 1298 1591 1352 sunt.
1630 1302 1656 1352 ut
1708 1322 1709 1377 j

378 1401 448 1472 puta
470 1391 633 1470 ‘Vergilius
655 1394 776 1472 scripsit
797 1390 963 1454 bucolica':
995 1393 1130 1454 etiamsi
1152 1391 1225 1451 loris
1247 1399 1304 1461 est,
1328 1393 1395 1454 dico
1417 1392 1484 1454 ‘bio
1506 1396 1581 1462 est';
1605 1411 1655 1453 non

379 1503 478 1555 autem
506 1513 626 1575 possum
653 1494 771 1566 dicere,
799 1497 824 1556 si
852 1511 994 1574 praeseus
1016 1502 1074 1563 est,
1098 1493 1166 1554 ‘bic
1194 1497 1271 1562 est',
1300 1495 1353 1555 sed
1380 1494 1447 1556 dico
1474 1495 1592 1556 ‘eccum
1615 1497 1709 1576 quio

379 1597 524 1676 scripsit',
559 1598 642 1675 quasi
658 1602 742 1659 'ecce
770 1616 853 1667 eum,
889 1604 922 1658 ut
954 1605 983 1658 et
1010 1595 1272 1658 demonstrativum
1305 1595 1478 1658 adverbium
1506 1616 1609 1676 ponam
1632 1607 1657 1658 et

379 1705 568 1778 praesentem
590 1700 754 1761 ostendam.
785 1698 842 1782 lroc
864 1704 963 1778 potest
984 1696 1120 1758 adbiberi
1142 1696 1329 1759 differentiae
1350 1716 1447 1760 causa.
1477 1705 1575 1760 umen
1596 1700 1655 1760 mili
1708 1734 1709 1737 =

379 1801 437 1862 hoc
459 1819 519 1862 non
541 1800 670 1872 videtur,
700 1801 753 1862 sed
782 1817 836 1879 ego
864 1809 936 1880 puto
963 1799 1088 1880 simplex
1113 1817 1280 1879 pronomen
1313 1801 1576 1862 demonstrativum
1602 1820 1656 1860 esse
1708 1866 1709 1873 χ

380 1903 443 1978 1ιίε,
468 1921 571 1964 eccum
594 1905 780 1982 conpositum
808 1902 973 1982 pronomen
1003 1903 1264 1964 demonstrativum
1286 1920 1361 1962 esse.
1405 1911 1435 1962 et
1457 1903 1516 1963 boe
1538 1909 1568 1962 et
1587 1901 1656 1981 dlud

380 2005 642 2066 demonstrativum
667 2013 725 2076 est,
749 2003 802 2066 sed
824 2003 898 2064 illud
920 2003 1044 2083 simplex
1067 2005 1136 2074 erit,
1159 2001 1233 2064 illud
1255 2004 1452 2082 conpositum.
1484 2003 1606 2064 diximus
1624 2003 1683 2063 deu

379 2107 519 2188 qualitate
542 2109 768 2188 pronominum;
792 2106 880 2167 modo
904 2107 1056 2167 videamus
1077 2104 1115 2166 de
1136 2104 1306 2183 generibus.

464 2210 580 2272 Genera
602 2210 813 2290 pronominum
836 2213 906 2269 sunt
927 2208 1017 2269 baec:
1040 2209 1138 2269 omnia
1151 2208 1338 2288 pronomina
1352 2216 1403 2269 aut
1418 2206 1580 2269 masculina
1599 2216 1658 2269 sunt
1708 2260 1709 2263 ,

378 2320 429 2373 aut
458 2311 598 2372 leminina
626 2319 675 2376 aut
702 2318 806 2372 neutra
835 2315 887 2370 aut
915 2310 1081 2370 communia
1109 2317 1161 2370 aut
1182 2297 1279 2370 omnis
1300 2309 1431 2388 generis.
1475 2308 1657 2371 masculinum

260 2425 319 2488 sut,
333 2425 365 2476 37
378 2432 543 2494 pronomen
567 2415 702 2493 estquis.
734 2412 821 2474 bodie
844 2413 883 2474 ita
906 2412 1046 2480 dicimus,
1069 2419 1102 2471 ut
1123 2413 1188 2491 (pris
1210 2409 1407 2472 masculinum
1428 2413 1468 2473 sit
1488 2429 1656 2491 pronomen:

378 2516 455 2596 apud
483 2517 611 2576 maiores
640 2521 757 2576 nostros
784 2513 991 2575 indifferenter
1017 2514 1185 2574 invenimus
1207 2513 1264 2573 boc
1286 2531 1467 2593 pronomen,
1490 2521 1521 2574 ei
1541 2516 1603 2594 quis
1622 2515 1686 2572 viro

378 2626 407 2679 et
430 2619 496 2695 quis
518 2616 638 2687 mulier,
666 2617 787 2678 omnino
815 2615 927 2686 milies,
956 2633 1016 2676 non
1038 2613 1146 2676 semel:
1175 2616 1207 2676 in
1235 2615 1378 2676 Terentio
1400 2615 1493 2676 babes
1516 2615 1659 2676 hoctona

377 2725 483 2798 quarto
511 2726 561 2779 aut
589 2720 697 2797 quinto
715 2719 858 2798 positum,
888 2719 968 2795 quis;
997 2735 1065 2778 cum
1093 2717 1131 2777 de
1152 2716 1277 2778 muliere
1298 2714 1488 2797 loqueretur,
1511 2720 1577 2798 quis
1597 2719 1661 2778 tint

378 2821 455 2882 lorte
483 2827 588 2901 quarto
615 2830 665 2883 aut
691 2822 804 2901 quinto.
849 2830 895 2883 est
921 2828 1021 2881 autem
1053 2821 1129 2880 ratio
1157 2826 1187 2880 et
1213 2821 1298 2898 origo
1324 2820 1415 2882 buius
1443 2822 1659 2899 pronominisa
1708 2831 1709 2834 ’

378 2940 501 3001 graeco,
532 2922 698 2985 etidcirco
727 2924 815 2984 traxit
842 2931 871 2984 et
893 2941 986 3002 genus
997 2902 1046 2983 xad
1067 2922 1197 2983 Latinos.
1241 2923 1307 3000 quis
1329 2929 1373 2981 est
1394 2920 1454 2993 τίς.
1499 2921 1552 2994 τίς
1572 2934 1659 2984 autem
1708 3005 1709 3010 γ

378 3024 454 3104 apud
478 3023 545 3085 illos
567 3031 627 3086 tam
650 3024 805 3086 masculini
827 3025 946 3103 generis
968 3030 1014 3084 est
1035 3040 1123 3101 quam
1144 3023 1289 3083 leminini.
1322 3040 1394 3101 ergo
1416 3022 1496 3102 quod
1519 3025 1588 3086 inde
1608 3034 1709 3086 tra-⁹⁵,

378 3136 486 3187 xerunt
507 3127 563 3188 hoc
586 3144 766 3207 pronomen,
790 3132 982 3187 servaverunt
1003 3127 1092 3186 etiam
1113 3142 1209 3203 genus
1231 3124 1360 3200 antiqui,
1383 3132 1417 3184 nt
1439 3132 1485 3186 est

529 3230 612 3309 quis
635 3238 671 3290 tu
695 3248 732 3289 es
755 3228 905 3298 mulier,
929 3229 989 3305 qui
1010 3246 1064 3287 me
1086 3226 1154 3288 hoc
1176 3228 1403 3307 nuncupasti
1425 3229 1593 3289 nomine?

378 3332 461 3407 ‘quis
489 3329 610 3391 mulier’
639 3329 782 3391 habemus
812 3337 841 3391 et
868 3332 900 3390 in
927 3330 1024 3391 Ennio
1051 3337 1082 3389 et
1106 3330 1138 3389 in
1160 3329 1286 3391 Pacuvio
1315 3335 1345 3389 et
1370 3330 1402 3389 in
1428 3331 1493 3409 ipso
1515 3329 1657 3391 Terentio.

377 3450 449 3511 ergo
479 3439 524 3493 est
551 3408 744 3493 masculinum
773 3449 939 3512 pronomen
967 3432 1047 3509 quis,
1077 3432 1255 3492 femininum
1281 3449 1372 3510 quae,
1408 3439 1550 3493 neutrum
1580 3430 1658 3512 quod.

378 3552 549 3605 commune,
573 3542 606 3595 ut
628 3533 721 3615 qualis
742 3532 822 3594 talis:
847 3551 915 3594 nam
938 3532 1033 3614 qualis
1055 3532 1163 3594 dicitur
1187 3532 1190 3615 l
1215 3534 1274 3602 vir,
1297 3534 1391 3614 qualis
1414 3535 1523 3596 dicitur
1545 3534 1689 3602 mutiens

378 3644 407 3695 et
429 3635 494 3697 talis
517 3638 560 3697 vir
583 3643 612 3696 et
633 3634 698 3697 talis
720 3634 836 3697 mulier.
882 3634 1018 3697 similiter
1039 3653 1109 3715 ego:
1134 3654 1189 3715 ego
1211 3636 1283 3697 dicit
1304 3637 1357 3708 vir,
1379 3654 1435 3716 ego
1457 3636 1530 3698 dicit
1551 3638 1659 3704 mulier,

377 3754 432 3815 ego
455 3738 528 3798 dicit
548 3740 755 3817 mancipium

461 3840 493 3901 ln
516 3839 740 3919 pronominibus
761 3848 829 3900 sunt
852 3841 941 3900 eliam
963 3842 1093 3908 numeri,
1118 3838 1276 3919 singularis
1298 3849 1327 3901 et
1348 3839 1485 3920 pluralis,
1509 3821 1660 3919 singulam

376 3941 438 4012 bic,
462 3941 586 4021 pluralis
608 3942 648 4002 hi.
694 3950 764 4003 sunt
786 3944 873 4003 etiarn
896 3943 1013 4003 numeri
1040 3944 1217 4005 communis.
1260 3942 1386 4021 legimus
1409 3943 1497 4003 etiam
1518 3943 1552 4003 in
1575 3944 1660 4004 nouri-

445 4179 524 4247 4ειι]
546 4184 624 4247 Verp.
646 4180 711 4231 Αειι.
730 4181 739 4228 l
758 4178 808 4231 461
880 4182 994 4246 priamus
1010 4180 1083 4231 Act
1106 4180 1199 4246 priami
1216 4180 1243 4231 B
1310 4180 1425 4246 proemia
1447 4178 1532 4233 ABG
1600 4182 1661 4232 laudi

376 4252 451 4302 BGa
470 4251 552 4302 laudis
570 4253 594 4302 Α
650 4248 771 4316 bellom]
794 4265 880 4299 eccam
898 4251 983 4302 Aac
1032 4250 1267 4302 bdemonstratiue
1284 4244 1371 4302 Aac
1423 4250 1570 4314 significant
1587 4252 1662 4302 Aac

447 4322 477 4372 11
497 4336 588 4386 ponam
609 4322 662 4373 Ac
676 4330 755 4386 ponat
771 4318 837 4370 Bo*
910 4320 942 4371 13
960 4321 1152 4371 demonstratiui
1174 4328 1213 4371 est
1229 4321 1272 4370 hie
1291 4321 1345 4371 Ao
1361 4321 1591 4371 demonstrationem
1609 4336 1660 4371 esse

376 4392 417 4442 liic
435 4406 522 4441 eccum
541 4392 700 4457 conpositum
715 4404 855 4457 pronomen
875 4404 921 4440 om.
936 4391 962 4440 B
1032 4391 1065 4440 14
1081 4390 1274 4441 demonstratiul
1292 4406 1350 4442 esse
1370 4398 1395 4441 et
1412 4389 1461 4441 hoe
1477 4402 1503 4440 et
1517 4391 1582 4443 illud
1594 4393 1661 4442 BCe

375 4462 568 4513 demonstrstlni
588 4470 627 4511 est
644 4461 692 4512 boe
710 4470 749 4512 est
766 4460 869 4511 illndA
942 4459 975 4511 16
987 4460 1119 4510 videamus
1136 4476 1182 4511 ora.
1197 4460 1279 4511 ABG
1346 4463 1379 4512 21
1394 4463 1420 4510 in
1436 4461 1661 4527 temntioAspud

375 4534 510 4581 terentium
527 4532 614 4582 BCar
638 4532 672 4595 ef.
697 4534 723 4583 a‘o
742 4532 816 4597 Serp.
837 4533 906 4593 ampl.
925 4533 951 4579 ιἰι
971 4532 1036 4583 Dora.
1051 4546 1081 4594 p.
1100 4530 1161 4594 501,
1179 4529 1214 4581 38
1283 4533 1319 4583 24
1338 4541 1363 4582 et
1383 4528 1477 4598 genus]
1497 4532 1525 4581 id
1541 4548 1621 4599 geum
1638 4530 1660 4580 A

445 4602 502 4665 quis
522 4609 560 4652 est
581 4602 615 4652 tis
631 4603 664 4653 tis
683 4610 768 4651 antem
786 4600 877 4653 Aac.
892 4601 1008 4663 fortasse
1026 4602 1085 4663 quis
1100 4602 1157 4650 est?
1176 4597 1222 4660 τίς
1240 4593 1330 4663 ἔπιες
1349 4602 1394 4662 τίς
1411 4608 1496 4651 autem
1565 4604 1599 4654 25
1613 4610 1662 4651 tam

375 4672 508 4721 masculini
527 4673 630 4739 generis
646 4680 684 4722 est
699 4671 773 4723 Bca
798 4680 836 4721 est
854 4678 905 4720 tam
923 4669 1057 4720 masculini
1074 4671 1177 4735 generis
1196 4669 1221 4718 Α
1268 4672 1351 4725 ,1ιιι1ε
1368 4680 1408 4722 εει
1425 4680 1452 4721 et
1469 4680 1600 4722 traxerunt
1616 4670 1661 4720 boo

375 4743 520 4807 pronomini
537 4758 604 4796 corr.
624 4742 683 4792 inde
701 4750 833 4792 traxerunt
852 4742 901 4791 hoe
913 4754 1052 4807 pronomen
1070 4740 1096 4789 B
1180 4741 1214 4791 27
1233 4741 1293 4803 quis
1308 4738 1348 4809 tu]
1367 4741 1465 4805 Pamm-
1484 4741 1555 4795 Med.
1570 4743 1661 4807 [rapu.

376 4810 410 4860 20
428 4812 553 4863 addedd.
623 4811 662 4876 es]
682 4811 738 4861 ΕΟ
806 4810 840 4862 28
858 4812 901 4875 qui
917 4811 1008 4860 mulier
1026 4808 1111 4860 ABG
1178 4810 1211 4862 31
1233 4819 1259 4861 et
1276 4811 1334 4862 talis
1354 4812 1394 4861 uir
1413 4819 1438 4861 et
1456 4810 1514 4861 talis
1530 4810 1662 4862 mulierd

376 4881 434 4931 tulis
449 4882 558 4933 dicimus
576 4883 614 4931 uir
628 4882 685 4931 talis
701 4882 810 4933 dicimus
825 4881 916 4930 mulier
934 4881 1007 4930 Bne
1076 4879 1110 4931 34
1129 4895 1277 4931 communes
1294 4881 1320 4929 Α
