3525 5600
749 417 924 483 cuculla
1418 419 1479 484 501

1279 539 1301 580 p.
1317 527 1418 568 saal-sa
1433 528 1456 568 P.

193 607 233 669 lel
256 605 292 668 ab
315 605 371 666 hoc
393 607 474 668 lelle.
519 607 571 668 sed
594 609 625 667 in
647 606 757 685 plurali
780 623 906 666 numero
926 623 982 684 per
1003 611 1065 666 tres
1087 623 1174 666 casus
1195 607 1299 674 currit,
1322 607 1481 667 nominati-

193 711 260 752 vum
283 695 481 754 accusativum
505 700 534 752 et
557 693 731 754 vocativum.
762 692 820 753 alia
842 693 959 770 species
980 693 1101 768 generis
1121 692 1230 760 neutri,
1254 709 1329 770 quae
1351 692 1481 750 condnet

193 779 313 838 nomina
342 779 374 838 in
402 796 439 838 en
467 776 610 857 syllabam
638 779 791 848 exeuntia,
820 777 877 838 hoc
904 777 1018 836 crimen
1049 776 1135 837 huius
1162 771 1308 858 crilminis
1329 775 1400 836 huic
1421 777 1481 836 cri·

193 863 265 924 mini
294 863 349 924 hoc
376 865 490 924 crimen
518 881 535 922 o
562 865 677 922 crimen
699 861 736 922 ah
759 861 814 922 hoc
842 863 969 922 crimine
996 861 1070 921 haec
1097 862 1224 922 crimina
1249 861 1357 922 horum
1379 863 1481 922 crimi-

169 963 264 1008 enum
287 947 335 1008 his
356 947 534 1008 criminibus
556 947 629 1008 haec
652 949 779 1008 crimina
801 967 819 1006 o
840 948 966 1006 crimina
996 945 1033 1006 ab
1059 947 1107 1008 his
1127 945 1316 1007 criminibus.
1346 946 1383 1007 ad
1405 946 1482 1007 hanc

193 1032 327 1112 regulam
359 1033 469 1094 similia
498 1031 678 1101 declinabis,
707 1049 826 1092 carmen
860 1033 1016 1100 carminis,
1050 1049 1161 1091 numen
1193 1033 1340 1101 numinis,
1372 1031 1482 1092 llameu

192 1119 336 1188 flaminia,
365 1135 470 1196 agmen
498 1119 637 1196 agminis,
672 1135 796 1177 acumen
831 1118 990 1186 acuminis,
1023 1135 1146 1194 gramen
1178 1119 1335 1194 graminis,
1371 1115 1481 1177 llumen

193 1204 338 1273 fluminis,
363 1211 476 1264 stamen
492 1204 645 1270 staminis,
669 1201 769 1262 lumen
785 1201 923 1271 luminis,
947 1219 1048 1261 semen
1064 1204 1197 1271 seminis,
1221 1201 1370 1281 liquamen
1385 1201 1481 1281 liqua-

156 1334 160 1346 ,
193 1291 297 1359 minis,
321 1288 432 1348 fulmen
455 1287 604 1358 lulminiS,
626 1305 733 1348 rumen
755 1288 897 1356 rumicis,
921 1285 1056 1347 bitumen
1077 1286 1247 1356 bituminis,
1268 1287 1371 1364 gluten
1392 1287 1481 1364 gluti·

159 1376 258 1443 onis,
281 1374 419 1452 legumen
441 1374 613 1451 leguminis,
637 1372 797 1433 fundamen
819 1372 1018 1441 fundaminis,
1041 1374 1173 1450 tegimen
1196 1373 1360 1450 tegiminis,
1384 1374 1482 1432 muni·
1557 1448 1561 1454 Δ

194 1478 265 1520 men
287 1460 477 1527 muniminis,
506 1457 638 1520 levamen
666 1457 834 1527 levaminiS,
864 1459 1016 1537 specimen
1044 1460 1234 1536 speciminis;
1263 1457 1315 1518 sed
1337 1456 1482 1536 pluralem

195 1563 254 1606 non
278 1544 423 1605 admittit:
448 1547 518 1604 item
541 1541 737 1621 subtegumen
760 1541 989 1620 subteguminis.
1023 1541 1080 1603 alia
1103 1545 1218 1622 species
1240 1544 1361 1619 generis
1382 1543 1482 1602 neutri

195 1637 309 1710 aptota,
339 1629 369 1688 id
397 1636 443 1690 est
472 1627 707 1697 indeclinabilis
738 1636 770 1689 ut
796 1645 889 1706 genu,
918 1627 973 1687 hoc
1000 1645 1080 1704 genu
1101 1627 1190 1688 huius
1212 1644 1290 1705 genu
1311 1627 1382 1688 huic
1404 1644 1482 1705 genu

194 1715 251 1776 hoc
278 1733 357 1792 genu
386 1735 403 1774 ο
432 1731 510 1792 genu
539 1713 575 1774 ab
607 1713 661 1773 hoc
689 1731 767 1790 genu
795 1713 986 1791 haecgenua
1007 1712 1114 1774 horum
1135 1730 1264 1791 genuum
1286 1712 1334 1773 his
1355 1710 1483 1790 genibus

160 1800 268 1860 rahaec
290 1817 386 1878 genua
408 1819 425 1858 0
447 1817 543 1876 genua
565 1797 602 1859 ah
626 1798 672 1862 bis
694 1797 831 1876 genibus.
863 1798 900 1858 ad
915 1797 991 1858 hanc
1005 1798 1132 1858 lormam
1147 1797 1312 1859 declinabis
1326 1806 1357 1858 et
1379 1815 1482 1867 cornu,

194 1893 338 1964 utsupra
366 1885 510 1954 diximus,
540 1901 633 1944 cornu
660 1901 786 1954 cornua,
816 1901 887 1944 reru
915 1901 1020 1953 verua,
1048 1901 1124 1962 quae
1152 1891 1222 1944 sunt
1243 1886 1343 1960 virgae
1365 1883 1482 1943 lerreae
1561 1919 1567 1932 ·

196 1971 356 2039 laniorum,
380 1970 416 2029 de
439 1968 549 2049 quibus
566 1968 707 2046 Virgilius
728 1967 981 2048 ‘veribusque
1006 1971 1208 2029 trementia
1229 1969 1381 2046 ligunt',
1404 1969 1482 2028 toni·

195 2065 245 2116 tru
267 2056 410 2116 tonitrua.
441 2055 494 2114 sed
516 2053 619 2114 talium
641 2056 793 2115 nominum
816 2054 977 2115 declinatio
999 2072 1122 2132 perrara
1144 2056 1306 2115 invenitur.
1336 2053 1393 2114 alia
1415 2071 1482 2132 spe·

195 2142 257 2200 cies
285 2143 406 2218 generis
433 2141 550 2208 neutri,
580 2139 616 2198 de
645 2158 702 2218 qua
730 2157 819 2219 supra
848 2141 1053 2209 tractavimus,
1087 2157 1162 2218 quae
1190 2141 1253 2200 exit
1285 2141 1317 2200 in
1344 2147 1483 2218 quattuor

158 2242 183 2281 ao
197 2227 317 2286 nomina
339 2226 464 2286 duarum
486 2231 650 2293 mutarum,
680 2243 696 2283 c
718 2233 747 2285 et
770 2232 796 2294 t,
827 2232 859 2284 ut
881 2233 969 2304 caput
991 2224 1122 2304 sinciput
1143 2232 1173 2284 et
1195 2224 1240 2285 lac
1262 2234 1292 2286 et
1313 2223 1402 2294 allec;
1431 2223 1482 2284 sed

196 2310 271 2372 haec
294 2309 352 2370 duo
373 2308 517 2390 pluralem
539 2327 696 2370 numerum
718 2327 777 2370 non
799 2309 969 2370 admittunt.
1000 2311 1063 2369 exit
1083 2311 1155 2370 item
1177 2327 1271 2387 genus
1291 2317 1431 2370 neutrum
1451 2310 1484 2369 in

195 2415 225 2470 a,
261 2395 314 2457 sed
347 2398 379 2456 in
412 2397 532 2474 graecis¹
560 2393 746 2464 nominihus,
777 2401 808 2454 ut
835 2395 936 2456 thema
969 2394 1113 2465 themata,
1147 2402 1280 2456 toreuma
1309 2403 1481 2464 toreumata,

196 2480 316 2542 schema
343 2481 507 2550 schemata,
536 2479 683 2541 emblema
711 2479 902 2550 emblemata,
930 2479 1082 2540 theorema
1103 2480 1302 2550 theoremata,
1326 2479 1484 2541 boethema

195 2565 383 2627 boethemata
411 2573 440 2625 et
468 2565 535 2626 alia.
580 2567 653 2625 item
679 2567 906 2626 meminerimus
933 2565 1064 2643 singulas
1091 2565 1206 2627 litteras
1233 2573 1293 2626 tam
1315 2567 1347 2624 in
1368 2568 1485 2642 graecis

158 2667 285 2731 aequam
311 2653 342 2712 in
370 2651 471 2712 latinis
498 2652 618 2728 generis
646 2669 712 2711 esse
741 2653 851 2713 neutri.
896 2651 1023 2711 dicimus
1051 2653 1130 2712 enirn
1165 2668 1258 2712 unum
1285 2650 1357 2720 alla,
1391 2668 1484 2711 unum

195 2735 279 2809 beta,
308 2755 399 2798 unum
427 2753 557 2815 gamma;
586 2737 629 2796 sic
657 2743 688 2796 et
716 2735 789 2798 alias
816 2737 948 2797 litteras:
971 2736 1126 2817 pluraliter
1147 2736 1206 2796 duo
1228 2735 1300 2807 alla,
1324 2735 1382 2797 duo
1405 2735 1483 2807 beta,

195 2822 255 2883 duo
277 2840 406 2901 gamma;
430 2824 473 2883 sic
498 2820 501 2901 j
525 2824 582 2885 tria
605 2821 677 2891 alla,
701 2825 759 2883 tria
782 2821 865 2892 beta,
889 2825 947 2883 tria
968 2818 1092 2901 gamma.
1137 2823 1207 2884 inde
1230 2831 1276 2885 est
1296 2822 1385 2893 illud,
1408 2820 1484 2902 τρία

195 2902 313 2968 κάππα
334 2904 489 2976 κάκιστα,
518 2907 549 2967 id
577 2914 623 2969 est
649 2909 708 2969 tria
731 2926 823 2988 cappa
845 2910 989 2989 pessima,
1017 2908 1054 2969 de
1076 2908 1213 2970 Cornelio
1235 2907 1330 2987 Sylla,
1353 2907 1390 2968 de
1413 2908 1483 2969 Cor·

195 2993 277 3053 nelio
292 2994 399 3063 Cinna,
424 2992 460 3053 de
476 2993 614 3053 Cornelio
628 2991 764 3053 Lentvdo.
794 2994 825 3054 hi
849 2994 929 3055 enim
951 3012 1006 3074 per
1028 3001 1088 3054 tres
1110 2993 1225 3054 litteras
1247 2994 1394 3071 designati
1415 3003 1485 3053 sunt

156 3096 182 3137 so
195 3080 229 3139 in
251 3076 340 3140 libris
362 3077 527 3158 Sibyllinis.
572 3084 617 3139 est
645 3084 674 3139 et
697 3096 787 3139 unum
810 3097 918 3140 nomen
939 3081 1060 3156 generis
1086 3081 1186 3139 neutri
1210 3081 1241 3139 in
1263 3098 1296 3148 a,
1318 3087 1352 3139 ut
1373 3077 1484 3139 flumen

196 3162 305 3235 Turia,
329 3171 362 3225 ut
383 3181 475 3243 supra
496 3162 634 3225 diximus.

283 3249 383 3310 Genus
410 3266 566 3309 commune
598 3250 659 3310 exit
679 3268 734 3329 per
757 3268 787 3319 a,
817 3257 851 3312 ut
872 3249 999 3311 advena:
1028 3248 1194 3311 declinatur
1215 3250 1265 3310 hic
1287 3256 1317 3309 et
1338 3249 1411 3311 haec
1434 3249 1485 3310 ad·

195 3352 273 3395 vena
293 3334 383 3396 huius
405 3333 534 3395 advenae
549 3333 620 3395 huic
635 3334 763 3396 advenae
779 3334 858 3395 hunc
880 3342 912 3396 et
932 3334 1010 3395 hanc
1032 3336 1174 3398 advenam
1196 3354 1214 3395 o
1237 3334 1348 3396 advena
1370 3333 1407 3395 ab
1430 3335 1486 3394 boc

196 3426 228 3481 et
251 3418 288 3485 ab
310 3419 365 3481 hac
388 3419 500 3481 advena
521 3418 553 3480 bi
575 3426 607 3480 et
627 3420 683 3481 hae
706 3420 835 3481 advenae
858 3421 965 3482 horum
987 3428 1017 3481 et
1038 3420 1145 3483 harum
1164 3420 1344 3482 advenarum
1364 3419 1413 3480 his
1434 3420 1485 3481 ad·

159 3522 184 3563 as
197 3505 284 3566 venis
312 3504 366 3565 hos
394 3512 423 3566 et
450 3504 504 3566 has
526 3505 653 3566 advenas
675 3525 693 3566 o
715 3506 844 3567 advenae
867 3504 904 3566 ab
925 3505 975 3567 his
997 3507 1128 3568 advenis.
1172 3506 1209 3567 ad
1231 3505 1307 3567 hanc
1329 3505 1485 3566 formulam

197 3588 366 3651 declinabis
388 3588 556 3667 Troiugena
585 3590 725 3669 indigena
752 3590 849 3652 incola
876 3591 1007 3669 agricola
1029 3610 1160 3652 convena
1182 3590 1321 3653 caelicola
1342 3590 1485 3652 sacricola

195 3674 347 3755 publicola
373 3675 514 3736 terricola
542 3674 675 3737 urbicola
704 3675 851 3757 plebicola
878 3676 1007 3738 Numida
1032 3676 1165 3739 Dalmata
1193 3676 1321 3739 ruricola
1355 3676 1486 3753 luciluga

195 3760 290 3822 Persa
311 3760 467 3843 Romulida
496 3768 525 3821 et
553 3768 661 3823 cetera.
706 3764 737 3822 in
765 3763 947 3823 nominativo
976 3781 992 3823 e
1014 3763 1076 3823 eti
1099 3761 1269 3823 nonhabet
1290 3778 1384 3839 genus
1405 3779 1486 3822 com-

195 3864 303 3916 mune,
333 3845 365 3906 id
393 3852 438 3906 est
464 3863 524 3906 non
552 3848 613 3907 exit
641 3849 673 3907 in
702 3865 719 3907 e
748 3866 802 3907 nec
830 3849 862 3909 in
884 3850 909 3918 i,
939 3848 991 3909 sed
1013 3850 1045 3909 in
1067 3867 1099 3918 o,
1123 3856 1156 3909 ut
1176 3848 1267 3909 latro:
1290 3846 1339 3907 hic
1361 3854 1391 3907 et
1412 3846 1485 3907 haec

270 4084 283 4135 l
304 4084 351 4134 sed
363 4084 456 4151 plurali
475 4100 579 4137 numero
598 4084 647 4135 non
667 4084 716 4135 nisi
735 4100 782 4151 per
800 4094 881 4143 trees
963 4087 1096 4138 beminen
1111 4084 1238 4155 staminis]
1259 4095 1370 4137 stramen
1387 4087 1487 4136 strami-

194 4154 237 4205 nis
258 4170 274 4210 ς
325 4154 444 4205 ilrumen
466 4156 582 4206 rumicis.
603 4170 691 4205 rumen
711 4156 868 4220 estquidam
888 4156 960 4205 sinus
978 4157 1005 4207 in
1023 4158 1084 4225 gula
1098 4165 1222 4207 certorum
1240 4156 1384 4208 animalium
1404 4171 1419 4205 a
1437 4170 1486 4219 quo

194 4236 301 4276 seruant
317 4225 394 4289 cybos
412 4234 501 4289 postea
520 4226 665 4278 masandos.
686 4224 752 4275 unde
772 4226 900 4275 ruminare
918 4226 1026 4276 dicimus
1043 4228 1156 4277 bitumen
1175 4229 1200 4276 F
1286 4228 1317 4279 11
1340 4226 1488 4292 speciminis

193 4296 278 4345 idest
296 4294 390 4345 indicio
409 4295 455 4344 sed
472 4294 596 4361 pluralem
614 4310 665 4346 non
683 4295 817 4345 admittunt
834 4295 860 4345 F
936 4297 968 4347 12
986 4296 1146 4365 subtegimen
1170 4298 1347 4365 subtegiminis
1366 4310 1383 4353 ς
1455 4295 1488 4345 16

193 4363 324 4415 terraer
392 4364 425 4415 17
444 4366 605 4431 uernbneqne
623 4379 655 4422 5:
674 4367 753 4431 Verg.
769 4365 836 4420 Aen.
852 4367 861 4416 l
880 4366 931 4417 212
1002 4367 1035 4417 22
1052 4366 1138 4417 thema
1151 4366 1263 4417 themata
1281 4367 1414 4419 choream
1431 4364 1487 4415 tho-

197 4442 315 4485 reumata
331 4448 397 4497 quae
415 4442 474 4485 sunt
488 4450 551 4486 uasa
567 4445 672 4485 atorono
692 4434 722 4499 (t.
743 4434 828 4500 torno)
847 4434 914 4485 laeta
933 4434 1036 4486 schema
1053 4436 1181 4487 schemata
1196 4438 1223 4487 id
1240 4445 1279 4488 est
1296 4437 1378 4504 figura
1394 4434 1488 4485 emble-

193 4518 238 4555 ma
255 4504 404 4555 emblemata
427 4505 454 4555 id
473 4514 511 4556 ast
529 4507 555 4555 in
571 4508 640 4557 uasis
658 4506 787 4572 argenteis
806 4507 954 4569 quaerentia
973 4504 1004 4569 (t.
1023 4504 1167 4570 haerentia)
1185 4506 1314 4557 theorema
1330 4506 1489 4556 theumarate

193 4574 279 4639 (corr.
308 4571 476 4641 theoremata)
504 4575 528 4626 id
553 4584 591 4627 eat
614 4582 788 4641 spectamenta
808 4574 950 4639 aliquarum
979 4577 1154 4641 quaestionum
1177 4577 1393 4629 considerationes
1413 4576 1489 4639 signe

194 4645 344 4711 aigaamata
362 4644 499 4696 boetheme
518 4646 676 4697 boethemata
694 4644 775 4709 (corr.
795 4645 886 4696 boema
903 4644 1034 4710 boemeta)
1051 4647 1076 4695 id
1092 4654 1132 4696 est
1147 4646 1274 4698 adiutoria
1289 4658 1314 4699 et
1331 4646 1381 4697 alia
1398 4646 1424 4696 F

194 4715 231 4765 26
251 4713 317 4765 aliae
335 4714 432 4765 litterae
450 4730 516 4766 corr.
533 4716 597 4766 alias
617 4716 713 4766 litteras
730 4714 756 4765 F
768 4714 833 4765 aliae
853 4714 951 4765 litterae
966 4729 983 4773 ς
1052 4717 1085 4766 27
1101 4715 1172 4780 inde]
1192 4716 1219 4767 id
1235 4717 1261 4768 F
1309 4734 1325 4768 e
1344 4715 1376 4767 ία
1387 4706 1489 4766 erim

193 4773 838 4922 actitaturustitulabatur
854 4854 880 4904 r
898 4784 1097 4906 ”titul
1134 4786 1340 4909 dictitia
1363 4783 1490 4906 ”illl

193 4930 234 4974 eet
254 4950 286 4959 -
305 4922 358 4973 ini
375 4938 455 4982 om.3
