3525 5600
345 377 407 444 376
888 381 1090 446 CONSENTII

369 503 391 541 p.
404 489 540 532 2062-641).

345 578 399 632 est.
444 575 571 632 interest
599 573 679 631 enim
707 571 882 651 plurimum,
911 580 1011 632 utrum
1039 572 1163 634 verbum
1191 591 1283 634 unum
1309 573 1447 652 quodque
1474 589 1562 650 opus,
1589 590 1619 632 an

300 693 302 697 ⁴
344 673 590 734 consuetudinem
612 674 712 752 operis
735 675 893 751 significet.
924 676 948 734 si
965 694 1039 754 opus
1054 677 1215 754 significat,
1239 676 1371 754 perfecta
1392 675 1487 734 forma
1510 673 1618 737 dicitur.

344 782 377 834 ut
405 776 481 836 facio
509 793 612 846 curro;
642 776 747 855 quodsi
777 776 1023 836 consuetudinem
1050 779 1165 855 operis,
1199 778 1416 856 frequentativa
1444 775 1567 844 dicitur,
1593 785 1619 835 ut
1708 792 1709 837 t

344 877 446 936 factito
474 879 595 937 cursito.
641 877 785 938 accedunt
812 878 859 938 his
887 878 1057 940 meditativa
1084 887 1114 939 et
1141 879 1318 940 inchoativa.
1362 878 1534 938 meditatim
1560 889 1619 937 sunt
1708 882 1709 903 l

342 977 452 1057 quibus
473 997 531 1039 non
555 985 651 1048 actus,
676 980 727 1040 sed
751 980 858 1058 agendi
881 988 1040 1060 apparatus
1061 981 1237 1050 ostenditur,
1260 988 1294 1041 ut
1315 983 1463 1041 amaturio
1484 981 1637 1059 parturiet
1708 1050 1709 1067 χ

341 1080 509 1141 inchoativa
537 1088 607 1141 sunt
633 1099 708 1160 quae
737 1082 866 1143 nondum
895 1082 1059 1162 perfectam
1086 1083 1226 1152 formam,
1254 1083 1306 1144 sed
1334 1084 1455 1143 initium
1484 1082 1617 1161 quoddam
1708 1094 1709 1099 ’

342 1183 568 1259 significationis
589 1185 758 1246 ostendunt.
803 1201 874 1262 ergo
895 1203 999 1244 ornnes
1019 1185 1132 1245 formae
1160 1191 1229 1245 sunt
1250 1190 1404 1264 quattuor,
1426 1185 1572 1264 perfecta,
1592 1193 1618 1244 ut

342 1302 407 1344 amo
430 1285 511 1345 caleo
532 1288 617 1364 pario
640 1287 740 1346 ferveo
767 1287 833 1364 lego
861 1284 978 1355 scribo,
1003 1279 1009 1368 Ι
1032 1287 1264 1365 frequentativa,
1293 1294 1326 1347 ut
1352 1287 1454 1346 lectito
1482 1287 1617 1364 scriptito,

341 1386 529 1456 meditativa,
559 1395 592 1447 ut
620 1390 766 1450 amaturio
794 1390 944 1468 parturio,
975 1388 1156 1458 inchoativa,
1185 1396 1219 1448 ut
1245 1388 1359 1448 edesse
1386 1389 1532 1449 fervesco.
1571 1388 1616 1448 har

315 1553 316 1556 ,
341 1507 444 1549 omnes
468 1491 578 1550 formae
602 1497 631 1551 et
650 1509 706 1570 per
728 1509 831 1552 omues
853 1491 956 1551 modos
984 1496 1108 1550 currunt
1134 1471 1165 1550 et
1183 1508 1239 1568 per
1260 1509 1295 1552 ea
1317 1493 1416 1550 omnia
1439 1508 1517 1569 quae
1538 1489 1646 1550 verton

342 1591 493 1662 accidunt,
525 1593 583 1652 nisi
613 1591 664 1653 ubi
693 1595 817 1654 forsitan
846 1599 929 1652 certa
957 1593 1072 1652 ratione
1099 1591 1251 1653 deficiunt.
1294 1594 1446 1671 perfectae
1479 1592 1617 1672 qualitatis
1708 1594 1709 1657 3

340 1693 478 1763 verbum,
501 1700 535 1753 ut
557 1700 602 1754 est
622 1694 702 1772 lego,
726 1713 780 1774 per
802 1697 901 1754 omnia
924 1701 1058 1775 tempora
1080 1694 1256 1754 declinatur.
1299 1696 1535 1775 frequentativae
1555 1713 1617 1774 qua·

341 1796 432 1856 litatis
460 1794 585 1856 verbum
613 1815 731 1877 semper
759 1799 873 1876 primae
910 1798 1126 1874 coniugationis
1158 1803 1213 1856 est.
1256 1797 1445 1858 meditativae
1478 1796 1615 1877 qualitatis
1708 1828 1709 1833 κ

340 1896 464 1958 verbum
492 1916 508 1957 a
536 1899 668 1976 perfecta
695 1901 789 1960 forma
812 1901 941 1959 sumitur
962 1915 1098 1977 semper,
1122 1905 1154 1958 ut
1176 1917 1193 1958 a
1214 1899 1280 1976 lego
1301 1899 1438 1960 lecturio.
1482 1898 1615 1958 inchoati·

340 2017 392 2058 vae
416 2017 485 2059 vero
507 1999 656 2078 qualitatis
678 2000 801 2061 verbum
824 2003 887 2062 fere
910 2021 926 2061 a
948 2001 1076 2062 neutrali
1105 1998 1196 2061 verbo
1218 2003 1300 2061 venit
1321 2009 1352 2062 et
1373 2019 1433 2062 non
1454 2002 1645 2080 peronnae

341 2107 473 2179 tempora
496 2100 677 2171 declinatur,
701 2105 770 2181 quia
793 2121 868 2183 quae
886 2086 1069 2163 'inchoantur
1083 2103 1279 2182 praeteritum
1300 2111 1418 2182 tempus
1432 2121 1492 2162 non
1505 2101 1614 2162 habent.

341 2220 374 2262 ac
408 2202 443 2262 de
472 2203 604 2281 perfecta
632 2205 728 2264 forma
757 2205 833 2266 nihil
861 2204 930 2284 plus
951 2204 1109 2264 verborum
1131 2203 1320 2264 adiciendum
1342 2212 1405 2273 est,
1427 2207 1535 2284 quippe
1559 2223 1615 2263 eum
1708 2220 1709 2229 ¹

341 2312 372 2364 et
393 2305 477 2384 plura
500 2309 559 2366 iam
581 2305 658 2368 dicta
682 2308 757 2376 sint,
781 2313 811 2367 et
832 2325 887 2386 per
908 2314 1008 2368 cetera
1028 2306 1192 2367 accidentia
1214 2306 1299 2384 plura
1323 2305 1448 2367 dicenda
1469 2307 1535 2366 sint.
1566 2307 1616 2366 fre·

341 2410 544 2486 quentativam
572 2425 644 2486 ergo
672 2409 797 2470 formam
820 2409 980 2487 diligenter
1002 2407 1145 2469 dehemus
1167 2407 1333 2468 advertere.
1377 2409 1458 2468 venit
1479 2410 1558 2468 enim
1577 2409 1616 2467 in·

341 2508 459 2569 tendum
481 2529 496 2570 a
520 2511 653 2588 perfecta
677 2511 781 2580 forma,
804 2518 838 2571 ut
860 2531 876 2572 a
899 2517 985 2572 cantu
1007 2512 1134 2579 cantito;
1157 2517 1188 2570 et
1208 2510 1359 2570 interdurn
1382 2512 1415 2570 in
1436 2517 1498 2570 tres
1518 2509 1646 2586 gradosa

340 2611 462 2671 deducit
482 2612 620 2682 verbum,
644 2618 678 2671 ut
693 2629 783 2672 curro
804 2631 891 2673 curso
907 2615 1034 2682 cursito,
1058 2613 1208 2673 interdum
1230 2613 1263 2672 in
1284 2611 1374 2681 duoS,
1397 2619 1431 2672 ut
1453 2612 1516 2673 volo
1536 2611 1617 2671 volito

340 2720 370 2773 et
391 2712 447 2774 hoc
470 2716 567 2794 ipsum
590 2720 677 2775 canto
700 2717 819 2774 cantito.
852 2716 1002 2776 interdum
1024 2717 1148 2775 veniunt
1168 2716 1232 2774 sinc
1255 2715 1372 2791 origine
1394 2714 1543 2792 perfectae
1564 2713 1617 2772 for·

340 2834 405 2877 mae
429 2824 458 2875 et
480 2818 697 2897 frequentativa
719 2817 898 2887 creduntur,
922 2825 955 2877 ut
976 2819 1081 2896 pitisso
1103 2816 1215 2877 vacillo.
1260 2815 1412 2877 interdum
1433 2818 1517 2895 quasi
1538 2816 1618 2875 dini·

341 2919 472 2978 nutionis
495 2920 625 2997 speeiem
647 2926 769 2996 gerunt,
794 2937 861 2979 cum
883 2920 944 2979 sint
965 2920 1197 2999 frequentativa,
1220 2923 1255 2977 nt
1269 2916 1377 2979 sorbeo
1398 2917 1533 2986 sorbillo,
1556 2934 1618 2993 sug·

340 3036 411 3095 gero
439 3018 574 3097 suggillo.
618 3020 769 3081 interdum
798 3020 931 3098 regulam
958 3022 1186 3101 frequentativis
1213 3018 1311 3081 datam
1339 3037 1399 3079 uon
1427 3027 1560 3090 servant,
1587 3025 1650 3079 ext3

341 3139 400 3200 quo
428 3127 552 3200 possunt
579 3120 673 3181 videri
702 3123 919 3201 frequentativa
947 3141 1006 3182 non
1037 3140 1118 3191 esse,
1149 3129 1181 3182 ut
1202 3123 1315 3183 facesso
1337 3122 1476 3192 facessis,
1504 3139 1619 3201 capesso

341 3225 481 3303 capessis.
525 3241 591 3285 cum
622 3226 701 3284 enim
730 3226 828 3285 omnia
857 3224 1074 3304 frequentativa
1099 3225 1214 3303 primae
1236 3225 1455 3301 coniugationis
1477 3226 1553 3294 sint,
1575 3224 1619 3283 hie

342 3327 429 3385 tertia
445 3326 615 3403 coniugatio
630 3333 684 3387 est.
712 3326 870 3405 quaedam,
894 3326 974 3406 quod
995 3326 1032 3388 ad
1053 3328 1180 3387 formam
1200 3328 1296 3405 ipsam
1316 3328 1462 3404 pertinet,
1486 3328 1620 3407 frequen·

342 3429 430 3487 tativa
452 3426 630 3498 creduntur,
659 3426 711 3487 sed
739 3446 794 3489 usu
822 3427 961 3508 loquendi
990 3447 1045 3508 pro
1066 3428 1246 3489 meditativis
1268 3434 1319 3487 aut
1340 3427 1518 3489 inchoativis
1539 3446 1621 3488 usur·

340 3536 463 3607 pantur,
493 3536 525 3588 ut
554 3536 599 3589 est
627 3528 741 3589 dormio
762 3530 899 3591 dormito.
943 3531 1089 3591 namhoc
1111 3530 1239 3590 dormito
1260 3530 1356 3606 magis
1378 3548 1434 3608 pro
1455 3530 1654 3591 meditativae

340 3638 391 3691 aut
412 3631 580 3691 inchoativo
602 3630 661 3691 dici
683 3638 794 3709 potest,
818 3650 906 3712 quam
929 3651 983 3712 pro
1005 3633 1232 3711 frequentativo.
1262 3633 1341 3692 scire
1363 3638 1463 3692 autem
1484 3631 1623 3692 debemus

340 3735 430 3795 etiarn
452 3753 468 3795 a
490 3731 662 3794 nominibus
691 3734 756 3792 fieri
778 3734 995 3815 frequentativa
1017 3735 1122 3795 verba:
1150 3733 1187 3795 ab
1210 3733 1400 3813 appellativo,
1423 3740 1458 3793 ut
1478 3734 1623 3811 graecizat

340 3835 464 3897 sieilizat
486 3836 627 3913 patrizat,
652 3854 668 3895 a
690 3838 826 3915 proprio,
851 3844 883 3897 ut
903 3836 1065 3898 lentullaat.
1109 3838 1141 3897 in
1163 3836 1339 3897 inchoativis
1360 3854 1477 3915 quoque
1498 3834 1623 3915 quadam

340 3935 593 3997 animadversione
617 3955 692 4015 opus
717 3933 722 4020 l
748 3946 802 3999 est.
847 3957 914 3999 narn
941 3956 1009 3999 curn
1036 3958 1053 3998 a
1080 3938 1206 3999 neutrali
1227 3936 1318 3998 verbo
1339 3939 1489 4017 perfectae
1513 3937 1624 3997 formae

339 4056 458 4117 semper
479 4038 543 4097 fere
566 4045 740 4111 nascantur,
764 4046 797 4102 ut
818 4040 926 4100 horreo
949 4039 1105 4111 horresco,
1129 4042 1321 4101 inveniuntur
1338 4041 1404 4101 sine
1420 4042 1536 4117 origine
1558 4055 1623 4118 per-
1637 4046 1657 4083 τ’)

1707 9 1710 149 l

1708 608 1710 731 t

406 4296 423 4345 4
443 4294 528 4345 factito
546 4294 686 4345 Siclerdue
703 4294 778 4343 facito
795 4292 886 4345 BML
955 4294 1071 4343 accidunt
1089 4294 1154 4345 ΒΜ
1157 4297 1181 4345 L
1253 4294 1285 4346 12
1300 4294 1452 4360 declinatur]
1470 4295 1584 4345 decurrit
1597 4290 1627 4341 M

409 4364 441 4416 ld
458 4380 517 4415 vero
535 4365 622 4416 oucB
692 4366 795 4415 licum
813 4362 847 4431 et]
870 4372 895 4414 et
911 4380 968 4414 eum
986 4364 1077 4415 BML
1145 4365 1177 4415 21
1198 4365 1223 4414 iu
1242 4365 1307 4415 duos
1324 4376 1350 4415 et
1368 4364 1560 4430 frequentatina
1575 4379 1627 4413 ere·

338 4433 431 4483 ‹luntur
445 4434 570 4500 (creditur
583 4433 651 4499 BL)
668 4442 695 4483 ut
712 4434 771 4484 uolo
789 4435 879 4485 BML
947 4433 982 4484 23
997 4436 1094 4501 pytisso
1112 4436 1137 4485 L
1205 4437 1240 4485 24
1258 4450 1352 4502 sugero
1366 4435 1460 4501 sugillo
1475 4449 1549 4485 corr.
1567 4450 1626 4498 sug·

338 4516 399 4569 gero
419 4504 532 4570 suggillo
549 4504 582 4554 M
665 4505 699 4555 26
718 4506 819 4568 cepisse
836 4503 944 4568 eapissis
957 4506 981 4554 L
1069 4504 1103 4555 28
1120 4505 1188 4569 qnod
1207 4502 1286 4569 (quae
1301 4505 1346 4571 M)
1365 4505 1399 4555 ad
1420 4505 1529 4554 formam
1547 4506 1626 4569 ipsam

338 4574 457 4635 loquendi
475 4576 599 4638 pertinent
619 4573 805 4638 frequentatiuu
819 4575 957 4625 ereduntur
973 4574 1018 4625 sed
1035 4588 1084 4624 risu
1095 4590 1140 4640 pro
1154 4574 1217 4625 ΒΜ
1221 4576 1247 4625 L
1314 4574 1350 4627 30
1363 4574 1487 4623 namhoc
1505 4572 1627 4637 megisti

406 4641 437 4693 31
456 4642 506 4693 dici
525 4644 606 4709 potuit
627 4644 721 4710 (possit
739 4644 774 4708 L)
793 4660 868 4707 quam
888 4645 1074 4707 frequentatluo
1092 4644 1154 4695 ML
1222 4646 1288 4694 seire
1306 4652 1389 4694 utitem
1409 4644 1534 4693 debemus
1553 4646 1625 4691 etiarn

337 4710 389 4761 fleri
412 4728 427 4761 e
448 4714 594 4763 nominibus
613 4715 669 4764 BL
692 4714 758 4763 scire
779 4717 855 4765 etiam
879 4715 1033 4764 debemnsa
1057 4716 1201 4764 nominibus
1221 4714 1276 4763 fleri
1295 4715 1329 4765 M
1410 4712 1443 4765 32
1469 4723 1500 4763 nt
1518 4713 1627 4780 patrizat

338 4783 452 4847 grecizat
476 4784 587 4833 sicliscat
604 4798 619 4831 a
637 4784 740 4848 proprio
758 4792 785 4833 ut
808 4785 951 4835 leutullscat
969 4784 1000 4832 M
1086 4784 1121 4835 33
1145 4785 1170 4833 in
1189 4784 1342 4835 inchoatinis
1358 4783 1516 4836 siccardus.-
1534 4786 1563 4833 in
1581 4800 1626 4833 on.

338 4852 399 4900 BM
406 4855 430 4903 L
499 4851 533 4903 35
553 4854 716 4903 inueniuntur
733 4860 757 4903 et
771 4854 826 4905 sine
845 4854 878 4904 M
895 4855 1057 4905 inueniuntur
1076 4862 1159 4904 umen
1176 4855 1231 4904 siue
1248 4852 1387 4905 Sieltardua
