3525 5600
325 387 389 454 454
645 423 650 435 =
879 389 1063 453 structus

351 511 373 552 p.
388 501 431 542 tou.
444 499 468 540 61
483 497 506 538 L.
1204 529 1210 553 1
1417 508 1438 549 p.
1451 497 1541 537 2150-5!
1552 497 1569 537 l'.

326 598 362 640 ar
384 597 501 659 quoque
524 578 640 647 velex,
664 587 697 639 ut
720 595 790 638 voro
812 596 916 648 vorax,
947 578 1041 639 audeo
1064 578 1173 647 audax,
1197 586 1296 638 tumeo
1317 585 1434 644 tumax,
1457 585 1590 638 contumeo

327 677 340 761 11
364 689 534 750 contumax,
556 685 643 740 teneo
665 688 765 750 tenax,
789 651 856 740 alico
878 679 977 749 dicax,
1001 682 1087 761 capio
1102 699 1209 760 capax,
1234 681 1319 759 rapio
1334 698 1441 758 rapax,
1464 684 1591 760 perspicio

325 784 494 862 perspicax,
519 782 616 842 cilicio
639 783 756 852 ellleam
780 782 850 842 lallo
872 782 976 851 fallax,
1000 800 1066 842 emo
1088 801 1187 851 emas,
1211 785 1277 840 vivo
1299 783 1398 849 vivax,
1422 783 1499 858 sagio
1519 779 1590 860 (unde

326 883 496 962 praesagio)
526 900 631 960 sagax,
660 883 734 944 salio
762 883 842 944 salax
873 882 967 962 (unde
996 883 1238 963 ‘caudamque
1266 885 1446 944 salacem'
1474 882 1591 944 Horatius

325 1002 494 1045 sermonum
523 984 601 1046 libro
622 984 666 1067 l),
697 988 824 1046 mentior
846 985 986 1054 mendax,
1016 985 1094 1045 lateo
1117 985 1207 1054 latex,
1237 993 1321 1045 verto
1342 992 1456 1044 vortex.
1496 987 1523 1045 in
1542 995 1610 1046 ter-⁵

325 1085 537 1147 minationibus
560 1095 657 1148 autem
681 1087 897 1166 incipientibus
912 1107 928 1148 a
942 1094 1123 1148 consonante
1137 1105 1304 1148 consonans
1325 1085 1502 1146 antecedens
1515 1090 1590 1166 ipsam

325 1191 501 1267 positionem
532 1189 613 1250 verbi
641 1191 791 1250 invenitur
818 1188 1001 1268 praecedens
1023 1190 1152 1250 nominis
1174 1188 1352 1258 clausulam,
1377 1191 1409 1248 in
1433 1191 1519 1267 prima
1538 1193 1590 1270 qui-

325 1291 392 1351 dem
414 1292 621 1368 coniugatione
644 1310 661 1352 a
682 1299 840 1370 sequente,
865 1293 897 1351 in
919 1290 1045 1370 reliquis
1059 1299 1159 1352 autem
1180 1294 1205 1360 i,
1231 1294 1260 1350 in
1284 1289 1388 1350 bulum
1410 1291 1456 1350 vet
1478 1293 1506 1350 in
1526 1290 1590 1354 bilis.

325 1403 357 1454 ut
379 1402 424 1455 sto
446 1401 507 1455 stas
530 1393 692 1462 stabulum,
721 1411 793 1452 voco
816 1411 902 1452 vocas
925 1391 1115 1462 vocabulum,
1144 1400 1233 1471 pateo
1254 1400 1340 1470 pates
1363 1391 1535 1470 patibulum,
1555 1395 1591 1453 in·

325 1495 415 1556 lundo
438 1495 571 1556 infundis
594 1493 828 1563 infundibulum,
853 1496 925 1554 item
947 1501 993 1554 sto
1008 1503 1069 1555 stas
1084 1493 1217 1564 stabilis;
1242 1497 1312 1553 item
1337 1497 1367 1553 in
1390 1492 1517 1561 bundus,
1538 1507 1620 1554 centu

325 1616 408 1658 erras
437 1597 637 1667 errabundus,
668 1596 737 1657 ludo
765 1596 842 1657 ludis
870 1595 1067 1666 ludibundus,
1101 1598 1213 1657 morior
1248 1599 1377 1656 moreris
1409 1595 1592 1658 moribundus.
1703 1582 1705 1595 '

325 1699 391 1759 iuro
414 1700 489 1760 luris
512 1698 700 1761 furibundus.

410 1801 485 1862 Sunt
517 1808 548 1862 et
579 1801 654 1862 aliae
687 1801 835 1862 clausulas
868 1802 1021 1861 nominum
1055 1819 1072 1861 a
1105 1803 1254 1880 praesenti
1288 1799 1448 1860 verborum
1480 1810 1593 1880 tempore

324 1893 478 1964 veirientes
500 1921 557 1964 non
580 1911 640 1964 tarn
662 1902 816 1980 generales
839 1921 894 1962 nec
917 1903 961 1962 sic
983 1905 1014 1962 in
1037 1902 1138 1962 multis
1161 1904 1298 1962 inventae
1320 1901 1502 1970 nominibus,
1523 1911 1551 1962 ut
1570 1906 1593 1962 iu

324 2005 407 2066 avel
432 2007 462 2064 in
485 2005 530 2066 ela
553 2005 599 2066 vel
621 2007 652 2064 in
676 2022 747 2065 erna
772 2003 815 2064 vel
839 2005 870 2063 in
895 2005 944 2064 ina
967 2003 1013 2063 vel
1036 2006 1067 2063 in
1089 2003 1129 2064 ile
1153 2004 1198 2064 vel
1221 2006 1252 2064 in
1275 2023 1292 2062 o
1314 2004 1361 2063 vel
1383 2006 1413 2064 in
1436 2004 1491 2064 edo
1511 2004 1550 2063 rel
1570 2007 1621 2063 ine·

325 2107 375 2166 ido
403 2107 446 2166 vel
476 2108 507 2165 in
536 2108 565 2166 io
594 2106 640 2166 vel
668 2108 699 2166 in
728 2123 762 2166 us
791 2104 835 2166 vel
859 2107 890 2165 in
914 2124 964 2165 um
987 2105 1030 2166 vel
1055 2107 1085 2166 in
1114 2104 1411 2166 rum'desinentibus
1434 2113 1594 2166 consonante

325 2209 481 2288 positionis
503 2209 706 2277 antecedente,
730 2215 762 2267 ut
785 2207 887 2268 scribo
909 2208 1022 2277 scriba,
1047 2206 1127 2268 nubo
1149 2207 1301 2287 pronuba,
1332 2209 1415 2284 iugio
1437 2209 1517 2284 luga,
1539 2225 1595 2286 per-

324 2311 406 2388 lugio
428 2311 566 2390 perfuga,
590 2311 714 2372 advenio
737 2308 862 2379 advena,
887 2312 1030 2370 convenio
1053 2327 1196 2379 convena,
1226 2310 1305 2369 lenio
1328 2309 1409 2378 lena,
1432 2327 1536 2388 sequor
1554 2309 1594 2368 ad·

324 2412 437 2482 secula,
460 2412 526 2472 colo
548 2411 701 2480 caelicola,
725 2413 814 2489 gigno
836 2411 880 2471 rel
904 2413 1024 2490 antique
1039 2429 1116 2488 gono
1131 2413 1298 2488 terrigena,
1324 2413 1388 2471 viro
1410 2413 1541 2480 convira3
1560 2412 1595 2469 sio

324 2513 440 2574 insideo
462 2514 588 2576 insidiae
611 2513 768 2593 pluraliter
792 2520 916 2574 tantum.
960 2515 1033 2572 item
1055 2512 1168 2574 candeo
1190 2512 1328 2581 candela,
1352 2511 1462 2574 suadeo
1483 2511 1623 2573 suadelae·¹
1703 2540 1704 2543 ¹

324 2614 408 2676 luceo
436 2617 557 2676 lucerna
585 2615 630 2676 vel
659 2617 748 2676 etiam
776 2615 890 2683 lucina,
920 2615 998 2675 lateo
1025 2613 1154 2683 laterna,
1185 2634 1239 2674 ruo
1262 2617 1362 2683 ruina,
1392 2615 1475 2694 rapio
1497 2616 1594 2692 rapina,

323 2716 400 2776 cubo
427 2717 608 2788 concubina;
636 2719 709 2778 item
736 2716 814 2776 cubo
841 2716 957 2786 nubile,
987 2716 1077 2775 sedeo
1104 2716 1207 2777 sedile.
1251 2719 1323 2776 item
1346 2718 1377 2776 in
1399 2737 1417 2774 o
1439 2715 1593 2777 masculina.

325 2828 356 2882 ut
379 2820 483 2900 epulor
510 2820 611 2899 epulo,
640 2820 717 2881 lateo
744 2820 834 2889 latro,
864 2820 944 2881 lenio
971 2820 1054 2889 leno;
1083 2820 1206 2880 comedo
1233 2820 1321 2899 palpo
1343 2818 1470 2879 verbero
1491 2817 1594 2885 incubo,

325 2922 394 2982 licet
417 2925 447 2983 in
471 2922 574 2983 eadem
596 2942 667 2982 voce
691 2930 749 2982 tam
773 2921 862 2982 verba
886 2929 957 2982 suut
989 2940 1077 3001 quarn
1099 2922 1229 2982 nomina.
1274 2924 1419 2983 feminina
1441 2939 1551 3001 quoque
1570 2921 1594 2978 iu

323 3024 379 3084 cdo
408 3024 453 3104 vel
482 3026 513 3085 in
541 3023 605 3093 ido,
635 3030 667 3084 ut
694 3030 797 3102 torpeo
822 3024 960 3103 torpedo,
990 3026 1079 3103 cupio
1101 3024 1222 3103 cupido,
1245 3022 1321 3085 libet
1342 3023 1451 3084 libido:
1484 3021 1624 3082 terendos

324 3128 395 3186 item
423 3134 453 3185 et
480 3125 575 3201 caligo
603 3143 748 3205 propago,
778 3126 917 3187 similiter
945 3132 979 3185 ut
1000 3126 1136 3194 comedo,
1166 3128 1198 3185 in
1220 3126 1324 3187 eadem
1346 3144 1419 3186 voce
1440 3132 1497 3187 tam
1518 3122 1595 3185 rerba

323 3246 410 3306 quam
440 3229 558 3287 nomina
586 3234 666 3287 sunt.
711 3228 783 3288 item
812 3230 841 3288 in
870 3230 900 3288 io
927 3246 1058 3308 quoque,
1089 3236 1122 3288 ut
1146 3226 1158 3307 1
1187 3230 1295 3307 opinor
1322 3230 1439 3307 opinio,
1467 3230 1595 3305 suspicor,

323 3331 466 3407 suspicio.
505 3331 536 3389 in
560 3346 734 3409 usqueque
757 3330 832 3391 liunt
854 3329 1048 3390 antecedente
1071 3336 1252 3390 consonante
1273 3331 1445 3409 positionis,
1468 3338 1501 3389 ut
1519 3346 1596 3407 plano

326 3448 445 3509 parcus,
475 3449 546 3491 coco
566 3448 670 3517 ¹cocus,
700 3430 769 3491 ludo
792 3430 893 3500 luduS,
917 3430 974 3491 lide
998 3431 1002 3511 1
1026 3432 1114 3501 lidus,
1139 3432 1237 3511 pando
1258 3432 1389 3511 panduS,
1413 3430 1496 3491 luceo
1515 3431 1595 3490 lucus.

325 3550 412 3591 arceo
434 3551 533 3601 arcus,
563 3542 662 3593 metuo
689 3542 800 3603 metus,
829 3533 950 3611 gradior
972 3533 1084 3610 gradus
1107 3531 1185 3612 [seio
1206 3535 1288 3593 scius
1310 3533 1478 3593 multiscius
1498 3533 1624 3593 insciuse

324 3636 492 3713 praescius,
516 3634 576 3695 lluo
598 3634 710 3695 relluus
731 3633 957 3715 septemfluus];
985 3637 1029 3696 sic
1050 3634 1169 3696 invideo
1191 3636 1323 3704 invidus,
1347 3636 1485 3715 prologio
1505 3635 1593 3714 prolu-

324 3754 394 3813 guS,
423 3755 439 3796 a
467 3738 545 3798 lacio
571 3736 719 3797 luctificus
745 3738 895 3797 terrilicus
921 3737 1066 3799 laetificus
1095 3737 1247 3798 beneficus
1274 3738 1425 3799 maleficus
1452 3740 1593 3797 veneticus.

324 3856 339 3897 a
368 3837 435 3898 dico
463 3835 602 3899 fatidicus
630 3838 785 3899 veredicus
813 3838 988 3908 maledicere,
1019 3858 1034 3900 a
1063 3840 1128 3900 volo
1155 3841 1201 3899 vis
1223 3839 1379 3901 benivolus
1399 3838 1556 3903 malivolus,
1581 3855 1594 3894 a

324 4011 504 4018 --.-.—-.
529 4012 535 4017 .
554 4010 604 4018 —-
615 4014 621 4019 ,.

395 4112 510 4161 ltumnx
529 4120 661 4161 eontumeo
677 4112 766 4162 ena.B
835 4112 943 4177 lcapio
958 4126 1041 4177 capax
1059 4113 1104 4162 Bt
1121 4126 1195 4161 caree
1208 4128 1284 4162 carex
1298 4113 1342 4174 Ρ1·
1406 4112 1509 4175 usagio
1525 4122 1595 4173 sagax

324 4181 390 4229 triade
410 4182 544 4246 praesagio
561 4182 585 4228 Ρ
600 4182 674 4247 sagio
693 4196 773 4247 sagax
793 4183 859 4231 unde
877 4183 1013 4247 praesagio
1033 4190 1204 4247 praesagere
1274 4184 1290 4232 5
1307 4196 1453 4231 sermonum
1469 4183 1494 4229 in
1514 4179 1594 4228 librol

325 4253 360 4301 1¹:
380 4252 444 4305 [dor.
462 4258 511 4304 sat.
533 4252 582 4309 1⁶2,
601 4254 634 4302 15
721 4250 738 4301 9
757 4259 815 4313 post
831 4252 959 4300 stabulum
978 4252 1036 4303 ead.
1056 4268 1120 4306 mea.
1137 4260 1228 4314 posteo
1245 4253 1307 4301 odd
1327 4253 1386 4299 item
1402 4252 1498 4300 stabilis
1514 4250 1538 4299 B

327 4322 358 4370 111
375 4321 433 4369 item
451 4330 491 4370 sto
509 4319 583 4369 abilis
602 4328 613 4369 t
632 4322 689 4370 item
709 4321 734 4369 ln
755 4321 813 4370 bilis
832 4329 870 4369 sto
889 4321 1065 4384 destabilis!
1077 4321 1144 4371 insto
1165 4322 1246 4371 iustas
1264 4320 1390 4371 instabilis
1405 4322 1437 4385 Ρ,
1455 4321 1538 4372 οιι.Β

326 4390 356 4441 14
373 4392 398 4439 1ιι
418 4390 488 4440 auel
507 4390 532 4437 ln
555 4382 656 4439 ella'uel
675 4392 700 4439 in
720 4388 767 4439 ena
786 4390 826 4440 uel
846 4392 871 4439 in
891 4406 951 4439 erna
970 4392 1009 4442 uel
1025 4392 1051 4440 in
1071 4392 1113 4440 ima
1130 4392 1171 4441 uel
1191 4392 1217 4440 in
1236 4390 1259 4440 le
1279 4391 1319 4439 uel
1338 4392 1365 4439 iu
1383 4407 1399 4440 o
1417 4390 1457 4439 uel
1481 4393 1504 4438 in
1522 4390 1546 4437 io
1561 4386 1594 4433 net

324 4462 348 4508 in
368 4474 398 4508 ns
413 4459 587 4510 desinentibus
603 4460 629 4509 B
685 4461 715 4511 16
734 4461 757 4509 1ιι
775 4458 816 4525 us]
837 4462 860 4509 in
878 4476 908 4509 us
922 4461 963 4511 uel
979 4462 1004 4509 in
1017 4462 1058 4510 ius
1072 4462 1096 4509 P
1147 4462 1178 4511 li
1198 4462 1315 4525 per-logio
1332 4460 1440 4525 perfuga
1457 4460 1551 4525 relegio
1564 4473 1595 4503 re-

323 4528 428 4595 lugab'
500 4528 533 4579 18
556 4528 675 4579 adsecula
695 4529 720 4577 P
738 4529 854 4579 assecula
872 4530 898 4579 B
916 4531 1046 4581 adseclat
1070 4532 1203 4592 asseclas
1270 4530 1302 4580 lu
1322 4531 1362 4579 rael
1381 4529 1595 4593 utanthuidiee·

324 4600 382 4648 itant
400 4614 467 4665 geno
486 4608 509 4649 t:
528 4599 567 4647 vel
585 4615 630 4654 om,
650 4599 677 4650 B
746 4600 780 4650 20
799 4600 898 4650 insideo
916 4602 995 4661 (corr.
1012 4602 1092 4662 dior)
1115 4601 1223 4650 insidiae
1242 4598 1267 4649 B
1283 4600 1376 4648 insidio
1394 4599 1473 4663 (corr.
1492 4600 1525 4650 el.
1538 4610 1587 4643 meta

322 4668 395 4728 -deol
414 4670 522 4720 insidiae
541 4670 565 4718 Ρ
582 4670 689 4719 insidior
704 4670 813 4719 insidiae
827 4676 849 4719 t:
868 4669 903 4731 cs,
917 4684 943 4732 p.
962 4669 1033 4721 2190
1120 4671 1225 4720 candela
1244 4670 1325 4733 (corr.
1345 4670 1421 4733 ella)
1437 4670 1529 4721 suadeo
1544 4680 1595 4712 sns-

323 4738 389 4802 della
408 4738 432 4789 B
501 4738 535 4789 ³2
553 4739 616 4789 orabo
634 4739 774 4789 concubina
795 4738 935 4803 (superscr.
952 4739 990 4803 et)
1007 4739 1091 4789 cubile
1108 4739 1134 4788 B
1203 4740 1238 4789 att
1259 4740 1376 4789 similiter
1393 4750 1421 4790 ut
1438 4739 1538 4787 comedo
1553 4746 1562 4785 r
1576 4743 1596 4781 et

324 4806 439 4857 similiter
457 4808 540 4872 (corr.
559 4810 675 4859 similiter
694 4818 721 4858 ut
740 4809 776 4869 B)
795 4810 901 4859 comedo
918 4809 974 4859 BP
1041 4810 1075 4858 et
1092 4816 1152 4859 sunt
1171 4812 1228 4859 item
1246 4824 1292 4858 om.
1314 4810 1339 4858 P
1407 4811 1441 4861 28
1459 4802 1597 4873 suspitio!⁰

392 4876 424 4927 3⁶2
444 4876 584 4943 veneticus]
605 4878 726 4929 uenillcns
743 4880 803 4945 Ber
848 4878 881 4931 :ti
902 4881 961 4928 item
979 4895 994 4929 a
1011 4880 1069 4931 dico
1083 4878 1108 4929 P
