3525 5600
769 389 839 450 nus
1388 386 1451 451 535

1253 508 1274 550 p.
1288 497 1387 538 1867-oe
1401 495 1424 536 P.

157 581 231 640 lacit
264 577 373 640 facilia.
419 579 461 640 sio
495 595 567 656 ergo
599 595 653 658 ρει
688 579 786 638 omnia
820 576 994 638 observabis
1022 578 1053 638 in
1083 576 1192 638 talibus
1220 576 1373 638 dumtaxat
1399 596 1450 637 uo·

157 664 300 725 minibus.

243 748 307 811 lilia
330 749 447 828 regula:
470 767 564 826 genus
587 756 725 808 neutrum
749 767 910 828 numquam
931 751 963 808 in
987 749 1169 808 nominativo
1191 747 1281 808 babet
1302 766 1319 808 a
1340 747 1399 807 nisi
1420 749 1451 806 in

156 838 290 912 graeciS,
315 842 346 895 ιιι
367 841 438 914 puta
464 834 582 894 scbema
606 833 719 904 thema,
743 834 832 894 buius
854 833 1014 894 schematis
1037 834 1185 894 thematis.
1210 852 1269 912 quo
1291 833 1378 893 modo
1399 850 1450 910 ge·

129 936 214 980 snus
238 921 416 981 femininum
437 922 469 980 iu
492 920 673 980 nominativo
695 937 855 998 numquam
880 921 994 979 exitia
1017 937 1033 978 ε
1056 921 1113 980 nisi
1136 921 1168 979 in
1189 920 1320 996 graecis,
1344 925 1378 979 ut
1392 919 1451 978 Αιι·

155 1006 328 1067 dromacbe.

243 1092 345 1153 Genus
367 1098 505 1151 neutrum
528 1108 595 1150 cum
618 1091 648 1150 in
673 1107 708 1149 us
730 1091 838 1150 exierit
859 1090 1054 1158 nominativo,
1070 1107 1194 1149 necesse
1217 1096 1262 1149 εει
1284 1097 1316 1148 ιιι
1338 1096 1452 1148 crescat

155 1195 215 1236 una
239 1176 350 1257 syllaba
373 1179 403 1236 in
427 1177 565 1254 genetivo
587 1182 617 1234 et
640 1173 799 1234 ablativum
822 1176 853 1234 in
876 1193 892 1232 c
916 1177 1028 1243 mittat,
1053 1184 1085 1235 ut
1099 1181 1170 1254 puta
1185 1174 1241 1234 boc
1256 1193 1349 1253 pecus
1363 1175 1452 1234 buius

154 1265 278 1340 pecoris
301 1261 338 1323 ab
361 1262 415 1322 boc
438 1279 563 1341 pecore,
586 1259 641 1319 boc
658 1260 772 1320 lacinus
789 1260 877 1320 buius
892 1260 1035 1319 facinoris
1057 1259 1093 1320 ab
1116 1260 1172 1320 boc
1195 1261 1341 1319 facinore:
1365 1278 1451 1338 prae·

116 1363 139 1401 ιο
154 1356 203 1406 ter
227 1346 333 1425 vulgus
361 1354 392 1406 et
419 1347 556 1426 pelagus,
586 1347 654 1424 quia
683 1345 786 1422 vulgus
815 1345 892 1424 apud
915 1347 1053 1423 antiquos
1074 1352 1133 1405 tam
1157 1344 1320 1406 masculino
1341 1362 1451 1422 genere

152 1433 272 1492 dictum
295 1439 339 1492 est
361 1451 450 1512 quam
472 1439 588 1492 neutro.
634 1430 757 1509 polagus
779 1449 849 1506 vqro
872 1430 940 1491 ideo
963 1429 999 1490 ad
1021 1429 1097 1490 hanc
1119 1430 1254 1507 regulam
1276 1449 1334 1490 non
1357 1433 1450 1509 perti·

152 1525 223 1586 ιιει,
248 1519 319 1598 quia
340 1535 481 1596 graecum
503 1523 558 1576 ost.

244 1603 344 1664 Genus
372 1609 510 1662 neutrum
538 1601 656 1680 quando
684 1603 713 1660 in
742 1603 925 1662 nominativo
952 1599 1042 1660 babet
1069 1619 1135 1669 um,
1165 1598 1169 1678 l
1200 1600 1337 1677 genetivo
1365 1618 1452 1679 pares

152 1687 286 1766 syllabas
309 1688 374 1757 dat,
398 1694 430 1748 ut
453 1695 523 1766 puta
553 1686 608 1746 lvoc
637 1686 779 1765 templum
807 1687 898 1748 buius
925 1685 1040 1765 templi,
1070 1684 1125 1746 boo
1154 1684 1245 1746 telum
1272 1685 1362 1746 huius
1389 1685 1450 1746 teli.

114 1786 138 1826 1⁵
152 1791 255 1849 genus
278 1781 417 1834 neutrum
446 1771 563 1852 quando
591 1773 621 1832 iu
650 1773 831 1832 nominativo
859 1771 951 1832 babet
974 1773 1051 1840 ium,
1074 1772 1106 1831 in
1128 1773 1266 1848 genetivo
1288 1773 1452 1849 geminati

152 1859 300 1928 litteram,
324 1866 357 1918 ut
378 1865 446 1936 puta
469 1857 525 1916 boc
547 1856 685 1934 gaudium
709 1857 796 1916 buius
819 1857 928 1933 gaudii,
952 1856 1009 1916 boc
1030 1857 1190 1935 imperium
1213 1855 1301 1916 buius
1323 1857 1451 1934 imperii,

150 1942 212 2002 boc
242 1945 397 2020 ingenium
427 1941 516 2002 buius
543 1943 667 2018 ingenii.
713 1943 755 2000 sic-
783 1940 956 2001 observabis
982 1943 1014 2002 in
1041 1943 1165 2010 ceteris,
1200 1942 1269 2021 quia
1297 1943 1453 2018 genetivus

150 2031 257 2088 minor
280 2043 346 2088 esse
369 2046 428 2088 non
451 2026 541 2087 debet
564 2027 752 2087 nominativo.
797 2045 864 2087 nam
888 2028 970 2085 etin
992 2044 1103 2103 genere
1127 2025 1289 2086 masculino
1311 2027 1336 2086 si
1357 2028 1451 2086 nomi·

151 2117 278 2175 nativus
299 2115 347 2174 ius
368 2112 524 2180 babuerit,
549 2130 669 2172 necesso
693 2114 788 2172 estin
811 2114 949 2189 genetivo
964 2114 1096 2188 geminet
1116 2113 1140 2180 i,
1165 2118 1281 2191 utputa
1303 2111 1353 2170 bic
1375 2111 1453 2172 tilius

109 2213 135 2250 2¹⁰
149 2198 247 2260 buius
276 2199 345 2268 tilii,
374 2199 423 2258 bic
452 2197 618 2258 blnrcurius
646 2197 734 2256 buius
761 2196 919 2266 llercurii,
954 2197 1004 2257 bic
1031 2198 1137 2274 genius
1164 2196 1251 2256 buius
1278 2198 1373 2274 genii,
1402 2196 1452 2256 bic

150 2283 252 2344 lulius
275 2283 362 2344 huius
385 2281 461 2343 lulii.
507 2285 531 2342 si
554 2301 625 2342 vcro
648 2283 846 2343 nominativus
868 2301 904 2343 us
926 2288 1041 2342 tautum
1063 2281 1218 2351 babuerit,
1241 2299 1300 2342 non
1323 2283 1453 2358 geminat

149 2371 157 2426 i
187 2371 223 2428 in
246 2370 398 2446 genetivo,
428 2375 461 2428 ut
483 2377 554 2446 puta
580 2368 630 2428 bic
646 2367 822 2428 -Coronatus
843 2367 933 2427 buius
955 2367 1108 2436 Coronati,
1132 2385 1191 2427 ιιοιι
1213 2366 1379 2437 Coronatii,
1402 2366 1451 2426 bic

150 2453 330 2514 Honoratus
351 2454 441 2514 buius
464 2453 623 2523 Honorati,
647 2471 705 2514 non
728 2453 895 2514 Honoratii.

244 2538 345 2599 Genus
373 2545 512 2598 neutrum
538 2539 564 2598 si
591 2537 731 2598 babuerit
758 2541 973 2599 nominativum
1000 2539 1031 2598 in
1055 2556 1089 2607 e,
1119 2545 1152 2597 ut
1172 2545 1242 2616 puta
1265 2537 1320 2597 boo
1342 2537 1451 2598 monile

107 2625 211 2684 onoc
242 2623 352 2692 sedile,
381 2641 503 2683 necesse
533 2630 577 2683 ost
606 2630 640 2683 ut
666 2624 821 2700 genetivus
847 2623 873 2682 is
900 2622 1022 2693 babeat,
1054 2630 1086 2682 ut
1113 2623 1203 2682 buius
1223 2623 1342 2683 monilis
1364 2623 1452 2684 huius

146 2708 278 2778 sedilis,
303 2707 447 2768 ablativus
470 2708 496 2776 i,
521 2715 553 2767 ut
576 2706 612 2767 ab
635 2706 691 2766 boo
713 2708 814 2769 monili
837 2707 874 2768 ab
898 2709 954 2768 boc
976 2707 1072 2768 sedili.

243 2793 456 2874 Quodcumque
485 2812 593 2853 nomen
622 2794 651 2853 in
680 2794 860 2855 nominativo
889 2814 923 2854 er
945 2793 1088 2874 syllabam
1110 2792 1213 2863 babet,
1243 2801 1314 2854 tunc
1337 2795 1398 2855 exit
1421 2795 1452 2855 in

146 2901 165 2939 o
192 2878 344 2940 ablativus
374 2879 482 2959 ipsius,
506 2878 624 2958 quando
651 2878 797 2939 secundae
821 2887 867 2939 cst
890 2881 1095 2941 declinationis
1122 2887 1153 2939 et
1179 2897 1238 2939 non
1261 2882 1373 2941 crescit
1395 2899 1453 2940 una

148 2964 274 3045 syllaba
296 2968 327 3025 in
350 2966 487 3041 genetivo
510 2964 666 3041 singulari,
684 2965 801 3043 quando
816 2966 971 3043 genetivus
993 2968 1003 3024 i
1025 2963 1180 3035 babuerit,
1197 2982 1254 3024 non
1271 2967 1311 3035 is,
1334 2972 1367 3025 ut
1382 2973 1452 3044 puta

105 3066 131 3103 ao
145 3051 201 3111 bic
227 3068 301 3129 aper
324 3050 395 3109 lacit
417 3048 544 3109 ablativo
567 3048 603 3109 ab
632 3049 686 3109 boc
709 3067 796 3128 apro,
825 3052 896 3129 quia
917 3052 1089 3128 genetivum
1111 3051 1200 3110 buius
1222 3052 1286 3128 apri
1308 3050 1390 3109 lacit.
1428 3051 1452 3109 si

146 3155 228 3195 vero
251 3136 451 3195 nominativus
474 3153 507 3193 er
530 3134 669 3194 babuerit
692 3142 720 3194 et
742 3138 899 3211 genetivus
920 3138 961 3204 is,
989 3135 1149 3195 ablativum
1178 3154 1238 3195 nou
1259 3136 1349 3196 mittit
1370 3136 1402 3195 in
1424 3153 1450 3203 o,

145 3221 205 3281 sed
234 3223 266 3280 in
289 3238 321 3289 e,
345 3226 470 3297 utputa
491 3219 540 3279 bic
563 3226 660 3297 pater,
685 3218 829 3280 ablativus
850 3223 882 3280 in
905 3239 937 3289 ε,
962 3220 998 3280 ab
1014 3220 1070 3281 boc
1085 3228 1185 3299 patre,
1209 3222 1277 3299 quia
1299 3221 1453 3298 genetivus

145 3305 320 3383 singularis
343 3306 369 3365 is
390 3303 494 3373 habet,
520 3312 551 3364 ut
573 3304 661 3365 buius
684 3307 787 3383 patris.

244 3390 351 3451 Omnia
373 3388 574 3468 monosyllaba
597 3391 715 3467 generis
737 3390 892 3451 masculini
920 3398 952 3450 et
972 3390 1109 3450 feminini
1131 3391 1330 3451 accusativum
1352 3392 1383 3450 in
1405 3409 1452 3451 em

104 3494 130 3532 ιε
145 3479 283 3537 ιιιίιιιιιιι
310 3481 432 3553 excepto
464 3494 523 3534 uno
552 3477 686 3544 nomino,
709 3474 739 3534 id
763 3484 809 3535 est
831 3478 876 3536 vir
898 3476 1003 3536 virum.
1047 3494 1116 3536 nam
1139 3484 1239 3535 cetera
1261 3478 1291 3535 in
1315 3494 1362 3536 eru
1386 3477 1451 3536 mit·

146 3568 241 3631 tunt,
266 3568 300 3621 ut
322 3560 464 3628 diximus,
493 3566 526 3619 ut
544 3567 619 3639 puta
642 3560 685 3621 sol
707 3560 785 3620 bunc
808 3562 914 3630 solem,
943 3560 1021 3621 lllars
1042 3560 1122 3621 bunc
1144 3560 1282 3632 Martem,
1306 3580 1355 3621 ars
1376 3561 1452 3621 banc

144 3654 271 3715 artem,
301 3664 365 3705 sors
392 3645 468 3705 bano
496 3654 623 3715 sortem,
652 3664 733 3706 mors
766 3646 841 3706 hanc
870 3653 1010 3717 mortem,
1044 3646 1110 3706 lons
1138 3645 1218 3706 buno
1245 3647 1373 3716 iontem,
1403 3664 1453 3705 ros

144 3734 237 3793 bunc
261 3748 375 3800 rorem,
403 3730 451 3790 lex
479 3730 555 3791 banc
584 3729 695 3808 legem,
725 3749 788 3792 mos
810 3731 889 3791 lruno
911 3749 1038 3800 morem,
1067 3730 1125 3791 Lar
1147 3731 1226 3791 bunc
1248 3730 1369 3801 Larem,
1397 3750 1452 3810 par

144 3820 237 3878 bunc
261 3822 293 3875 et
314 3816 390 3875 banc
413 3832 529 3893 parem,
553 3816 602 3876 tur
625 3816 703 3876 bunc
726 3816 833 3877 turem.
865 3817 947 3877 vides
969 3818 1069 3877 omnia
1090 3815 1304 3896 monosyllaba,
1327 3824 1362 3876 ut
1376 3817 1452 3876 dixi·

105 3923 129 3961 to
143 3920 240 3971 mus,
265 3902 296 3961 iu
319 3919 365 3960 em
389 3902 471 3960 crire
495 3903 661 3961 accusativo
683 3919 762 3961 casu.

244 3986 345 4047 Genus
371 3992 510 4047 neutrum
541 3993 602 4047 tros
632 4004 717 4047 casus
744 3985 834 4047 habet
861 3985 988 4056 similes,
1017 3986 1230 4047 nominativum
1252 3988 1450 4047 accusativum

144 4082 180 4134 et
209 4072 387 4133 vocativum.
418 4070 487 4131 ideo
509 4070 564 4131 boc
587 4090 756 4140 monemus,
781 4078 828 4141 ut,
852 4074 877 4131 si
901 4072 937 4132 de
960 4070 1065 4150 pelago
1086 4070 1141 4132 tibi
1164 4074 1283 4138 mentio
1292 4074 1346 4141 sit,
1370 4072 1451 4132 dicas

144 4162 225 4239 ‘per
249 4156 381 4217 medium
404 4156 527 4237 pelagus
549 4158 710 4233 navigavi',
733 4156 801 4216 ideo
823 4158 893 4237 quia
915 4159 1100 4218 accusativus
1121 4158 1228 4218 similis
1250 4165 1296 4217 est
1317 4159 1450 4217 nomina·

147 4248 235 4313 tivo,
260 4241 374 4302 scilicet
396 4244 427 4303 in
449 4259 559 4318 genere
582 4249 699 4303 neutro.

104 4350 131 4386 rs
245 4326 331 4387 Nunc
353 4327 485 4404 regulam
508 4329 740 4407 comparationis
761 4327 872 4406 accipe.
898 4323 903 4409 Ι
927 4326 1123 4388 masculinum
1145 4345 1240 4405 genus
1262 4335 1451 4407 comparatur

144 4434 208 4497 per
240 4413 296 4473 bas
324 4412 465 4493 ngabas,
498 4430 553 4491 ρει
582 4431 630 4482 us,
660 4431 716 4492 por
745 4431 793 4481 er,
822 4430 877 4491 per
906 4430 959 4474 ex:
988 4431 1043 4493 ρει
1070 4431 1120 4483 us,
1149 4421 1183 4473 ut
1210 4413 1314 4474 doctus
1336 4413 1451 4473 doctior

145 4500 367 4568 doctissimus;
389 4516 445 4577 per
467 4516 512 4567 er,
538 4505 570 4557 ut
592 4516 679 4577 asper
701 4500 834 4576 asperior
857 4500 1055 4577 asperrimus,
1080 4499 1164 4577 niger
1186 4501 1301 4577 nigrior
1323 4500 1450 4576 nigerri-

227 4684 289 4736 lin
309 4683 403 4734 talibus
420 4701 466 4735 oni.
491 4686 517 4734 V
583 4684 741 4736 8111an
805 4684 837 4736 10
853 4694 905 4735 tam
922 4700 968 4739 om.
992 4686 1019 4735 V
1068 4683 1172 4753 lddat]
1194 4685 1305 4740 habete
1357 4684 1452 4735 eahta

145 4759 302 4809 Honoratus
320 4753 500 4805 —Honoratii
518 4766 602 4808 onus
671 4757 706 4805 24
724 4756 950 4807 nominatiuumin
968 4768 1052 4811 επις
1122 4756 1156 4806 vd
1174 4755 1285 4806 oblatiuo
1304 4756 1313 4804 i
1331 4763 1359 4803 ιιι
1376 4756 1407 4805 ab
1426 4757 1452 4806 V

145 4828 269 4880 ablotiuo
289 4824 357 4879 abs
427 4822 730 4892 27t111tt0.v.syttan1
756 4828 783 4876 V
849 4826 883 4875 28
901 4840 951 4875 ιιιιιι
972 4838 1054 4880 oms
1124 4826 1157 4877 33
1176 4823 1267 4892 patris]
1294 4826 1451 4892 ριιιιρειιες

225 4894 261 4949 37
281 4909 338 4946 sors
353 4922 385 4933 -
405 4902 509 4947 mortem
529 4910 574 4947 ont.
593 4906 610 4951 ς
679 4898 713 4947 44
730 4893 836 4962 scilieet]
859 4897 906 4947 sed
927 4899 969 4951 V:
988 4898 1084 4947 scilicet
1102 4922 1136 4934 —
1154 4903 1241 4947 neutro
1256 4908 1336 4951 orm
