3525 5600
742 411 813 475 lus
1361 406 1426 473 545

1136 523 1139 530 ’
1226 533 1249 574 p.
1263 519 1363 560 lasa-84
1376 517 1399 559 P.

137 605 221 674 siris,
245 611 279 663 ut
300 621 423 664 moneor
444 603 590 662 moneris:
614 609 681 662 ante
704 605 747 663 ris
769 621 785 662 ι
808 604 990 671 invenimus,
1013 610 1149 682 quaeest
1169 599 1300 661 secunda
1321 600 1424 659 coniu-

136 691 231 766 gatio,
260 708 335 768 qrrae
363 689 393 749 in
419 689 597 766 promissivo
624 695 757 767 tempore
785 690 847 748 exit
874 690 905 748 in
934 687 1003 756 bor,
1034 698 1064 747 ιιι
1087 685 1231 747 monebor
1253 683 1425 746 moneberis

137 773 307 834 monebitur
334 771 533 850 monelbimur
559 772 753 834 monebimini
781 772 991 833 monobuotur.
1036 774 1067 832 in
1089 771 1297 832 communibus
1319 788 1424 829 vereor

137 862 264 928 vereris,
288 867 356 920 ante
378 861 421 918 ris
444 877 460 918 e
483 860 631 927 invenies,
655 877 731 938 quae
753 859 845 919 mittit
866 861 1076 937 promissivum
1098 860 1127 917 in
1151 857 1219 926 bor,
1245 865 1276 916 ut
1298 854 1425 915 verebor

111 943 289 1005 svereberis
310 943 465 1006 verebitur
487 942 656 1004 verebimur
678 939 853 1004 verebimini
871 943 1065 1003 verebuntur:
1090 960 1244 1003 commune
1266 951 1311 1002 est
1333 943 1422 1009 enirn,

135 1038 166 1090 ut
189 1048 294 1090 vereor
317 1038 359 1100 te,
383 1047 487 1089 vereor
510 1049 526 1088 a
548 1036 587 1088 te.
617 1031 648 1088 in
672 1028 903 1108 deponentibus,
926 1036 960 1089 ut
981 1028 1102 1088 medeor
1124 1027 1268 1096 mederis,
1292 1032 1360 1085 ante
1382 1026 1425 1084 ris

135 1135 150 1174 e
174 1117 326 1186 invenies,
356 1133 430 1195 quae
458 1115 548 1174 mittit
575 1115 709 1174 luturum
737 1121 854 1194 tempus
881 1115 913 1174 in
936 1113 1007 1185 bor,
1036 1122 1070 1173 ut
1092 1112 1234 1173 medebor
1255 1110 1424 1192 medeberis

134 1201 306 1261 medebitur
328 1199 516 1262 medebimur
538 1198 731 1259 medebimini
755 1198 964 1260 medebuntur.
1008 1206 1145 1259 remanet
1170 1198 1257 1257 tertia
1285 1197 1423 1272 coniuga-

135 1287 191 1354 tio,
214 1288 301 1346 cuius
322 1286 419 1346 locum
441 1284 576 1364 implevit
603 1303 619 1344 e
647 1283 747 1346 littora
774 1292 926 1364 correpta,
955 1291 989 1345 ut
1010 1285 1041 1344 in
1063 1284 1188 1364 passivis
1209 1282 1291 1359 legor
1313 1280 1423 1357 legeris

100 1370 260 1447 relegitur:
285 1378 352 1432 onte
375 1372 418 1430 ris
441 1389 457 1430 e
480 1377 534 1430 est.
579 1370 631 1430 sed
653 1371 723 1449 quia
751 1378 921 1450 correptum
943 1377 1003 1440 est,
1032 1369 1127 1429 locum
1150 1375 1231 1428 tenet
1251 1385 1307 1446 pro
1328 1368 1353 1435 i;
1381 1367 1424 1424 sic

133 1475 188 1534 per
220 1456 291 1528 boc,
319 1458 458 1536 quoniam
486 1475 503 1515 ι
531 1463 702 1534 correptum
729 1463 788 1524 est,
817 1455 974 1535 procedet;
1004 1461 1034 1514 et
1061 1473 1119 1534 quo
1147 1453 1233 1513 modo
1262 1453 1292 1511 in
1322 1452 1425 1511 activis

133 1532 344 1618 promissivum
367 1540 486 1602 modum
508 1542 538 1600 in
562 1559 608 1600 em
630 1541 734 1610 mittit,
758 1541 869 1601 nonin
892 1540 946 1609 bo,
969 1542 1013 1600 sic
1027 1539 1200 1618 inpassivis
1214 1540 1246 1598 in
1268 1555 1301 1596 ar
1323 1537 1423 1604 mittit,

133 1646 192 1688 non
216 1629 249 1687 in
272 1626 336 1687 bor.
381 1628 423 1686 sic
446 1628 477 1686 in
499 1624 706 1686 communibus
728 1645 761 1686 ac
783 1624 1015 1706 deponentibus,
1039 1631 1164 1703 utputa
1187 1640 1296 1701 sequor
1318 1639 1424 1700 seque·

133 1715 191 1772 ris:
216 1719 286 1772 ante
308 1713 352 1771 ris
374 1731 389 1772 e
413 1718 582 1790 correptum
610 1717 655 1770 est
683 1729 737 1790 pro
766 1712 776 1770 i
804 1718 957 1790 correpto;
980 1711 1074 1770 mittit
1095 1709 1304 1788 promissivum
1326 1708 1357 1765 in
1380 1724 1423 1773 ar,

99 1815 120 1854 o
134 1806 165 1857 ut
187 1815 298 1876 sequar
325 1797 419 1866 dieas,
448 1815 507 1856 non
535 1795 692 1875 sequeber.
737 1803 871 1857 remanet
899 1796 986 1855 tertia
1016 1795 1185 1871 coniugatio
1212 1791 1369 1871 producta,
1393 1796 1426 1849 ut

133 1891 203 1962 puta
228 1884 260 1942 in
283 1883 417 1961 passivis,
441 1889 475 1940 ut
496 1882 612 1941 nutrior
635 1883 774 1942 nutriris:
799 1888 865 1940 ante
889 1883 932 1941 ris
954 1882 964 1940 i
987 1878 1164 1958 productum
1186 1885 1241 1938 est.
1272 1878 1341 1956 quia
1364 1883 1423 1934 ter·

134 1971 175 2029 tia
198 1975 260 2036 est,
283 1968 343 2028 erit
364 1968 396 2026 in
420 1985 467 2034 ar,
492 1973 525 2026 ut
547 1965 679 2027 dicamus
701 1966 738 2026 de
761 1967 861 2027 luturo
884 1968 1016 2034 nutriam
1039 1971 1070 2024 et
1091 1966 1160 2043 quia
1183 1962 1340 2043 producte,
1365 1962 1425 2019 exit

131 2054 222 2112 eliam
247 2054 277 2112 in
301 2052 369 2121 bor,
393 2059 426 2111 ut
447 2050 580 2112 dicamus
603 2059 632 2111 ot
654 2051 802 2112 nutribor.
847 2069 919 2129 ergo
940 2053 984 2112 sio
1013 2046 1185 2109 observabis
1207 2049 1239 2107 in
1261 2047 1425 2106 communi·

132 2138 188 2197 bus
212 2144 244 2196 ct
266 2135 494 2216 deponentibus.
538 2137 701 2197 infinitivus
728 2155 798 2196 vero
826 2139 959 2215 ipsorum
982 2134 1140 2194 verborum
1168 2134 1302 2212 aprime
1324 2131 1424 2190 coniu-

96 2223 253 2300 ngatione
276 2221 406 2282 secunda
434 2227 464 2281 et
491 2223 579 2281 tertia
607 2221 749 2300 producta
777 2224 808 2281 in
830 2223 856 2282 ri
881 2223 955 2290 erit,
986 2226 1111 2298 utputa
1134 2219 1283 2297 aprima,
1311 2224 1344 2276 ut
1366 2215 1425 2275 cla·

133 2308 224 2375 mari,
255 2328 271 2369 a
299 2305 427 2367 secunda
455 2309 591 2377 moneri,
620 2326 636 2368 a
663 2309 751 2366 tertia
779 2306 922 2385 producta
950 2305 1068 2366 nutriri.
1113 2323 1130 2364 a
1158 2305 1246 2363 tertia
1268 2319 1338 2361 vero
1360 2319 1424 2360 cor·

132 2401 218 2471 repta
243 2410 402 2471 numquam
426 2393 487 2452 exit
510 2393 540 2451 in
563 2393 600 2459 ri,
623 2392 729 2452 sedin
752 2393 772 2460 i,
796 2399 828 2451 ut
849 2397 922 2471 puta
944 2391 1002 2467 legi
1025 2389 1153 2449 dicimus
1174 2390 1206 2448 in
1228 2388 1374 2447 infinitivo
1396 2392 1426 2443 et

131 2477 247 2548 scribi,
271 2496 329 2537 non
351 2476 443 2554 legerl
466 2482 496 2536 et
518 2475 661 2548 scriberi;
692 2484 722 2537 et
744 2476 830 2554 ungi,
859 2495 918 2536 non
941 2477 1065 2551 ungeri,
1094 2475 1164 2553 quie
1186 2490 1264 2550 ungo
1288 2471 1424 2536 dicimus,

133 2582 192 2623 non
216 2579 324 2640 ungeo.
369 2579 438 2622 nam
460 2579 519 2641 quo
541 2560 629 2621 modo
651 2561 687 2622 de
709 2563 815 2638 ungeri
839 2569 869 2622 ot
890 2563 962 2636 ungi
984 2559 1086 2621 habita
1108 2559 1242 2638 quaestio
1265 2563 1324 2625 est,
1353 2555 1425 2634 quid

95 2649 318 2716 ediceremus,
347 2648 391 2706 sic
418 2647 454 2706 de
488 2647 599 2725 tergeri
628 2656 659 2706 ιι
690 2646 726 2706 de
760 2649 847 2724 tergi,
892 2645 944 2706 sed
972 2652 1002 2706 ιι
1033 2643 1177 2704 infinitivo
1209 2643 1321 2719 tergeri
1350 2640 1425 2700 dici-

131 2752 217 2803 ιιιιιι,
250 2751 308 2792 non
338 2733 429 2810 tergi,
458 2733 525 2813 quia
554 2731 713 2792 indicativo
741 2739 842 2809 tergeo
871 2731 957 2802 lacit,
980 2748 1039 2790 non
1062 2738 1156 2807 tergo.
1200 2729 1295 2788 sicin
1318 2727 1427 2785 ceteris

130 2818 324 2889 observabis,
348 2826 395 2887 ut,
421 2816 471 2879 ubi
492 2818 642 2877 inveneris
663 2818 822 2878 secundam
838 2818 1074 2894 coniugationem
1096 2817 1123 2875 ri
1145 2812 1257 2875 habere
1279 2814 1426 2873 infinitivo

131 2904 237 2973 modo,
273 2922 308 2963 eo
331 2902 412 2963 dicas
438 2902 598 2963 indicativo
631 2904 741 2963 activae
769 2903 1010 2979 significationis,
1040 2902 1138 2961 caveri
1166 2898 1282 2967 doceri,
1310 2905 1426 2957 terreor

132 2990 262 3057 terreri,
286 3006 428 3047 coeroeor
450 2990 599 3057 coerceri;
623 2986 693 3047 licet
715 3006 808 3065 pauca
830 2989 945 3067 primae
973 2985 1188 3063 coniugationis
1209 2985 1240 3044 in
1263 3002 1298 3043 eo
1320 2990 1426 3042 exeant

93 3091 116 3129 ao
130 3076 161 3133 in
186 3074 349 3133 indicativo
372 3074 483 3133 activae
506 3068 753 3155 signilficationiS,
777 3080 811 3133 ut
832 3079 903 3151 puta
926 3090 992 3131 meo
1015 3089 1111 3138 meas,
1135 3068 1192 3129 beo
1216 3068 1295 3137 beas,
1320 3068 1426 3146 laqueo

129 3160 272 3237 laqueas,
301 3176 413 3219 nauseo
441 3176 581 3227 nauseas,
611 3157 736 3219 enucleo
765 3158 920 3225 enuclees,
949 3175 1019 3216 creo
1040 3173 1139 3224 creas
1163 3172 1271 3213 excreo
1294 3170 1424 3212 excreas.

130 3244 240 3303 eodem
264 3243 350 3303 modo
372 3260 449 3322 queo
472 3251 502 3302 et
524 3261 572 3311 eo,
597 3261 671 3321 quae
687 3242 745 3302 duo
761 3249 872 3303 tantmn
888 3244 996 3302 tertiae
1012 3241 1212 3316 coniugationi
1235 3245 1427 3298 accesserunt

129 3328 307 3407 productae.
337 3335 409 3388 sunt
430 3334 528 3388 autem
551 3344 644 3406 pauca
666 3326 756 3388 verba
787 3346 862 3407 quae
885 3328 979 3404 magis
1001 3345 1056 3405 per
1078 3324 1254 3387 anomaliam
1276 3323 1426 3390 dicuntur,

130 3422 164 3473 ut
188 3415 255 3473 lero
277 3413 355 3481 lers,
377 3412 443 3473 volo
467 3415 524 3482 vis,
548 3431 612 3472 sum
635 3432 683 3481 es,
707 3412 827 3473 edoce.

93 3514 116 3552 ιι
220 3498 378 3567 Quantum·
392 3498 468 3558 ratio
490 3497 650 3576 postulavit
672 3497 707 3557 de
731 3498 972 3575 coniugationum
994 3496 1099 3556 ordine
1124 3496 1325 3556 tractavimus,
1348 3510 1427 3553 nunc

129 3583 167 3643 de
192 3584 363 3663 participiis
385 3600 478 3662 pauca
500 3582 623 3643 dicenda
646 3589 725 3643 sunt.

639 3751 689 3813 llll
710 3750 924 3815 Plurlclrlo

220 3871 379 3951 Participia
402 3870 479 3931 dicta
503 3878 580 3941 sunt,
603 3870 681 3951 quod
704 3878 820 3950 partem
843 3873 961 3951 capiant
983 3873 1112 3932 nominis
1134 3877 1307 3950 partemque
1330 3866 1426 3927 verbi.

130 3958 258 4018 trabunt
280 3956 358 4016 enirn
381 3976 397 4017 a
419 3956 538 4016 nomine
562 3975 663 4025 casus,
687 3976 702 4017 a
726 3956 817 4016 verbo
838 3964 988 4035 tempora,
1013 3964 1045 4017 ut
1066 3963 1137 4036 pute
1159 3956 1261 4032 legens
1284 3953 1426 4013 lecturus.

90 4060 115 4098 io
129 4061 206 4101 ecce
229 4044 288 4102 iam
311 4047 437 4103 tractum
460 4061 477 4101 a
498 4041 589 4101 verbo
610 4042 736 4121 aliquid,
760 4042 790 4101 id
813 4048 860 4101 est
880 4049 1012 4119 tempus:
1046 4060 1114 4103 narn
1136 4039 1239 4118 legens
1261 4038 1427 4117 praesentis

128 4129 280 4205 temporis
303 4128 494 4205 participium
518 4133 577 4195 est,
601 4126 733 4187 lecturus
755 4126 860 4187 loturi.
905 4135 936 4186 et
957 4126 1146 4187 declinantur
1173 4143 1232 4205 quo
1259 4122 1346 4184 modo
1374 4141 1426 4181 no·

129 4214 229 4281 mina,
253 4218 286 4271 ut
307 4220 377 4291 puta
399 4210 448 4271 hic
469 4212 573 4289 legens
600 4212 689 4271 huius
717 4211 843 4288 legentis
870 4210 940 4272 buic
968 4212 1096 4289 legenti3
1126 4217 1157 4269 et
1185 4212 1229 4270 sic
1251 4226 1304 4287 por
1326 4226 1428 4289 omnes

130 4316 222 4358 casus
244 4297 378 4357 declines
399 4305 460 4357 tam
482 4296 674 4374 singulariter
696 4315 784 4376 quam
806 4295 973 4375 pluraliter.
1004 4298 1094 4357 sicet
1113 4295 1163 4355 bic
1184 4295 1316 4356 lecturus
1338 4289 1428 4353 buius
1478 4359 1480 4362 ,

206 4485 219 4534 l
241 4492 299 4533 ante
317 4483 382 4533 riso
400 4492 425 4533 et
441 4483 584 4534 inueninme
604 4484 632 4532 V
647 4490 706 4533 ante
724 4484 760 4532 ris
779 4499 793 4533 e
811 4482 856 4531 sed
874 4481 1018 4532 inneninms
1035 4494 1053 4537 ς
1114 4483 1130 4530 7
1150 4497 1214 4545 quae
1229 4477 1317 4543 mittit]
1334 4480 1393 4542 quie
1411 4488 1428 4531 ς

151 4562 154 4565 ’
204 4551 359 4619 θιιιιρΙιιιίι
379 4562 469 4617 quarta
489 4552 602 4609 litterae
662 4553 695 4604 10
710 4566 756 4618 pro
775 4550 794 4618 i]
816 4553 885 4617 peri
905 4554 953 4607 νς
1004 4552 1034 4603 ll
1054 4553 1172 4615 quoniam
1190 4548 1215 4617 e]
1233 4559 1292 4599 onte
1310 4560 1361 4603 ις

128 4631 279 4688 correptum
296 4630 334 4672 est
351 4623 417 4687 quod
436 4622 509 4672 cedet
526 4632 550 4673 et
568 4625 636 4689 peri
656 4623 775 4687 quoniam
794 4623 818 4670 in
838 4623 887 4677 νς
957 4621 990 4672 lo
1009 4622 1017 4669 i
1034 4622 1184 4687 productum
1201 4621 1285 4670 hebet.
1302 4633 1352 4681 ego
1369 4619 1429 4680 quia

127 4704 210 4747 ιιις
263 4693 295 4744 17
314 4692 445 4743 defuturo
464 4702 491 4742 ut
509 4694 605 4743 nutrior
626 4695 676 4747 νς
738 4700 762 4742 et
779 4692 903 4757 producto
920 4692 973 4741 exit
991 4693 1016 4740 in
1036 4692 1117 4746 bore
1181 4693 1216 4741 24
1233 4685 1329 4755 ungeo]
1350 4690 1429 4754 ungio

106 4760 163 4812 'V
233 4762 319 4812 babile
338 4762 486 4826 quaestione
499 4763 595 4827 quide
665 4763 699 4813 ‘zo
716 4762 858 4812 diceremus
878 4776 910 4810 ne
923 4762 961 4809 oio
980 4763 1007 4811 V
1009 4772 1027 4815 ς
1096 4771 1121 4811 ιι
1139 4772 1217 4815 oms
1286 4758 1320 4807 29
1338 4766 1465 4807 exeant*

128 4832 274 4881 indicatiuo
294 4843 312 4886 ς
329 4842 423 4883 exeunt
441 4834 467 4881 in
486 4833 623 4883 indication
640 4835 669 4882 V
715 4831 750 4882 32
769 4831 943 4897 coniugationi
961 4839 1092 4881 cesserunt
1107 4831 1140 4881 od
1156 4830 1306 4897 productum
1329 4830 1377 4881 νς

128 4902 164 4954 35
185 4900 261 4971 ratio]
280 4900 309 4950 ιιῑ
330 4905 358 4954 ν
423 4902 457 4953 40
472 4900 533 4971 iam]
555 4903 621 4952 enirn
641 4915 658 4958 ς
727 4903 760 4954 42
778 4899 831 4968 hic]
852 4902 890 4951 sic
909 4900 936 4950 V
939 4912 957 4954 ς
