3525 5600
689 357 760 418 dits
789 357 815 418 ll
838 360 920 418 3-8
1033 343 1038 357 ⁸
1389 351 1453 416 415

192 480 211 521 p.
228 468 326 509 sesses
341 467 363 508 r.
1270 477 1291 518 p.
1306 462 1426 504 emma.

168 550 337 618 masculini,
367 549 416 608 bic
443 549 509 608 rien
536 548 645 616 rienis,
675 546 724 606 bic
752 545 811 606 lien
839 545 942 614 lienis,
972 563 1049 625 quae
1075 547 1106 606 in
1136 543 1266 625 obliquis
1293 544 1413 605 casibus
1435 564 1451 604 e

168 653 296 713 litteram
321 651 495 730 productam
524 655 655 718 serrant,
685 657 715 708 et
743 656 856 727 septem
884 648 942 709 alia
970 648 1104 709 eiusdem
1131 650 1250 724 generis
1277 650 1450 727 antepositis

169 752 410 822 consonantibus,
433 752 483 812 bic
505 739 791 830 ilamen'[sacerdos
813 748 920 829 lovis],
950 751 999 810 liic
1021 758 1142 829 pecten,
1170 751 1220 810 hic
1248 733 1375 820 tibicen,
1402 751 1452 810 hic

168 857 288 926 lidicen,
312 855 360 916 hic
382 855 501 924 liticen,
525 854 574 913 bic
597 851 731 920 tubicem,
761 853 810 912 bic
832 855 982 912 cornicen.
1027 861 1126 914 cetera
1147 854 1247 913 neutri
1270 861 1339 912 sunt
1360 870 1452 930 gene·

146 961 208 1022 sris
231 957 337 1038 procul
360 955 450 1016 dubio
479 963 508 1016 et
536 957 641 1015 tertiae
664 953 801 1014 similiter
824 953 1047 1024 declinationis,
1070 963 1102 1016 ut
1123 955 1179 1015 boc
1202 972 1322 1016 carmen
1344 958 1450 1015 carmi·

168 1063 225 1128 nis,
249 1065 360 1120 nornen
383 1060 526 1127 nominiS,
550 1057 640 1118 limen
664 1063 814 1140 certamen
830 1075 940 1117 numen
961 1074 1048 1116 omen
1069 1059 1184 1118 crimen
1205 1076 1329 1119 examen
1349 1057 1451 1135 gluten

167 1163 289 1240 glutinis
311 1170 340 1222 et
362 1161 410 1222 bis
432 1160 550 1220 similia.

247 1265 289 1324 Ar
317 1262 429 1342 syllaba
457 1265 615 1324 terminata
642 1264 763 1340 generis
791 1268 860 1322 suut
881 1263 983 1322 neutri
1005 1262 1117 1330 onruia,
1143 1270 1174 1322 ut
1195 1261 1251 1322 hoc
1273 1263 1371 1331 lucar,
1394 1263 1450 1323 hoc

166 1365 308 1436 torcular,
332 1365 388 1426 boc
403 1366 554 1445 pulvinar,
578 1365 633 1425 hoc
650 1365 785 1444 laquear,
809 1364 864 1423 boc
880 1364 1016 1432 lacunar,
1040 1371 1160 1442 praeter
1183 1381 1273 1424 mum
1294 1367 1451 1445 proprium

134 1469 287 1546 agenoris
308 1467 481 1536 masculini,
505 1468 553 1527 lric
576 1467 693 1527 Caesar.
738 1467 811 1527 lraec
834 1485 952 1545 quoque
979 1468 1086 1526 tertiae
1109 1465 1316 1526 declinationis
1337 1467 1449 1527 sormu-

165 1571 220 1630 lam
248 1577 401 1630 secuntur.
438 1569 491 1630 sed
519 1577 624 1629 neutra
653 1571 684 1628 in
717 1566 847 1647 obliquis
874 1567 993 1630 casibus
1015 1588 1031 1628 a
1053 1567 1227 1646 productam
1249 1567 1374 1639 babent;
1397 1587 1449 1628 no-

165 1681 240 1733 tatur
273 1671 375 1740 iubar,
415 1671 493 1750 quod
526 1671 621 1731 solum
655 1689 670 1730 a
708 1676 876 1748 correptam
909 1668 1013 1738 babet,
1055 1675 1087 1728 ut
1118 1669 1267 1745 Vergilius
1300 1668 1449 1730 ‘iubare

165 1776 319 1836 exorto’.
347 1772 350 1850 l

245 1877 286 1936 Er
314 1875 426 1955 syllaba
453 1877 537 1935 imita
564 1877 697 1954 exceptis
725 1874 840 1934 duobus
869 1875 1006 1934 leminini
1034 1865 1168 1950 generis,
1196 1874 1269 1934 baec
1297 1881 1392 1935 mater
1420 1882 1450 1936 et
1535 1879 1538 1888 '

131 1980 234 2040 rabaec
257 1977 375 2046 mulier,
400 1984 429 2038 et
451 1979 567 2037 neutris
589 1976 650 2044 bis,
674 1975 729 2035 hoc
755 1975 844 2044 uber,
868 1976 926 2035 hoc
947 1975 1049 2044 tuber,
1073 1976 1129 2035 boc
1151 1975 1257 2046 suber,
1281 1976 1336 2037 lroc
1360 1974 1373 2058 ll
1397 1998 1448 2058 pa·

164 2099 265 2160 parer,
288 2080 344 2139 ime
367 2079 505 2148 cadaver,
529 2079 584 2138 boc
608 2077 700 2146 laser,
723 2078 778 2137 hoc
800 2079 888 2148 siler,
912 2078 967 2138 boc
990 2080 1063 2141 iter,
1085 2077 1141 2137 lroc
1163 2079 1259 2148 cicer,
1282 2079 1338 2139 hoc
1361 2082 1447 2150 siser,

164 2201 234 2263 quae
257 2183 358 2242 omnia
379 2183 486 2241 tertiae
509 2188 578 2242 sunt
597 2180 818 2250 declinationis,
842 2189 942 2241 cetera
964 2180 1121 2241 masculini
1144 2186 1212 2240 sunt
1234 2183 1367 2256 generis,
1391 2183 1448 2242 alia

164 2283 322 2352 secundae,
348 2283 404 2344 alia
426 2285 533 2344 tertiae
557 2282 775 2344 declinationis.
820 2283 985 2344 masculina
1006 2285 1099 2360 igitur
1121 2285 1152 2341 in
1175 2301 1209 2341 er
1230 2282 1374 2362 syllabam
1397 2283 1447 2344 de·

163 2389 303 2455 sinentis,
331 2387 357 2445 si
380 2385 492 2445 iaciunt
515 2403 551 2444 ex
574 2404 606 2444 se
629 2386 809 2445 lomininaa
839 2385 938 2445 littera
959 2387 1133 2453 terminata,
1162 2384 1286 2444 secundi
1308 2392 1377 2446 sunt
1398 2404 1446 2445 or-

130 2490 254 2558 odinis,
284 2495 316 2549 ut
344 2487 394 2547 hic
421 2487 546 2566 pulcher
575 2487 707 2566 pulchri,
739 2494 803 2547 ater
825 2489 898 2556 atri,
922 2489 1008 2564 niger
1030 2488 1127 2563 nigri;
1156 2505 1283 2565 quorum
1304 2488 1447 2549 feminina

163 2599 229 2652 sunt
250 2588 377 2670 pulchra
399 2597 463 2649 atra
485 2590 581 2666 nigra.
615 2596 734 2649 notatur
757 2597 927 2668 sequester:
951 2589 1021 2650 lacit
1043 2589 1219 2648 femininum
1241 2597 1395 2668 sequestra
1418 2598 1447 2650 et

164 2701 206 2753 est
227 2694 335 2754 tertiae
359 2689 579 2751 declinationis.
609 2709 684 2770 quae
708 2709 744 2750 ex
766 2709 798 2749 sc
822 2699 871 2750 aut
893 2689 974 2751 nulla
996 2692 1110 2751 iaciunt
1131 2692 1274 2752 feminina
1296 2694 1399 2752 autin
1421 2695 1447 2752 is

163 2794 302 2875 syllabam
325 2795 460 2861 mittunt,
484 2794 591 2853 tertiae
614 2801 683 2854 strnt
706 2793 929 2862 declinationis,
954 2800 987 2854 ut
1008 2793 1057 2853 bic
1078 2802 1163 2873 pater
1184 2795 1291 2873 patris,
1315 2793 1364 2853 liic
1386 2794 1446 2855 lra-

164 2906 207 2958 ter
228 2899 346 2966 iratriS,
370 2914 474 2975 passer
499 2898 645 2976 passeris,
670 2914 757 2957 anser
773 2898 903 2965 anseris,
926 2914 1030 2956 carcer
1044 2899 1189 2965 carceris,
1213 2912 1304 2973 agger
1318 2899 1445 2973 aggeris,

130 3000 208 3059 ubic
232 3017 301 3060 acer
323 2998 412 3058 buius
435 3000 528 3058 acris:
553 3017 619 3059 nam
643 2999 819 3059 femininum
841 2999 916 3059 baec
931 3000 1010 3058 acris
1032 2999 1117 3067 lacit,
1141 3006 1174 3058 ut
1188 2997 1328 3058 Horatius
1351 2999 1445 3058 ‘sol-

163 3104 261 3161 ritur
282 3102 383 3161 acris
404 3100 553 3161 biems’:
577 3100 627 3160 hie
649 3100 747 3161 alacer
770 3100 889 3170 alacris,
913 3100 1033 3161 volucer
1044 3100 1190 3168 'volucris
1213 3099 1364 3159 mediocer
1385 3119 1445 3160 me-

163 3204 286 3270 diocris,
310 3201 392 3261 celer
414 3202 538 3270 celcris,
562 3210 700 3281 equester
723 3205 884 3281 equestris
908 3202 1048 3280 pedester
1067 3202 1225 3281 pedestris.
1256 3204 1446 3282 excipiuntur

162 3323 267 3384 pauca,
290 3322 382 3383 quae,
406 3306 540 3384 quamvis
563 3306 593 3363 in
616 3304 792 3365 femininum
814 3322 909 3381 genus
931 3324 947 3365 a
971 3306 1163 3366 terminatum
1184 3305 1307 3364 minime
1331 3311 1443 3364 transe-

163 3414 224 3475 ant,
253 3407 400 3467 secundae
429 3412 530 3467 tamen
558 3414 627 3465 sunt
654 3404 875 3475 declinationis,
907 3414 938 3466 ut
963 3407 1014 3466 bic
1040 3425 1116 3486 puer
1144 3408 1245 3485 pueri,
1275 3404 1323 3464 hic
1352 3423 1445 3482 gener

130 3511 277 3587 acgeneri,
301 3508 350 3568 bic
373 3526 458 3569 socer
481 3508 592 3577 soceri,
615 3506 706 3567 Liber
727 3506 845 3577 Liberi,
879 3507 957 3568 liber
978 3509 1066 3577 libri,
1097 3508 1205 3568 Auster
1226 3510 1341 3577 Austri,
1374 3526 1444 3586 aper

163 3612 238 3689 apri,
260 3628 368 3671 cancor
390 3613 505 3679 cancri,
534 3610 662 3671 oleaster
691 3608 826 3679 oleastri,
850 3628 939 3690 caper
967 3612 1064 3690 capri,
1099 3608 1194 3668 culter
1222 3610 1325 3677 cultri,
1349 3616 1445 3669 raster

163 3713 257 3781 rastri,
274 3710 350 3771 liber
365 3710 444 3773 libri.
472 3712 737 3771 unum'invenitur
758 3716 923 3773 communis
942 3716 1078 3790 generis,
1102 3710 1180 3791 quod
1202 3713 1283 3773 iuxta
1298 3714 1445 3772 rationem

163 3815 359 3873 communium
396 3814 478 3872 tertii
507 3820 552 3873 est
580 3812 708 3882 ordinis,
743 3813 791 3873 bic
819 3822 849 3875 et
877 3815 951 3875 haec
977 3831 1092 3895 pauper
1128 3814 1279 3892 pauperis.
1323 3813 1444 3892 quidam

165 3914 294 3975 adiciunt
316 3914 364 3973 bic
387 3913 512 3974 ethaeo
535 3912 610 3973 uber
631 3912 745 3975 uberis.

227 4118 244 4169 8
259 4134 287 4167 ar
307 4118 404 4183 syllaba
422 4117 496 4167 Cdar.
512 4117 554 4177 20,
574 4120 604 4169 11
625 4134 681 4171 ems.
699 4118 775 4169 Gbar.
791 4118 850 4181 540,
867 4118 901 4167 40
971 4118 1004 4169 12
1021 4118 1093 4167 iubar
1110 4118 1188 4172 Proh.
1205 4119 1272 4171 catd.
1289 4118 1330 4181 11,
1351 4116 1386 4167 34

165 4190 193 4239 ll
212 4204 240 4237 ar
255 4188 354 4251 syllaba
374 4188 449 4241 Odor.
470 4188 513 4247 23,
532 4187 574 4241 33.
592 4188 634 4251 84,
648 4189 680 4238 12

229 4359 299 4410 thio
317 4362 402 4411 liticen
420 4359 463 4410 hie
480 4361 580 4410 tubicen
599 4375 644 4411 orn.
660 4359 683 4407 P
738 4359 755 4410 t
775 4372 848 4407 omen
867 4355 974 4421 crimen]
993 4368 1119 4408 cermmen
1138 4359 1163 4407 P
1230 4355 1364 4421 epraeter
1382 4358 1445 4407 haec

165 4430 261 4495 propria
278 4431 380 4497 generis
399 4430 533 4480 masculini
551 4438 578 4478 ut
596 4430 637 4479 hic
656 4443 743 4477 caesar
761 4430 785 4477 P
854 4428 886 4479 12
904 4428 972 4491 quod
994 4429 1065 4479 solus
1089 4438 1229 4491 correptam
1247 4427 1323 4477 habet
1339 4428 1365 4475 F
1380 4442 1444 4491 quae

165 4501 217 4551 sola
233 4515 248 4549 a
264 4509 405 4567 correptam
425 4500 519 4550 habent
537 4502 562 4550 P
630 4501 716 4548 iuuare
735 4506 823 4548 exortu
841 4500 879 4549 P:
908 4499 987 4561 Verg.
1007 4500 1074 4547 Aea.
1094 4498 1139 4547 llll
1164 4496 1214 4547 130
1285 4497 1316 4548 17
1335 4497 1385 4546 alia
1402 4513 1444 4547 se·

165 4570 257 4619 eundae
274 4584 290 4627 ς
309 4571 375 4620 aliae
396 4572 524 4621 secundae
542 4570 596 4619 PF
677 4569 709 4619 21
729 4574 858 4632 sequester
877 4568 944 4631 qnod
964 4579 1095 4631 sequestra
1120 4566 1179 4616 lacit
1196 4566 1345 4615 lernininum
1363 4578 1388 4616 et
1406 4577 1444 4617 est

165 4639 214 4701 (est
226 4654 269 4693 cra.
287 4640 322 4705 F)
342 4642 431 4691 tertiae
448 4642 492 4697 Ῑς
561 4642 594 4689 22
613 4640 638 4689 in
655 4639 677 4687 is
695 4638 793 4701 syllaba
808 4638 832 4687 P
900 4640 933 4685 24
951 4654 1030 4703 agger
1047 4634 1162 4703 aggeris]
1182 4652 1243 4701 ager
1259 4638 1344 4701 ageris
1361 4637 1387 4686 P

164 4709 195 4760 25
208 4708 332 4777 Horatius]
352 4726 429 4764 cam.
450 4713 503 4773 14,
523 4710 536 4759 l
610 4710 643 4758 26
662 4710 789 4757 medioeer
806 4708 941 4759 mediocris
958 4709 1024 4757 celer
1039 4708 1127 4757 celeris
1143 4722 1189 4758 om.
1209 4709 1235 4757 P
1302 4708 1335 4756 27
1353 4720 1444 4769 seque-

165 4788 213 4827 ster
231 4782 366 4841 sequestris
382 4782 408 4831 F
492 4780 526 4831 32
543 4780 603 4828 tiber
622 4776 687 4845 libri]
711 4778 781 4828 luber
799 4778 838 4827 bri
857 4791 873 4835 ς
891 4777 994 4843 iuberg
1075 4777 1109 4827 34
1124 4777 1238 4827 adiciunt
1253 4776 1272 4840 f
1286 4777 1408 4828 adiiciunt
1425 4790 1442 4833 ς

164 4847 248 4898 dieunt
266 4850 317 4900 PF
