3525 5600
338 386 380 454 98
910 391 1063 456 rottrmt

365 499 482 554 puoh

338 585 363 642 si
390 581 447 642 boo
475 581 570 642 solum
599 581 693 651 dieas,
719 579 872 642 ‘mortuus
896 585 968 652 est',
998 581 1167 660 ambiguum
1191 587 1250 648 est,
1274 597 1333 658 quo
1356 578 1462 639 aileotu
1485 575 1541 636 hoe
1565 595 1632 656 per-

338 683 452 746 tuleris.
497 683 577 744 vides
604 703 676 762 ergo
704 687 773 764 quia
801 682 874 744 baec
902 683 1047 763 particula
1075 685 1250 762 interposite
1272 682 1412 760 exprimit
1434 679 1520 740 nobis
1542 681 1633 740 animi

338 787 468 847 auectus.
515 803 583 846 nam
612 785 767 866 aliquoties
794 785 874 846 illam
902 785 1124 864 ambiguitatem
1151 785 1305 846 discernit.
1352 801 1421 844 ecce
1444 783 1505 842 dixi
1527 781 1583 842 tibi
1606 789 1634 840 et

338 889 456 947 uomina
478 888 604 966 partium
628 895 657 948 et
680 887 831 956 ordinem,
856 896 886 949 et
907 905 1001 967 quare
1022 889 1062 948 ite
1084 895 1204 948 vocatae
1226 895 1304 955 sunt,
1329 893 1359 946 et
1381 902 1472 962 quare
1495 885 1563 962 ipso
1586 901 1633 942 or-

338 988 407 1048 dine
429 991 544 1066 positae
567 995 643 1050 suot.
676 1009 681 1020 ¹

421 1091 552 1152 Diximus
580 1109 652 1168 ergo
681 1093 820 1169 quoniam
854 1090 931 1152 bene
965 1092 1036 1152 leeit
1063 1092 1208 1160 bonatus,
1242 1099 1358 1170 partem
1385 1088 1465 1149 illam
1499 1089 1631 1167 priorem

336 1191 467 1253 seribere
489 1192 665 1260 infantibus,
689 1195 884 1272 posteriorem
909 1193 1054 1254 omnibus
1094 1203 1137 1254 est
1161 1195 1241 1253 enim
1263 1192 1384 1253 robusta
1406 1199 1436 1252 et
1457 1189 1550 1250 utilis.
1588 1191 1631 1249 in·

336 1294 423 1354 eltoat
446 1313 461 1353 a
486 1294 591 1355 litteris
613 1297 668 1355 ista
689 1295 834 1374 particula
857 1313 933 1374 quae
955 1295 1076 1356 uberior
1100 1303 1144 1356 est
1166 1302 1196 1355 et
1218 1293 1307 1356 babet
1329 1301 1495 1354 tractatum.

857 1482 907 1542 DE
930 1481 1102 1544 LITTERIS

234 1609 322 1670 tent
421 1601 540 1661 Constat
568 1601 646 1680 apud
674 1619 778 1661 omnes
806 1601 995 1663 Carmentem
1018 1601 1182 1681 Nympbam
1210 1599 1304 1666 illam.
1322 1599 1466 1660 ‘Euandri
1494 1607 1630 1668 matrem,
1646 1623 1666 1658 u

236 1681 411 1782 ⁵¹9’2quae
433 1704 601 1763 Nicostrata
624 1703 792 1773 dicebatur,
822 1702 928 1764 latinas
957 1703 1071 1764 litteras
1093 1705 1249 1764 invenisse.
1294 1704 1357 1781 ipsa
1380 1704 1509 1780 primum
1535 1711 1632 1762 trans-

336 1803 455 1866 tulitin
482 1805 596 1865 ltaliam
623 1804 729 1866 latinas
751 1803 874 1865 litteras.
920 1804 977 1866 ltoe
1000 1805 1142 1866 babemus
1164 1806 1247 1866 initio
1269 1805 1357 1874 Livii,
1389 1811 1419 1864 et
1441 1805 1633 1866 ‘Euander
1723 1876 1724 1888 ἵ

338 1906 391 1968 vir
423 1905 614 1967 mirabilis
646 1908 895 1966 veneratione
929 1906 1172 1975 litterarum',
1206 1895 1328 1967 omnino
1359 1906 1448 1968 verba
1476 1914 1547 1968 sunt
1576 1909 1631 1966 ista
1723 1903 1724 1950 i

335 2008 424 2078 livii,
448 2011 521 2069 ‘rei
543 2027 659 2068 novae
681 2011 781 2069 inter
803 2008 916 2069 rudes
939 2006 1135 2068 homines'.
1182 2016 1252 2068 tune
1274 2011 1403 2087 primum
1427 2016 1632 2088 apparuerunt

334 2109 459 2171 litterae.
490 2108 494 2191 Ι
523 2108 641 2170 litterae
669 2110 764 2171 dietae
791 2119 859 2170 sunt
880 2111 936 2170 bar
959 2112 1088 2178 ratione,
1119 2111 1201 2187 quasi
1224 2108 1379 2186 legiterae,
1403 2109 1480 2188 quod
1503 2108 1630 2188 legenti·
1645 2129 1666 2166 r.

335 2211 389 2272 bus
410 2215 468 2272 iter
491 2211 663 2291 praebeant.
708 2230 776 2272 nam
799 2214 900 2291 utique
923 2211 1118 2272 adtendentes
1140 2211 1254 2271 litteras
1276 2210 1437 2290 implemus
1459 2210 1631 2271 lectionem.

335 2331 406 2391 ergo
427 2313 472 2374 vel
495 2313 563 2374 ideo
586 2314 681 2374 dietae
704 2322 773 2375 sunt
796 2313 926 2383 litterae,
951 2312 995 2374 vel
1019 2312 1086 2374 ideo
1108 2312 1186 2392 quod
1210 2311 1337 2390 legendo
1360 2315 1516 2374 iterentur.
1563 2332 1631 2374 nam
1724 2336 1725 2396 g

334 2433 401 2476 cum
425 2417 485 2476 siut
506 2415 615 2486 xxiii,
640 2423 739 2476 tamen
763 2418 858 2476 varias
881 2417 1062 2476 conexiones
1084 2416 1209 2484 iaciunt,
1233 2415 1263 2474 id
1287 2423 1333 2476 est
1355 2417 1464 2476 variant
1488 2415 1631 2476 elocutio·
1724 2399 1725 2408 ἵ

333 2535 412 2576 nem.
457 2533 529 2594 ergo
552 2517 590 2578 ob
612 2517 689 2578 baur
713 2535 830 2578 causam
852 2517 948 2578 tlietae
970 2525 1040 2576 sunt
1061 2515 1192 2584 litterae,
1215 2517 1261 2577 vel
1283 2517 1361 2596 quod
1384 2517 1552 2594 legentibus
1574 2519 1632 2578 iter

334 2616 497 2696 praebeant
518 2617 565 2679 rel
587 2618 666 2698 quod
686 2617 815 2696 legendo
837 2621 993 2680 iterentur.
1024 2620 1098 2678 istae
1120 2619 1237 2680 litterae
1259 2617 1336 2696 apud
1359 2620 1487 2679 maiores
1509 2629 1666 2680 nostroseo

334 2738 394 2779 non
416 2719 537 2780 luerunt
558 2718 665 2790 lllllli,
690 2720 741 2781 sed
765 2720 837 2781 Xl'l.
868 2729 970 2800 postea
994 2719 1109 2782 additae
1132 2729 1203 2782 suut
1224 2719 1308 2780 aliae.
1346 2721 1387 2780 ita
1411 2721 1497 2782 etiam
1521 2727 1630 2781 tracta·
1725 2802 1726 2805 Ἴ

266 2856 274 2873 ι
335 2832 417 2883 turus
445 2829 503 2892 est,
533 2829 567 2882 ut
594 2822 701 2883 doceat
730 2822 801 2882 olim
828 2822 893 2883 XVl
915 2824 1022 2893 luisse,
1052 2831 1152 2902 postea
1182 2842 1218 2883 ex
1245 2822 1395 2902 superfluo
1418 2822 1534 2883 additas
1557 2822 1630 2885 alias
1725 2818 1726 2855 ³

333 2923 446 2984 litteras
469 2931 499 2983 et
521 2924 612 2983 laetas
634 2922 733 2983 Xlllll.
766 2921 909 2983 babemus
931 2923 988 2985 ltoo
1010 2927 1041 2985 in
1064 2923 1147 2985 libris
1169 2925 1330 2987 additium
1352 2924 1431 3004 apud
1454 2926 1629 2993 Varronem,

334 3034 363 3085 et
385 3045 438 3085 cur
460 3033 504 3085 tot
525 3026 584 3085 sint
606 3032 636 3085 et
657 3044 749 3105 quare
773 3044 807 3085 eo
830 3024 935 3085 ordine
963 3028 1076 3105 positae
1104 3034 1134 3087 et
1155 3045 1246 3105 quare
1268 3027 1362 3087 isdem
1386 3028 1557 3089 nominibus
1579 3044 1630 3087 ro·

321 3137 447 3203 ‚centur
493 3135 563 3187 suut
589 3135 687 3187 autem
717 3126 833 3189 litterae
854 3126 959 3196 lllllll,
989 3129 1026 3188 de
1049 3127 1154 3205 quibus
1177 3135 1357 3189 tractaturus
1379 3146 1452 3189 sum.
1497 3129 1550 3190 sed
1571 3128 1629 3191 bae
1643 3146 1665 3184 ss

405 3367 418 3418 l
444 3378 557 3415 mortuus
582 3375 621 3414 est
639 3366 789 3431 ambiguum
808 3374 846 3415 est
861 3367 886 3415 L
908 3374 1022 3416 mortuus
1040 3376 1078 3433 est
1097 3368 1147 3431 (est
1167 3382 1211 3421 om.
1232 3368 1265 3431 C)
1284 3368 1307 3415 iu
1326 3368 1390 3431 (iam
1409 3370 1451 3415 A?
1468 3380 1535 3415 cerr.
1553 3367 1578 3414 in
1598 3366 1629 3431 a)

333 3436 625 3500 ambiguumestABG
675 3436 912 3499 4portiumom.A
962 3437 1172 3487 uoeuteABGL
1221 3438 1405 3502 5posttosuut
1419 3472 1625 3490 .............

334 3506 452 3569 quonium
468 3505 492 3553 A
511 3506 595 3569 posita
613 3518 672 3553 sunt
687 3506 800 3555 diximus
816 3506 841 3554 id
861 3510 875 3555 e
895 3515 919 3555 et
936 3509 1060 3557 rationem
1074 3507 1171 3555 ordinis
1190 3508 1261 3571 (quie
1281 3517 1337 3571 post
1355 3520 1445 3555 nomen
1466 3506 1570 3555 uerbum
1589 3517 1628 3555 est

333 3586 358 3624 et
375 3586 433 3640 post
449 3576 552 3623 uerbum
571 3576 732 3641 perticipium
748 3576 810 3625 add.
828 3578 853 3635 e)
872 3590 935 3641 ergo
953 3578 1071 3639 quonism
1092 3578 1133 3627 Cu
1152 3578 1236 3641 posite
1253 3588 1312 3625 suut
1332 3576 1444 3625 diximus
1463 3576 1489 3623 id
1507 3580 1521 3625 ἱ·
1540 3586 1565 3624 et
1586 3592 1627 3624 ra-

333 3645 540 3693 tionemordinis
560 3646 725 3707 posteriorem
742 3646 869 3693 omnibus.
909 3646 1023 3695 ttittimus
1045 3660 1105 3710 ergo
1125 3648 1243 3707 quonism
1264 3647 1303 3697 B:
1332 3646 1416 3711 posito
1435 3654 1494 3693 sunt
1513 3646 1627 3695 diximus

333 3728 397 3781 ergo
417 3714 536 3777 quonium
555 3714 617 3761 bene
637 3715 701 3763 dixit
721 3714 829 3763 donatus
849 3724 946 3777 portem
966 3716 1033 3763 illem
1052 3718 1159 3779 priorem
1178 3718 1286 3765 seribere
1305 3716 1443 3765 insentibus
1458 3717 1626 3780 posteriorem

333 3784 460 3833 omnibus.
479 3794 517 3832 est
533 3784 635 3833 robusta
654 3794 679 3832 et
696 3784 775 3834 utilis.
794 3782 913 3840 inchoato
931 3784 1049 3833 alitteris
1064 3786 1141 3849 igitur
1160 3800 1218 3850 pers
1233 3787 1281 3835 istu
1300 3801 1365 3849 quoe
1383 3784 1485 3833 uberior
1503 3796 1542 3834 est
1561 3800 1626 3849 quae

333 3854 408 3903 babet
426 3861 558 3903 trttetetttrn
577 3868 641 3914 quae
660 3854 734 3903 etium
754 3853 906 3919 exponenda
926 3866 964 3903 est
981 3854 1099 3903 inchoata
1117 3863 1155 3903 est
1173 3870 1187 3903 e
1207 3858 1306 3905 litteris.
1337 3856 1379 3903 illa
1399 3870 1460 3903 uero
1478 3870 1538 3919 pars
1557 3857 1627 3919 prior

332 3924 395 3973 nibil
415 3924 490 3972 babet
510 3922 665 3972 dificultatis.
692 3925 742 3972 isto
758 3926 843 3987 itaque
860 3926 891 3971 de
909 3924 998 3972 litteris
1016 3925 1048 3973 de
1066 3925 1162 3973 sillabis
1181 3926 1212 3973 de
1227 3926 1332 3987 podibus
1347 3926 1538 3974 deserentibus
1551 3924 1627 3973 habet

333 3995 459 4042 modicum
478 3994 651 4041 diilculttttem.
672 3994 729 4055 quis
749 3996 846 4057 primus
865 3994 957 4041 latinns
980 3994 1076 4043 litteras
1088 3996 1207 4059 repperit.
1228 3994 1332 4043 Constet
1355 3994 1376 4041 Ι,
1445 3998 1461 4043 li
1481 3994 1626 4043 benefecit

332 4064 408 4114 BCa
427 4066 490 4112 bene
507 4061 610 4111 dixitA
663 4061 771 4130 partem]
787 4073 865 4113 artem
879 4064 903 4110 A
912 4062 968 4113 BC.
988 4066 1035 4115 sed
1051 4066 1075 4113 t'rt
1093 4064 1117 4112 A
1136 4066 1192 4112 olim
1209 4064 1260 4125 suit
1274 4064 1371 4113 Partem
1426 4064 1626 4128 iposteriorem

332 4133 680 4182 omnibusdoclocoom.B
733 4136 899 4183 8trttrtotum
919 4133 1114 4184 constatABG
1166 4133 1197 4183 te
1216 4135 1288 4182 initio
1307 4132 1463 4183 liuiiBCu*
1482 4134 1554 4183 initio
1570 4135 1626 4182 libri

332 4204 388 4253 Ah
441 4212 466 4252 et
484 4203 595 4252 euonder
608 4204 695 4265 inquid
711 4204 751 4251 uir
763 4202 796 4256 t.
815 4205 913 4253 uidetur
929 4204 1084 4255 scribendum
1098 4220 1153 4253 esse
1169 4214 1193 4252 et
1206 4204 1306 4253 omniuo
1322 4204 1469 4253 verbosum
1485 4204 1534 4253 iste
1550 4204 1626 4257 Livii,

333 4274 452 4323 Euander
467 4274 505 4321 vir
523 4272 645 4321 mirabilis
662 4275 821 4321 redemtione
836 4277 975 4323 litterarum
989 4276 1025 4323 rei
1038 4282 1101 4323 eto:
1122 4274 1177 4325 Lio.
1194 4272 1211 4327 1,
1226 4276 1250 4337 7,
1264 4272 1281 4323 8
1301 4272 1416 4322 Euander
1428 4300 1461 4308 —
1474 4272 1626 4323 venerahilis

334 4346 372 4392 sir
388 4342 511 4392 miraculo
528 4343 675 4403 litterarum,
693 4344 729 4390 rei
749 4357 829 4391 urtrne
843 4345 909 4393 inter
927 4346 1002 4395 rudes
1022 4346 1112 4392 artium
1133 4344 1248 4393 homiues
1302 4343 1333 4393 tt
1352 4344 1406 4392 liuii
1427 4342 1486 4393 Cet
1503 4346 1529 4393 in
1548 4345 1626 4392 lituro

332 4416 362 4463 a·
383 4415 428 4462 liui
444 4414 498 4462 BL
564 4409 612 4475 rei]
631 4410 716 4461 resL
786 4413 896 4462 bominis
915 4414 939 4463 A
1010 4413 1041 4465 15
1068 4414 1144 4479 lneip.
1165 4413 1195 4461 de
1216 4414 1307 4465 littero.
1334 4412 1430 4463 litterae
1449 4414 1626 4477 quaredictee

333 4494 400 4534 sunt,
426 4484 524 4532 litterae
542 4481 623 4530 dietae
642 4492 700 4530 suut
720 4482 756 4530 t:
772 4484 901 4545 inscriptio
920 4485 950 4531 de
970 4483 1052 4531 littera
1069 4494 1128 4533 ante
1147 4490 1314 4533 correctorem
1331 4484 1382 4545 fuit
1399 4488 1425 4532 t'n
1438 4486 1461 4530 A
1516 4484 1626 4533 liinam

332 4567 438 4601 nanceio
462 4568 508 4601 ror
534 4552 619 4613 utique
639 4552 659 4601 G
725 4553 885 4602 intendentes
910 4553 934 4601 A
1006 4552 1125 4601 lectiones
1144 4554 1237 4602 ABG:
1262 4553 1394 4601 lectionem
1417 4566 1479 4617 crgo
1502 4554 1542 4601 uel
1567 4555 1627 4603 ideo

334 4622 417 4671 dietae
433 4633 492 4670 sunt
511 4621 607 4670 litterae
623 4622 691 4685 quud
709 4621 832 4687 legendos
847 4624 970 4672 iterentur
988 4620 1012 4669 L
1083 4622 1115 4672 lli
1133 4623 1173 4669 uel
1191 4624 1257 4686 quod
1276 4622 1419 4685 legentibus
1438 4623 1485 4671 iter
1504 4628 1627 4687 praebent

334 4691 375 4739 uel
395 4692 461 4754 quod
479 4690 587 4756 tegendo
607 4690 728 4741 iterantur
744 4693 767 4739 L
788 4694 828 4741 uel
846 4695 915 4755 quod
935 4692 1042 4797 leuataet
1050 4692 1172 4740 iterentur
1190 4694 1241 4743 BC
1257 4701 1281 4741 et
1304 4695 1328 4742 t‘n
1346 4695 1422 4741 litura
1438 4708 1455 4742 a
1525 4692 1557 4741 ‘21
1579 4694 1624 4743 sed

333 4807 404 4874 XVl]
426 4812 471 4859 sed
490 4808 571 4860 xxttt
591 4811 614 4859 L
685 4811 719 4863 13
736 4812 769 4861 od
788 4812 877 4862 attium
894 4813 950 4863 BC
967 4814 998 4860 ad
1018 4813 1095 4861 atium
1116 4814 1188 4861 And
1207 4815 1300 4862 setium
1319 4814 1359 4862 L:
1376 4814 1408 4873 εί.
1435 4814 1577 4865 ll'iluranrtr
1593 4816 1626 4864 de

338 4882 417 4931 Varr.
436 4880 479 4931 lib.
494 4894 598 4945 qprrtnort.
616 4896 644 4943 p.
667 4882 715 4931 117
732 4898 787 4947 sqq.
857 4883 890 4931 25
907 4892 966 4932 sunt
985 4894 1068 4931 autem
1087 4880 1178 4933 Boo*
1198 4895 1256 4932 sunt
1274 4882 1321 4932 bite·
1342 4882 1398 4933 AL
