3525 5600
307 353 370 418 236
442 338 446 367 '
875 352 1029 416 rournu
1129 344 1132 351 ’

333 477 355 518 p.
369 461 492 506 tto-171„
532 467 542 488 ”

308 545 403 612 dicas,
438 545 567 604 occurrit
593 542 648 603 alia
677 545 819 622 quaestio.
862 542 951 608 ouius
979 544 1123 621 temporis
1151 543 1208 602 erit
1235 540 1349 602 dicam?
1385 541 1485 602 luturi.
1526 559 1585 603 eros

204 641 218 656 ”
308 648 391 708 cuins
414 647 556 726 temporis
578 645 650 706 erit?
672 645 774 707 futuri.
813 662 885 724 ergo
908 647 957 724 qui
980 643 1052 704 dicit
1074 649 1161 704 ‘eras
1183 642 1297 704 dieam’
1320 642 1436 703 ridetur
1457 645 1585 722 quonian

308 748 364 810 hoo
387 747 470 820 dicit,
499 766 558 808 non
581 753 663 808 ‘eros
691 746 820 818 dicam’,
850 747 902 808 sed
931 746 1003 808 dicit
1024 751 1033 778 ‘
1041 754 1109 825 post
1131 765 1197 806 cras
1220 745 1342 808 dicam’.
1386 763 1453 806 eras
1480 747 1585 824 signum

309 857 353 912 est
373 851 462 910 unius
483 853 627 930 temporis
649 851 750 912 loturi.
784 867 851 910 mm
874 851 982 912 iterum
1005 851 1119 910 venerit
1140 853 1215 919 oras,
1240 852 1341 909 ‘cras’
1365 847 1436 908 dicit
1456 847 1584 925 ‘dicam',

309 971 378 1012 ecce
400 952 476 1014 eliud
500 954 641 1022 futurum,
666 960 695 1012 et
716 951 831 1014 videtur
854 953 939 1030 quasi
962 952 1064 1012 vitiose
1086 950 1174 1029 loqui.
1218 950 1358 1012 subtilem
1386 969 1450 1011 rem
1476 952 1607 1011 invene-s
1708 984 1709 993 2

308 1063 391 1127 runt,
421 1062 449 1115 et
478 1065 576 1116 tamen
606 1055 696 1115 hodie
722 1055 765 1114 sic
787 1054 914 1122 utimur,
943 1053 1027 1114 ‘cras
1054 1053 1179 1114 dicsm'.
1224 1035 1284 1114 non
1312 1055 1392 1113 enirn
1419 1052 1478 1113 duo
1500 1054 1588 1114 lutura

308 1165 385 1218 suot.
437 1175 493 1237 qua
521 1159 667 1218 ratione‘l·
692 1155 979 1236 quoniamquando
1007 1155 1073 1216 dico
1102 1156 1249 1226 ‘dicam’,
1281 1156 1442 1235 promissio
1475 1163 1532 1225 est,
1564 1163 1590 1214 et

308 1259 426 1340 quando
449 1259 515 1320 dieo
537 1260 651 1330 ‘eres',
675 1259 832 1339 promissio
857 1265 911 1327 est,
933 1257 964 1317 id
987 1268 1032 1319 est
1053 1260 1078 1319 si
1100 1259 1158 1319 hoe
1178 1260 1278 1337 ipsum
1299 1258 1428 1318 futurum
1445 1259 1503 1318 iam
1525 1275 1588 1317 oon-

307 1365 385 1441 tigit,
416 1361 467 1424 sed
491 1369 520 1422 et
541 1372 696 1442 postquam
719 1362 897 1439 contigerat,
925 1362 1034 1421 iterum
1056 1369 1088 1422 tu
1110 1361 1225 1421 diceres
1247 1360 1327 1421 aliud
1353 1361 1500 1429 lutururn,
1526 1367 1590 1420 tunc

309 1473 388 1528 esset
414 1465 566 1544 geminum
593 1464 733 1525 futurum.
778 1471 938 1540 utrumque
965 1469 1061 1524 autern
1089 1462 1191 1523 diliers
1215 1459 1221 1546 Ι
1243 1463 1280 1523 ad
1308 1471 1427 1544 tempus
1457 1464 1620 1532 luturum,1o

309 1576 338 1629 et
367 1569 425 1629 iarn
449 1585 509 1628 non
531 1566 631 1628 diliers
653 1567 689 1628 ad
717 1567 775 1627 duo
803 1575 939 1646 tempora
965 1566 1079 1634 lutura,
1109 1564 1162 1625 sed
1190 1565 1226 1626 ad
1253 1584 1353 1627 unum.
1399 1565 1591 1627 animadverte

308 1669 364 1732 hoc
386 1672 482 1750 ipsum
505 1667 585 1747 quod
608 1668 689 1740 dieo,
719 1676 752 1729 ut
772 1667 935 1746 intellegas
980 1666 1059 1728 eliud
1082 1676 1141 1736 est,
1172 1667 1291 1747 quando
1317 1667 1383 1728 dieo
1405 1667 1512 1728 ‘hodie
1532 1667 1592 1727 dieo

309 1781 338 1833 et
364 1790 430 1833 cros
452 1771 576 1832 dicam’.
622 1789 692 1832 eece
718 1790 751 1832 re
779 1789 847 1832 vero
876 1771 935 1832 duo
961 1779 1096 1848 tempora
1123 1779 1206 1831 sunt:
1239 1771 1400 1848 significavi
1428 1772 1508 1830 enim
1534 1788 1592 1831 rem

308 1881 495 1956 praesentem
524 1883 639 1934 utrem
662 1873 801 1934 futuram.
846 1872 963 1953 quondo
986 1880 1084 1933 eutem
1106 1873 1173 1933 dieo
1200 1872 1255 1933 tihi
1277 1877 1361 1934 ‘cras
1387 1872 1511 1941 dicam',
1538 1891 1591 1932 non

307 1979 441 2056 significo
463 1976 595 2037 loturum
619 1983 648 2035 et
671 1975 776 2036 exinde
799 1974 879 2036 aliud
901 1976 1047 2045 futurum,
1076 1974 1129 2036 sed
1155 1975 1215 2036 duo
1236 1976 1334 2037 lutura
1357 1973 1444 2035 simul
1466 1993 1623 2055 pronun-e

308 2083 357 2156 tio,
381 2079 410 2140 id
435 2086 478 2140 est
501 2079 559 2140 duo
582 2080 681 2139 lutura
705 2085 774 2140 sunt
796 2085 826 2138 et
846 2076 934 2138 simul
956 2079 1132 2156 significant.
1175 2097 1244 2138 eum
1272 2095 1343 2156 ergo
1371 2085 1488 2157 tempus
1513 2077 1593 2138 adre-

308 2183 395 2257 nerit‚
418 2200 484 2242 curn
508 2179 612 2249 dicam,
636 2198 695 2241 non
720 2179 820 2240 videor
842 2184 927 2258 quasi
943 2198 958 2239 a
973 2180 1185 2240 secundo-iam
1207 2179 1345 2260 conpleto
1362 2180 1506 2240 inchoare
1520 2179 1593 2243 aliud

307 2286 453 2354 fututum,
483 2284 534 2345 sed
562 2284 644 2362 quasi
672 2282 730 2343 duo
758 2283 924 2360 significare
952 2281 987 2342 ad
1017 2301 1108 2343 rmum
1135 2284 1277 2343 futurum.
1327 2282 1496 2343 etidcirco
1522 2284 1593 2342 iusta

308 2389 423 2448 ratione
445 2386 502 2448 hoc
524 2384 641 2446 dieitur.
670 2403 740 2462 ergo
763 2386 857 2462 siquis
878 2384 932 2444 tini
954 2382 1011 2444 hoc
1032 2387 1140 2446 iterum
1162 2383 1248 2454 dicat,
1272 2385 1409 2464 ‘exponis
1424 2384 1498 2444 mihi
1511 2383 1594 2443 hodie

308 2487 512 2558 lectioneml’‚
536 2489 562 2548 si
584 2486 679 2548 dicam
704 2489 856 2566 ‘expono’,
881 2484 1074 2548 soloecismus
1097 2493 1151 2547 est.
1193 2505 1254 2547 non
1277 2488 1355 2547 enim
1378 2488 1516 2566 exponis,
1539 2504 1625 2546 nonno

308 2590 404 2651 adhuc
426 2591 507 2658 loeis,
532 2587 584 2649 sed
606 2590 738 2650 lecturus
761 2609 801 2649 cs.
847 2606 919 2667 ergo
942 2607 1001 2649 non
1023 2588 1125 2650 debuit
1146 2588 1245 2649 dicere
1267 2589 1429 2668 ‘expono',
1453 2587 1508 2648 sed
1529 2591 1594 2647 ‘ex-

308 2697 443 2773 ponam’.
488 2694 558 2752 item
585 2693 617 2752 in
645 2693 787 2771 perlectis
808 2690 994 2771 temporibus
1016 2698 1046 2751 et
1072 2691 1113 2751 ihi
1141 2697 1210 2751 sunt
1235 2692 1335 2769 grauia
1356 2692 1436 2752 vitia.
1480 2692 1508 2750 si
1528 2689 1595 2749 velis

308 2795 409 2857 dicere
431 2804 500 2876 puta
525 2796 599 2855 ‘iam
622 2792 762 2873 legeram,
785 2795 844 2855 iam
866 2792 934 2873 legi,
958 2800 1106 2855 ettamen
1129 2813 1189 2854 non
1211 2801 1299 2855 teneo
1321 2792 1507 2869 lectionem’‚
1532 2812 1596 2854 eeoc

308 2899 527 2978 praeposterius
554 2915 625 2957 usus
653 2914 685 2957 es
711 2915 752 2957 re·
773 2896 841 2957 ollrn
872 2898 946 2957 lacto
974 2904 1042 2957 ante
1069 2916 1133 2957 rem
1161 2896 1250 2977 paulo
1277 2904 1344 2975 post
1371 2897 1488 2957 iactam.
1541 2914 1596 2956 non

309 3018 381 3079 ergo
409 3002 451 3060 sie
479 2998 570 3060 debes
598 2998 713 3067 dicere,
743 2997 794 3058 sed
818 3001 857 3059 ita
885 2998 976 3058 debes
997 2998 1094 3075 loqui,
1119 3000 1196 3059 ‘iam
1218 2998 1290 3077 legi,
1313 3000 1372 3059 iam
1395 2998 1542 3078 legeram,
1570 3006 1627 3059 ete

309 3102 379 3163 olim
400 3105 458 3163 iarn
481 3102 621 3180 legeram,
646 3107 795 3160 ettamen
817 3118 877 3161 non
901 3109 988 3161 teneo
1011 3101 1196 3171 lectionem'.
1233 3103 1258 3161 si
1280 3107 1432 3180 permutes
1454 3100 1595 3169 ordinem,

309 3214 370 3265 turn
399 3202 488 3263 stabit
516 3202 651 3264 elocutio.
698 3220 768 3280 ergo
795 3210 827 3263 ut
853 3204 978 3264 vitemus
1005 3205 1076 3273 ista,
1107 3202 1249 3263 debemus
1270 3210 1374 3265 tenere
1397 3202 1596 3264 definitionem

310 3302 515 3386 temporuml

392 3408 542 3468 Personae
564 3406 662 3468 verbis
683 3406 822 3469 accidunt
841 3416 914 3477 tres,
936 3409 1031 3488 primo
1053 3407 1182 3469 secunda
1204 3410 1301 3469 tertia.
1346 3410 1441 3487 primo
1464 3415 1511 3468 est
1525 3424 1597 3485 quae

310 3509 396 3585 dicit,
424 3510 518 3588 ipsius
546 3508 673 3569 hominis
699 3510 859 3587 loquentis,
889 3518 922 3570 ut
942 3518 1012 3589 puta
1034 3508 1102 3588 lego
1122 3510 1222 3571 scribo
1249 3510 1325 3570 dieo.
1370 3509 1444 3571 haee
1473 3528 1630 3590 personam
1708 3523 1709 3560 ὲ

310 3610 398 3672 stulte
421 3612 527 3689 accipit
554 3612 774 3673 nominativum.
817 3612 888 3672 lieet
914 3611 992 3672 dicat
1018 3614 1074 3673 iste
1096 3614 1245 3692 recipere,
1275 3612 1360 3673 aliter
1387 3615 1510 3691 recipit:
1541 3630 1598 3672 non

89 3738 90 3742 ¹
191 3726 250 3789 437,
265 3728 435 3794 supersono
457 3714 577 3793 recipit,
601 3712 652 3773 sed
676 3712 802 3775 elocutio
829 3714 938 3794 recipit
965 3715 1184 3775 nominativum.
1229 3701 1361 3776 ceterum
1383 3717 1447 3795 ipsa
1473 3732 1598 3795 persona

310 3834 468 3896 numquam
491 3816 598 3894 recipit
618 3818 846 3885 nominativum,
870 3834 997 3896 persona
1019 3818 1115 3895 prima
1138 3834 1198 3877 non
1215 3823 1282 3893 eget
1302 3819 1491 3878 nominativo.
1526 3818 1600 3895 siqui

309 3918 380 3979 velit
401 3917 456 3979 tibi
477 3918 578 3977 dicere
600 3918 688 3997 ‘quid
711 3919 827 3987 lacisi’‚
850 3925 919 3998 puta
944 3916 1060 3995 ‘lego’‚
1090 3936 1150 3978 non
1173 3918 1268 3979 solum
1292 3918 1365 3979 dixit
1386 3919 1457 3998 quid
1478 3919 1599 3986 laceret,

310 4020 361 4079 sed
391 4022 478 4081 etiam
506 4038 538 4079 se
565 4021 663 4099 ipsunt
691 4020 819 4081 ostendit
845 4020 1002 4098 legentem.
1048 4029 1180 4081 ceterum
1208 4023 1233 4081 si
1260 4020 1314 4082 tibi
1341 4020 1421 4082 dicat
1448 4025 1632 4102 ‘expectes

311 4123 439 4201 egotibi
462 4121 562 4199 lego’‚
592 4120 734 4183 abundet.
776 4123 833 4183 hoc
861 4126 941 4183 enim
970 4126 1065 4203 ipsum
1089 4122 1155 4201 lego
1178 4124 1321 4203 numquid
1343 4125 1489 4202 signifieat
1511 4125 1599 4183 etiarn

310 4224 368 4285 nisi
395 4225 469 4301 egoi
518 4224 581 4304 ipsa
608 4243 736 4304 persona
765 4225 855 4286 habet
882 4227 971 4288 etiam
998 4227 1029 4286 in
1056 4244 1089 4286 se
1116 4244 1291 4305 pronomen,
1318 4224 1408 4288 habet
1433 4227 1465 4286 in
1488 4226 1598 4286 serim

310 4380 614 4389 -...—-—--.—.-.

382 4449 394 4497 1
414 4448 460 4495 erit
474 4446 526 4497 ΒΘ
531 4462 547 4495 a
567 4456 604 4497 εει
619 4448 643 4497 Α
661 4456 766 4513 utroque
782 4452 836 4499 loco
885 4449 1032 4512 lfortasoe
1048 4446 1148 4496 videtur
1164 4446 1238 4510 quasi
1256 4447 1307 4496 duo
1326 4446 1411 4496 lutura
1424 4462 1519 4513 ponere
1538 4461 1598 4509 quo

311 4518 379 4567 nium
449 4516 579 4568 6uti1nur
601 4532 657 4567 crus
675 4518 758 4568 dicam
775 4534 789 4567 e
808 4519 901 4567 utimur
921 4533 978 4567 eras
997 4518 1054 4567 dico
1074 4516 1160 4566 ΑΒΘ
1226 4515 1284 4567 usi
1302 4516 1351 4566 hoc
1367 4533 1381 4565 c
1397 4518 1436 4566 sie
1454 4517 1503 4566 hoc
1519 4516 1599 4567 ΑΒΘ

378 4586 395 4639 9
413 4597 439 4638 tu
457 4603 503 4638 om.
519 4589 552 4652 A,
572 4588 632 4638 odd.
651 4604 668 4636 o
756 4589 789 4639 10
806 4596 873 4639 esset
895 4590 916 4639 Θ
932 4603 990 4638 esse
1007 4587 1061 4637 AB
1147 4594 1280 4649 utrumque
1302 4595 1384 4636 cirtem
1406 4587 1493 4637 delens
1509 4602 1550 4637 res
1567 4584 1599 4635 ad

311 4665 410 4723 tempus
429 4657 540 4707 luturum
560 4668 584 4708 et
605 4660 655 4707 iam
673 4673 722 4708 non
748 4667 831 4708 aretem
854 4658 955 4708 deleres
980 4658 1013 4707 ad
1037 4657 1130 4706 ‹1qu
1209 4656 1241 4708 13
1259 4658 1416 4724 significauit
1433 4660 1501 4707 enlm
1520 4654 1601 4705 ΑΒΘ

382 4730 415 4777 ut
434 4743 485 4777 rem
505 4729 564 4778 olIm
581 4729 674 4778 lactem
692 4729 745 4783 ΒΘ
829 4728 862 4778 32
882 4736 992 4777 ceterum
1011 4756 1044 4765 -
1062 4742 1232 4793 personuere.
1250 4728 1286 4787 A,
1304 4728 1366 4779 odd.
1388 4744 1405 4776 a
1488 4730 1520 4777 :st
1538 4733 1600 4789 pute
1708 4773 1709 4782 ,

312 4797 370 4863 lego
389 4798 500 4847 abundat
523 4812 572 4847 non
593 4798 675 4848 solum
696 4800 789 4850 ABG:
813 4808 874 4865 putu
892 4813 941 4865 ego
960 4799 1027 4863 lego,
1046 4813 1096 4865 ego
1118 4798 1229 4847 obtendet
1251 4798 1435 4849 Lindemoonus
1506 4795 1538 4848 36
1552 4810 1600 4861 ego

313 4867 356 4915 tibi
371 4867 428 4932 lego
446 4866 494 4916 hoc
508 4869 574 4917 enim
592 4866 673 4931 (cuim
692 4884 738 4923 om.
758 4869 791 4935 Α,
809 4869 870 4923 add.
890 4866 921 4934 a)
941 4869 1026 4936 ipsum
1046 4869 1103 4935 lego
1120 4868 1205 4917 ΑΒΘ
