3525 5600
685 450 922 514 COMMENTVM
1057 512 1060 523 ,
1389 445 1452 510 267

1269 569 1290 609 p.
1303 555 1428 597 ὅθι-841.

178 639 341 721 expletivae,
376 639 444 720 qnia
473 636 544 701 illud
567 638 645 718 quod
673 639 772 700 minus
800 638 912 700 dietum
941 647 1006 699 erat
1031 655 1155 699 accessu
1184 637 1273 698 buius
1305 634 1452 715 expletur.

177 753 202 806 et
222 760 312 822 paene
338 743 369 804 in
397 739 537 803 omnibus
563 741 620 802 boo
647 759 712 802 esse
738 741 879 802 invenies.
925 739 1076 818 equidem,
1103 737 1136 800 id
1157 749 1209 801 est
1235 755 1291 816 ego
1317 738 1452 818 quidem:

178 842 313 925 ‘equidem
334 841 469 906 volebam
489 841 590 904 videre
612 842 849 922 praelectnm'si
868 845 966 908 dicas.
989 849 1020 904 et
1039 843 1064 901 si
1087 840 1168 903 dieas
1189 837 1338 902 ‘volebam
1353 840 1454 902 videre

176 947 368 1026 praelectum’,
391 945 479 1025 longe
501 944 581 1007 aliud
603 953 658 1008 est.
703 947 755 1024 qui
778 944 849 1007 dicit
871 944 1018 1007 ‘volebam
1038 943 1138 1005 videre
1160 944 1344 1023 praelectum
1352 945 1374 1015 ⁹,
1396 943 1455 1004 boo
1508 1007 1516 1020 ,

155 1049 238 1112 edicit
255 1046 438 1128 simpliciter,
461 1047 608 1110 ‘volebam
629 1047 730 1110 videre
752 1049 962 1128 praelectum’;
986 1048 1037 1124 qni
1059 1044 1132 1131 dioit
1152 1045 1304 1126 ‘equidem
1320 1043 1453 1106 volebam

175 1151 263 1212 ridere
277 1151 483 1230 praelectum’,
505 1151 562 1214 boo
582 1153 665 1225 dt'ee't,
689 1152 831 1212 ‘ooiebmn
857 1151 958 1211 vidae
976 1149 1179 1227 proeseetwe,
1201 1149 1259 1209 nisi
1273 1145 1346 1208 illud
1367 1149 1453 1208 time·

174 1273 246 1322 rem,
268 1253 327 1314 nisi
349 1251 424 1315 illud
453 1253 600 1315 obesset’.
643 1271 712 1315 nam
735 1255 787 1332 qui
808 1253 880 1315 dioit
901 1251 1056 1332 ‘equidem
1078 1247 1214 1311 volebam
1236 1247 1369 1320 videre',
1398 1248 1455 1310 boo

174 1357 317 1434 significat,
340 1353 486 1416 ‘solebam
508 1355 620 1427 videre,
642 1355 694 1416 sed
718 1354 774 1418 alia
796 1373 845 1416 res
866 1353 1035 1422 intercedit,
1058 1371 1136 1432 quae
1156 1349 1326 1430 probibet';
1354 1351 1455 1428 ‘eqni-

174 1459 234 1520 dem
254 1455 388 1518 xoiebam
411 1455 521 1535 legere,
544 1457 596 1519 sed
618 1456 692 1520 illud
715 1459 833 1520 timeo’.
867 1457 937 1518 ideo
958 1456 1097 1518 dicuntur
1119 1453 1290 1532 expletivae,
1314 1454 1455 1531 quoniam
1527 1519 1538 1533 ‚-

145 1560 271 1623 uineae
292 1557 413 1638 aliquid,
436 1559 516 1638 qued
538 1578 599 1621 non
618 1556 623 1641 Ι
643 1575 817 1640 expressum
839 1567 893 1630 est,
916 1558 969 1620 sed
991 1558 1078 1628 latet,
1099 1555 1174 1618 illud
1195 1557 1278 1636 ipsae
1297 1574 1347 1616 res
1368 1553 1456 1617 nobie

174 1663 379 1725 demonstrant.

248 1764 328 1827 inter
349 1762 481 1826 causales
503 1769 532 1825 et
554 1763 715 1826 rationales
742 1773 788 1826 est
809 1764 988 1835 differentia,
1023 1771 1053 1825 et
1081 1768 1127 1822 est
1152 1760 1203 1822 bio
1228 1761 1355 1821 maxima
1381 1759 1458 1822 dtttt·
1469 1769 1529 1831 418,
1544 1768 1575 1818 tt

174 1867 267 1937 cultas,
292 1874 323 1928 et
344 1867 402 1928 nisi
416 1865 558 1928 adhibeas
573 1866 737 1948 prudenter
751 1867 956 1937 intentionem,
979 1884 1041 1927 non
1054 1862 1142 1924 iaoile
1157 1862 1314 1930 discernis,
1338 1861 1458 1942 quando
1470 1837 1529 1898 Μ’
1541 1837 1575 1885 ²⁰

174 1968 308 2030 debemus
330 1970 374 2032 uti
396 1967 515 2039 carnali,
539 1969 656 2050 quando
678 1967 822 2032 debemus
844 1971 887 2030 nti
908 1966 1055 2038 rationali,
1077 1967 1155 2044 siqui
1177 1964 1257 2026 dieat
1277 1971 1349 2044 puta
1375 1963 1458 2042 ‘quid

144 2078 214 2132 pest
239 2069 395 2132 causalis’i
431 2071 502 2151 quid
530 2079 577 2134 est
597 2072 784 2134 rationalis’t
828 2072 988 2134 voluerunt
1013 2070 1142 2130 maiores
1162 2069 1258 2128 nostri
1282 2065 1369 2128 aliam
1391 2084 1460 2128 esse

174 2190 301 2243 oausam,
332 2171 419 2235 aliam
440 2177 596 2236 rationem
643 2176 719 2236 nam
734 2191 822 2236 eausa
844 2180 943 2255 potest
963 2170 1031 2234 esse
1051 2172 1116 2232 sine
1136 2170 1267 2239 ratione,
1296 2169 1373 2230 ratio
1393 2169 1459 2230 sine

173 2293 254 2336 eausa
282 2293 347 2337 esse
373 2294 434 2339 non
461 2283 569 2357 potest.
614 2285 685 2356 puta
712 2294 799 2338 eausa
828 2283 875 2338 est
900 2274 984 2336 verbi
1006 2293 1109 2344 eausa,
1137 2272 1216 2350 siqui
1237 2270 1317 2332 dicat
1337 2269 1458 2331 ‘omido

171 2376 249 2440 illum
271 2379 433 2450 hominem,
456 2386 489 2440 ut
510 2377 611 2441 tollam
633 2395 683 2440 res
703 2380 825 2459 ipsius’.
868 2376 943 2439 leaeo
963 2395 1052 2438 causa
1073 2382 1133 2444 est,
1157 2392 1234 2454 quae
1256 2390 1311 2434 nos
1330 2374 1461 2453 inpingit

173 2479 206 2542 ad
225 2481 402 2549 laciendum.
425 2481 456 2544 id
478 2489 523 2543 est
544 2499 634 2543 causa
656 2499 732 2561 qnae
754 2499 810 2542 nos
832 2479 948 2560 inpellit
968 2477 1005 2540 ad
1027 2478 1150 2541 latinns.
1194 2493 1270 2555 qnae
1292 2480 1338 2538 est
1352 2477 1459 2537 eausa?

141 2598 216 2644 arm
236 2582 323 2646 lucri.
368 2586 444 2645 ratio
466 2591 512 2646 aet
532 2601 590 2664 qna
612 2583 725 2645 utimur
746 2585 779 2645 in
799 2582 946 2644 laniendo.
991 2583 1017 2642 si
1039 2581 1119 2641 dieas
1141 2577 1251 2641 ‘debeo
1274 2576 1359 2639 illum
1375 2578 1459 2638 oeci·

173 2684 252 2755 dere;
276 2685 329 2747 sed
351 2685 378 2746 si
399 2683 471 2748 illud
494 2685 597 2748 dixero
620 2685 716 2755 abeui,
739 2685 833 2764 prodo
855 2703 920 2755 me;
948 2683 1002 2745 sed
1024 2700 1156 2752 veneno,
1178 2680 1233 2742 sed
1253 2697 1309 2759 per
1329 2686 1458 2750 noctem,

171 2789 274 2867 nequis
301 2807 350 2851 me
376 2786 508 2851 videat’t
529 2788 623 2862 ⁸eide,
652 2795 794 2867 qnantum
827 2789 954 2850 interest
983 2787 1063 2847 inter
1097 2802 1217 2846 eausam
1245 2789 1276 2845 ot
1302 2783 1457 2845 rationem.

172 2890 253 2969 plane
275 2890 329 2952 nbi
351 2898 396 2951 est
417 2908 520 2961 causa,
549 2910 608 2953 non
637 2890 735 2953 statim
757 2897 803 2952 est
823 2891 909 2952 ratio.
953 2906 1055 2969 neque
1081 2889 1177 2957 enim,
1205 2885 1345 2966 qnoniam
1370 2901 1461 2963 spero

171 2992 373 3063 hereditatem,
397 2990 492 3055 debeo
513 2992 597 3056 illum
619 2992 767 3056 oooidere.
805 2992 896 3072 quidi
918 2993 945 3053 si
965 2997 1051 3071 pater
1072 2988 1283 3058 meminerit,
1305 2986 1460 3066 numquid,

140 3097 309 3172 squoniam
333 3112 423 3176 spero
444 3093 648 3163 hereditatem,
672 3094 767 3156 debeo
787 3100 905 3175 patrem
927 3111 1026 3154 meum
1047 3091 1203 3153 oooideret
1233 3108 1306 3169 ergo
1328 3105 1388 3150 non
1409 3086 1463 3149 ubi

171 3214 257 3259 osma
278 3205 333 3267 est,
357 3198 454 3259 statim
477 3204 507 3257 et
528 3198 604 3259 ratio
626 3204 684 3258 est.
721 3215 737 3257 e
761 3197 911 3259 contrario
933 3214 994 3257 non
1016 3201 1084 3256 ante
1106 3198 1206 3274 potest
1225 3191 1352 3253 inveniri
1372 3191 1460 3257 ratio.

172 3300 226 3361 nisi
252 3316 341 3361 causa
368 3298 538 3379 praecedat.
583 3316 659 3377 quae
686 3300 795 3361 causat
825 3300 909 3378 quia,
938 3299 964 3359 si
992 3296 1087 3359 dinam
1115 3296 1163 3357 ‘in
1191 3291 1263 3355 solis
1288 3291 1463 3372 regionibus

172 3400 251 3463 solus
273 3402 401 3473 ieoiam’,
424 3418 550 3463 neeesse
571 3409 670 3464 estut
690 3401 849 3481 praeeedat
868 3398 872 3483 Ι
893 3402 981 3463 etiam
1004 3417 1106 3469 eausa,
1131 3415 1225 3479 quaro
1245 3395 1389 3458 oooidam.
1432 3401 1462 3456 et

173 3502 242 3581 qnid
263 3502 386 3583 prodest
408 3502 465 3565 hoe
486 3504 582 3565 seire?
617 3510 740 3585 propter
761 3503 841 3565 illam
863 3521 999 3572 oausam,
1023 3518 1112 3582 quam
1134 3498 1262 3578 legistis,
1285 3496 1356 3559 lieet
1377 3495 1464 3559 nobis

139 3604 304 3668 tooausales
326 3606 369 3667 uti
391 3624 446 3687 pro
469 3605 679 3676 rationalibns;
702 3625 761 3668 non
791 3606 904 3667 utimur
924 3623 980 3685 pro
1003 3602 1173 3665 causalibus
1193 3599 1364 3663 rationales
1407 3618 1461 3680 po·

171 3712 229 3767 test
249 3708 313 3769 lieri
328 3716 371 3777 ut,
394 3706 447 3769 ubi
468 3706 598 3771 volueris
620 3726 735 3789 ponere
756 3707 942 3777 rationalem,
964 3724 1059 3786 ponas
1079 3705 1123 3766 ibi
1145 3712 1175 3765 et
1189 3702 1338 3765 ramalem
1352 3705 1385 3763 in
1398 3702 1465 3781 ipsa

172 3808 350 3879 elocutione;
374 3828 392 3871 e
414 3811 579 3881 conbario,
603 3809 655 3874 ubi
677 3819 724 3871 est
744 3808 882 3879 causalis,
906 3826 967 3871 non
989 3810 1089 3871 statim
1110 3824 1204 3887 pones
1225 3814 1256 3868 et
1276 3802 1463 3868 rationalem.

172 3913 283 3991 quare?
318 3912 385 3991 quia
414 3914 583 3974 iuratione
606 3920 776 3983 estoausa,
804 3914 836 3974 in
864 3930 952 3974 eausa
980 3929 1041 3972 non
1062 3910 1161 3973 statim
1188 3916 1235 3971 est
1261 3909 1348 3969 ratio.
1391 3922 1464 3982 erqo

172 4013 439 4093 quotiensonmque
467 4014 506 4077 de
532 4032 620 4077 nausa
651 4015 817 4093 loquimur,
852 4016 895 4077 uti
927 4013 1071 4076 debemus
1092 4010 1275 4078 camalibns;
1310 4009 1462 4087 quotiens·

140 4128 302 4194 eoumque
323 4116 363 4179 de
384 4117 501 4179 ratione
522 4115 683 4195 loquimur,
708 4120 751 4178 uti
773 4116 918 4179 debemus
938 4113 1142 4177 rationalibus.
1187 4120 1220 4174 ot
1245 4118 1315 4192 puta
1337 4111 1363 4171 si
1384 4108 1465 4170 dieas

174 4218 220 4288 ite,
245 4219 283 4281 ‘si
304 4218 439 4281 oooidam
460 4218 554 4289 illum,
577 4218 694 4281 babebo
710 4220 775 4281 eius
790 4218 1008 4289 hereditatem’,
1030 4217 1171 4298 quoniam
1193 4214 1232 4276 de
1251 4212 1466 4293 significatione

173 4318 250 4383 tueri
277 4328 397 4392 traam,
429 4321 497 4401 quia
524 4340 593 4401 spes
621 4320 697 4384 lueri
723 4328 753 4382 te
781 4322 861 4401 eogit
887 4320 925 4382 ad
952 4322 1081 4388 latinus,
1115 4316 1193 4379 bene
1213 4318 1307 4379 uten's
1340 4312 1466 4376 causali:

244 4527 422 4579 lemausum
473 4525 559 4593 explet
571 4526 644 4578 nna
656 4526 756 4593 expleta
768 4526 794 4575 Α
845 4527 863 4576 2
879 4524 996 4574 inuenies
1008 4524 1048 4574 ct
1059 4522 1161 4573 inuenio
1172 4522 1230 4573 AB
1279 4518 1466 4585 ilpraeleotnm

176 4602 201 4643 et
218 4597 242 4645 si
261 4597 330 4647 dions
349 4596 468 4647 nolebam
487 4596 572 4649 ABG
620 4596 707 4649 bboe
725 4596 788 4647 dicit
807 4594 922 4647 volebam
945 4594 1033 4644 videre
1050 4592 1208 4660 praelectum
1229 4608 1276 4645 om.
1291 4589 1376 4641 ABG
1433 4590 1468 4641 to

178 4666 243 4727 quod
261 4681 412 4733 expressum
428 4675 467 4717 eet
484 4668 510 4717 B
561 4667 649 4717 lateret
661 4667 687 4715 Α
706 4666 773 4721 lete,
786 4707 793 4721 ,
805 4706 812 4721 ,
826 4706 833 4719 .
847 4662 886 4715 B·
925 4664 958 4717 te
974 4664 1090 4730 inpinget
1102 4662 1156 4713 Ao
1203 4662 1237 4711 ιι
1255 4660 1373 4713 videon,
1386 4659 1469 4711 ABG

244 4735 276 4787 29
294 4736 356 4800 qnid
374 4736 479 4802 prodest
496 4736 545 4787 hoo
563 4738 616 4787 sois
635 4737 697 4800 qnid
712 4744 817 4802 propter
832 4734 916 4785 ABG
983 4732 1018 4785 34
1034 4734 1158 4783 debemus
1171 4731 1204 4780 de
1221 4729 1369 4781 muselibns
1386 4727 1469 4780 ABG

245 4802 277 4857 db
294 4805 463 4857 rationalibus
480 4806 521 4859 Gd
536 4806 654 4857 rationali
673 4806 730 4856 AB
784 4806 818 4857 37
836 4806 897 4869 quie
915 4801 987 4871 spes]
1005 4818 1071 4868 qnae
1089 4816 1150 4868 spes
1167 4800 1252 4853 Aac
1307 4800 1469 4850 beroentis

180 4873 282 4936 ramuli,
300 4890 379 4925 sanae
397 4878 461 4926 enirn
480 4885 520 4925 est
537 4876 725 4927 Lindemmrmea
742 4876 808 4927 bene
826 4874 907 4927 uteris
923 4873 1019 4925 eutimii
1035 4870 1144 4933 (censali
1160 4886 1208 4924 oar.
1227 4872 1261 4929 B,
1277 4870 1340 4924 add,
1358 4868 1388 4930 b)
1406 4882 1467 4921 ean·

180 4942 241 4995 saiie
255 4945 322 4997 enim
340 4959 416 4997 oense
432 4953 470 4997 eet
486 4945 538 5000 Bc
554 4947 617 5000 bene
637 4947 717 5000 uteris
734 4944 845 5001 oanmtie
863 4945 930 4999 enim
945 4944 1056 4995 moestis
1074 4943 1141 4993 enim
1158 4956 1237 4996 earne
1253 4949 1292 4993 eet
1307 4942 1332 4994 A
