3525 5600
652 403 890 467 communivit
1357 399 1422 463 219

1236 521 1257 563 p.
1270 511 1360 552 ιιι-ιιι
1374 508 1396 550 ι.

145 618 202 660 ecce
226 597 305 658 vides
332 593 555 660 similitudinem
582 594 693 672 ipsam,
730 598 885 654 ettamen
913 599 983 654 nato
1010 591 1147 653 neutrale
1174 589 1297 652 vmbum
1321 597 1366 651 est
1393 597 1424 652 et

143 703 270 782 passivam
297 696 387 759 babet
415 696 676 776 significationem
706 693 813 774 loquor
834 694 989 776 deponens
1010 692 1134 756 verbum
1156 700 1203 755 ost
1224 699 1254 754 et
1275 694 1422 773 passivam

143 803 220 864 babet
244 801 497 880 significationem.
542 796 623 858 uude
651 805 775 879 apparet
802 800 941 876 quoniam
969 796 1008 859 ab
1029 803 1156 875 utraque
1177 802 1264 876 parte
1286 793 1452 856 similiter·

143 903 301 966 declinatur.
345 901 424 964 unde
446 905 571 982 apparet
592 899 733 979 quoniam
756 917 816 961 non
840 906 886 961 est
907 900 1106 980 participium,
1130 899 1183 960 sed
1205 897 1321 959 modus.

122 1031 133 1070 s
214 1004 366 1078 dualitati,
396 1004 449 1074 ait,
481 1000 639 1064 verborum
668 1001 806 1063 accidunt
834 1003 923 1063 etiam
944 1003 1067 1063 formae.
1110 1001 1224 1062 formae
1247 1007 1317 1062 sunt
1337 1005 1493 1080 quat-412,
1507 1011 1539 1058 ar
1573 1007 1577 1015 ’

141 1117 209 1179 tuor,
237 1105 402 1170 meditativa
429 1101 596 1165 inchoativa
624 1103 757 1184 perfecta
779 1111 809 1164 et
836 1104 1058 1184 frequentativa.
1103 1101 1159 1163 bae
1180 1102 1295 1164 formae
1315 1119 1420 1164 secun·
1434 1078 1494 1140 ⁵⁰⁵²
1509 1067 1554 1128 12*

140 1211 198 1271 dum
221 1207 385 1270 naturalem
407 1216 501 1268 artem
532 1207 703 1285 conpositae
731 1214 809 1268 suut.
854 1223 980 1268 namra
1003 1223 1072 1266 vera
1094 1223 1183 1266 omne
1206 1205 1284 1285 quod
1306 1206 1421 1284 agimus

140 1313 242 1390 quaerit
261 1311 358 1391 primo
381 1308 617 1389 adsumptionem
640 1307 771 1376 consilli;
795 1306 903 1370 deinde
925 1325 995 1369 cum
1017 1309 1232 1387 sumpserimus
1255 1306 1419 1377 consilium,

140 1422 165 1476 nt
182 1412 366 1481 inchoemus;
389 1429 459 1472 cum
479 1410 732 1482 inchoaverimus,
756 1418 787 1471 ut
808 1412 959 1490 possimus
980 1411 1142 1490 perficere;
1165 1409 1421 1488 comperfectum

114 1517 232 1584 nfuerit,
257 1521 301 1584 ut,
332 1515 357 1574 si
379 1513 510 1594 placeat.
539 1512 725 1592 frequentius
748 1511 804 1572 boc
828 1509 831 1592 1
857 1519 986 1572 utamur.
1030 1510 1098 1572 idco
1120 1518 1150 1572 et
1171 1512 1261 1572 istum
1284 1510 1421 1572 ordinem

140 1619 229 1679 tenuit.
255 1617 352 1697 prima
375 1621 420 1676 est
441 1613 622 1684 meditativa,
646 1613 739 1676 altera
760 1612 942 1685 inchoativa,
965 1611 1022 1674 alia
1038 1613 1184 1694 perfecta,
1208 1614 1264 1674 alia
1280 1614 1420 1694 frequen·

140 1721 223 1780 tativa
253 1718 422 1780 meditativa
437 1724 482 1778 est
503 1717 572 1786 ista,
595 1715 733 1778 lecturio:
758 1714 884 1777 lecturio
899 1714 974 1776 nibil
988 1714 1068 1777 aliud
1080 1717 1226 1795 significat
1248 1717 1305 1777 nisi
1319 1714 1421 1795 legero

140 1821 207 1888 volo,
229 1821 401 1900 scripturio,
430 1819 460 1880 id
490 1830 535 1880 est
560 1817 692 1880 scribere
716 1816 794 1889 volo,
824 1818 938 1887 esurio,
968 1815 1058 1878 edere
1081 1818 1157 1878 volo.
1203 1824 1233 1879 et
1251 1817 1321 1903 ideo
1343 1818 1420 1880 dicta

140 1931 176 1984 ost
193 1922 374 1991 meditativa,
402 1921 543 2001 qnoniam
571 1938 631 1981 non
660 1927 757 1982 actum
785 1927 975 1999 praesentem
1003 1918 1090 1989 dicit,
1113 1919 1167 1980 sed
1188 1923 1272 2000 quasi
1294 1920 1420 1982 medita·

111 2027 237 2086 cuonem
258 2023 407 2106 quandam
430 2022 520 2085 babet
541 2021 577 2084 ad
599 2041 664 2084 rem
687 2023 827 2084 futuram.
862 2020 937 2083 baec
958 2028 1056 2083 autem
1078 2023 1174 2083 forma
1196 2024 1237 2082 ita
1261 2024 1321 2084 exit
1342 2019 1420 2084 sem-

139 2145 196 2206 por,
225 2144 279 2188 nec
308 2124 395 2189 aliam
423 2123 556 2204 regulam
585 2124 688 2195 babet,
717 2126 799 2194 urio,
829 2125 963 2204 parturio
991 2125 1150 2204 scripturio
1178 2123 1318 2195 lecturio;
1353 2126 1420 2185 urio

139 2245 243 2308 semper
264 2227 363 2290 babet.

210 2330 375 2392 lncboativa
401 2337 445 2392 est
472 2331 530 2392 ista
557 2348 633 2409 quae
660 2347 715 2390 uos
748 2327 860 2407 aliquid
888 2327 1030 2390 inchoare
1063 2327 1208 2398 ostendft;
1244 2327 1326 2409 [sed]
1359 2347 1419 2390 non
1432 2345 1521 2404 41³,4

140 2432 275 2505 meditari,
304 2433 357 2494 sed
385 2433 450 2494 fleri
476 2432 542 2513 plus
565 2431 703 2512 quiddam
725 2431 870 2510 significat
891 2430 930 2491 ab
950 2429 1000 2492 illa
1028 2431 1144 2511 priore,
1171 2439 1204 2492 ut
1226 2439 1271 2492 est
1292 2431 1418 2494 calesco.
1433 2413 1492 2476 ⁶⁰⁵¹
1505 2415 1539 2462 ‘²⁶

111 2534 203 2596 abaco
227 2534 329 2614 regula
351 2537 481 2615 quinque
503 2533 593 2596 rebus
620 2539 755 2601 tenetur;
784 2534 841 2594 nisi
868 2533 1000 2613 quinque
1028 2551 1078 2594 res
1105 2534 1179 2594 istae
1208 2533 1334 2606 luerint,
1360 2552 1419 2595 non

138 2644 224 2716 potest
248 2645 341 2707 stare,
370 2644 405 2698 ut
430 2637 542 2698 oriatur
569 2655 585 2697 a
608 2635 752 2704 neutrali,
782 2642 815 2696 ut
841 2636 872 2696 in
900 2653 951 2696 sco
973 2633 1115 2714 syllabam
1138 2642 1239 2706 exeat,
1266 2642 1299 2696 ιιι
1321 2643 1421 2697 careat

139 2747 258 2820 tempore
280 2741 443 2819 praeterito
457 2739 598 2817 perfecto
612 2745 643 2800 et
656 2736 957 2819 plusquamperfecto,
980 2743 1014 2798 ut
1029 2742 1129 2797 careat
1144 2739 1301 2817 participio
1316 2737 1418 2809 futuri,

137 2849 165 2902 nt
188 2843 224 2903 sit
248 2844 353 2903 tertiae
381 2842 599 2921 coniugaliouis
625 2847 790 2920 correptae.
835 2838 871 2899 do
892 2840 957 2900 istis
980 2840 1109 2920 quinque
1134 2838 1226 2901 rebus
1247 2842 1273 2903 si
1294 2839 1341 2901 vcl
1363 2858 1421 2902 una

138 2961 180 3003 ros
201 2942 331 3014 defuerit,
355 2946 412 3004 iam
436 2962 495 3005 noa
517 2951 563 3005 est
582 2943 759 3005 inchoativa.
791 2957 863 3019 ergo
885 2940 1051 3024 inchoativa
1072 2940 1170 3011 verba,
1193 2941 1223 3002 id
1240 2941 1420 3003 estincboa·

108 3047 204 3105 stivae
224 3047 344 3115 formae,
366 3044 421 3108 bas
443 3046 575 3126 quinque
598 3044 710 3107 babent
731 3062 781 3107 res
802 3042 958 3123 legitimas,
985 3051 1018 3105 ut
1039 3046 1175 3106 oriantur
1197 3063 1213 3105 a
1236 3042 1421 3107 neutralibus

137 3147 231 3209 vorbis.
258 3160 330 3228 puta
352 3150 452 3209 ferveo
475 3147 558 3209 caleo
580 3155 700 3227 torpeo:
730 3148 831 3208 ferveo
847 3144 931 3207 caleo
953 3154 1058 3227 torpeo
1073 3145 1163 3208 verba
1179 3146 1324 3208 neutralia
1340 3153 1418 3209 sunt.

137 3251 266 3330 numquid
294 3250 366 3311 facit
392 3250 529 3311 ferveor?
560 3266 631 3328 ergo
659 3251 795 3311 oriuntur
823 3266 840 3308 a
863 3247 1000 3318 neutrali,
1044 3247 1153 3311 deinde
1179 3250 1210 3309 in
1236 3268 1288 3311 sco
1311 3255 1421 3311 exeunt

137 3353 234 3421 omnia,
258 3353 261 3433 Ι
285 3351 401 3413 calesco
423 3354 565 3414 fervesco.
604 3369 674 3413 ecce
697 3352 770 3413 duas
791 3349 920 3429 regulas.
966 3339 1075 3411 deinde
1098 3352 1203 3413 tertiae
1224 3359 1295 3413 sunt
1316 3353 1420 3413 coniu-

136 3454 250 3530 gationis
271 3461 436 3534 correptae,
459 3454 594 3515 fervesco
616 3454 767 3525 fervescis,
792 3453 908 3519 calesco
929 3452 1062 3515 calescis.
1093 3452 1201 3515 deinde
1223 3462 1326 3515 carent
1346 3460 1420 3515 tem·

107 3572 199 3633 upnre
220 3556 380 3635 praeterito
402 3556 536 3636 perfecto
560 3564 589 3618 et
610 3556 912 3637 plusquamperfecto.
946 3554 1070 3627 calesco,
1094 3574 1183 3618 nemo
1198 3556 1270 3618 dicit
1284 3556 1419 3625 caleseui,

136 3675 213 3717 nemo
235 3658 443 3729 calescuernm,
468 3666 497 3719 et
517 3660 603 3721 iuste.
649 3677 719 3721 nam
741 3659 767 3721 si
788 3658 974 3727 inchoamus,
998 3674 1056 3735 qvo
1079 3656 1168 3719 modo
1190 3666 1288 3738 potest
1310 3658 1420 3720 babere

133 3760 306 3837 perfectum?
336 3779 424 3823 omne
446 3762 526 3823 enim
548 3761 627 3839 quod
650 3760 771 3822 inchoat
791 3762 874 3822 initia
897 3760 995 3830 babet,
1022 3778 1083 3820 non
1104 3768 1222 3841 tempus
1244 3760 1420 3841 perfectum.

134 3868 258 3923 ceterum
279 3860 428 3925 calueram
451 3862 569 3925 aliunde
593 3864 685 3934 vonit,
714 3862 752 3925 ab
774 3881 810 3925 eo
834 3862 915 3942 quod
938 3870 983 3925 ost
1005 3862 1096 3933 cuni,
1120 3882 1137 3923 a
1158 3863 1291 3943 perfecta
1313 3862 1418 3925 forma.

135 3980 196 4041 ergo
218 3984 234 4025 a
258 3964 386 4026 neutrali
407 3964 498 4028 verbo
521 3966 601 4027 venit
623 3964 667 4047 [et
689 3972 771 4026 caret
798 3966 962 4044 praeterito
983 3964 1119 4045 perfecto
1142 3975 1171 4025 ct
1192 3962 1419 4047 plusquamper-

109 4064 236 4146 afecto];
265 4068 296 4127 iu
318 4084 368 4128 sco
392 4067 460 4138 exit,
483 4067 631 4137 fervesco;
659 4068 765 4129 tertiae
788 4068 1006 4145 coniugatiouis
1028 4075 1073 4129 est
1092 4050 1263 4147 correptae,
1287 4067 1420 4128 fervesco

135 4166 280 4239 fervescis,
313 4167 429 4231 calesco
456 4168 596 4240 calescis;
630 4168 737 4231 deinde
760 4176 847 4243 caret
875 4176 1011 4249 tempore
1040 4170 1202 4249 praeterito
1229 4170 1364 4249 perfecto
1391 4175 1421 4229 ct

135 4266 431 4351 plusquamperfecto,
467 4290 554 4333 nemo
583 4271 654 4334 dicit
681 4271 822 4343 calescui,
854 4290 942 4333 nomo
960 4272 1186 4341 'calescueram3
1219 4278 1303 4333 caret
1330 4272 1420 4332 etiam

193 4494 209 4541 2
228 4494 320 4559 loquor
337 4522 369 4532 -
390 4493 603 4562 significationem
622 4509 668 4544 om.
689 4493 710 4544 0
763 4494 894 4561 passinam
910 4493 971 4543 AB
989 4492 1097 4543 octinom
1116 4490 1151 4543 a*
1222 4492 1421 4545 lamacitanus

135 4564 225 4613 satiata
244 4564 364 4616 Buceat
381 4579 429 4620 our.
446 4565 499 4615 AG
585 4564 690 4615 lecturio
713 4564 776 4614 nibil
797 4565 860 4615 Ac:
886 4564 990 4614 lecturio
1009 4565 1076 4613 enim
1095 4562 1158 4613 nibil
1176 4560 1242 4613 Ba*
1332 4562 1365 4614 18
1382 4570 1422 4611 est

135 4646 173 4685 on.
192 4634 276 4684 ABG
344 4636 377 4687 19
395 4634 584 4701 significatum.
601 4635 639 4696 A,
659 4634 753 4688 oddo
805 4636 838 4684 22
854 4633 968 4701 perfecto
984 4648 1030 4687 out.
1046 4633 1129 4683 ABG
1197 4633 1231 4682 '24
1247 4632 1420 4683 inchoatinum

136 4704 231 4754 uerbum
248 4702 333 4755 Aac
402 4707 436 4755 20
455 4704 570 4755 habeti}
637 4705 670 4755 27
691 4704 715 4754 in
735 4705 834 4755 escol)
903 4704 938 4755 28
955 4705 1020 4753 dnae
1036 4703 1140 4769 regulas
1156 4702 1352 4753 diideinded

137 4772 164 4824 33
177 4775 241 4838 quod
263 4782 303 4824 est
320 4790 336 4824 a
353 4772 419 4825 calui
440 4790 455 4825 a
476 4774 688 4840 perfectaforrna
707 4774 817 4838 Aquod
837 4782 876 4825 est
894 4790 910 4825 a
928 4774 993 4824 calui
1014 4774 1128 4839 perfecta
1150 4772 1232 4823 forma
1255 4774 1283 4827 G.
1306 4773 1421 4836 sortasse

137 4850 234 4893 celerum
254 4844 322 4894 calui
340 4844 466 4896 colueram
485 4844 589 4895 aliunde
608 4845 692 4910 venit,
712 4844 743 4895 ab
762 4859 792 4895 eo
809 4845 876 4909 qnod
900 4854 940 4895 est
958 4844 1044 4908 caleo,
1067 4844 1093 4893 id
1113 4852 1152 4893 est
1171 4860 1186 4894 a
1206 4842 1318 4910 perfecta
1338 4843 1421 4895 forma

196 4914 228 4967 35
245 4914 272 4963 in
291 4928 350 4965 esco
367 4916 388 4967 0
