3525 5600
336 435 398 500 166
904 427 1056 494 ΡΟΜΡΕΙΙ

376 575 382 588 .
396 548 485 588 rsa-so
499 545 521 585 r.

334 561 448 689 ddtivns
470 624 592 707 pluralis
614 625 645 683 in
667 625 693 684 is
716 623 789 681 exit:
814 623 891 681 sicut
913 627 988 680 tecta
1012 627 1159 682 tectorum
1183 622 1281 692 tectis,
1305 624 1348 682 sic
1371 629 1400 680 et
1422 619 1479 681 duo
1502 620 1619 684 duorum

334 729 408 790 dnis.
438 727 505 788 ·sed
535 727 585 804 qni
614 724 672 784 lroc
699 724 795 784 dicati
824 723 932 783 deinde
959 725 984 782 si
1015 723 1124 784 dixeris
1147 723 1317 798 doctorum,
1343 723 1397 784 hos
1419 724 1522 785 doctos
1544 727 1619 786 lacit:

336 850 407 910 ergo
431 830 522 890 debes
545 826 644 888 dicere
668 825 794 886 duorum
816 823 871 886 hos
894 824 981 894 dnos;
1017 825 1069 886 scd
1093 825 1150 886 duo
1173 833 1272 886 tamen
1295 817 1472 906 alliquoticns
1494 824 1619 904 legimus.
1704 862 1705 886 r

334 932 386 994 sed
415 933 471 993 hoc
499 929 661 992 secundnm
691 926 823 1006 regulam
852 945 912 987 non
940 947 1097 1006 possumus
1132 928 1240 989 dicore.
1286 937 1419 988 ceterum
1447 927 1557 990 lectum
1584 940 1623 990 est

335 1035 470 1098 similiter
497 1031 599 1104 ambo,
629 1040 658 1092 et
682 1029 785 1090 ambos
808 1027 900 1089 debes
928 1028 1037 1090 dicere.
1083 1031 1134 1090 sed
1158 1038 1271 1091 renrota
1295 1039 1365 1091 sunt
1387 1033 1456 1102 ista,
1480 1049 1541 1092 non
1562 1045 1645 1112 pos-5

335 1155 438 1198 sumus
461 1136 561 1197 dicere
584 1134 748 1194 secundum
771 1131 915 1211 regulam.
961 1134 1037 1212 siqui
1061 1131 1140 1193 dicat
1163 1131 1215 1192 tibi
1238 1132 1348 1210 ‘quare
1372 1132 1497 1194 dicimus
1522 1133 1578 1194 duo
1600 1145 1625 1196 et

336 1238 410 1301 duos
434 1247 463 1298 et
485 1237 572 1300 amlro
596 1243 626 1296 et
647 1234 797 1304 ambosi',
821 1233 896 1294 haee
911 1254 1000 1296 causa
1017 1243 1076 1304 ost,
1101 1255 1158 1296 uec
1179 1234 1251 1296 illud
1276 1254 1376 1296 verum
1400 1245 1457 1308 est,
1481 1255 1539 1296 nec
1560 1235 1625 1297 illud
1705 1248 1706 1258 ³

335 1360 437 1403 rernm
467 1348 525 1409 est;
555 1347 585 1399 et
611 1339 750 1418 quoniam
779 1355 835 1397 nec
862 1335 935 1397 illud
965 1355 1066 1398 verrrm
1095 1345 1218 1397 estnec
1244 1337 1331 1406 illud,
1361 1346 1518 1418 utrumque
1542 1347 1624 1400 recte.

336 1453 365 1504 et
386 1445 416 1503 in
439 1443 506 1506 iure
528 1442 570 1502 sic
594 1448 654 1501 est:
677 1440 944 1520 quotienscumque
967 1445 1091 1520 utraque
1114 1439 1215 1518 regula
1239 1441 1413 1511 infirmatur,
1438 1452 1564 1521 utraque
1585 1459 1626 1501 re-

336 1547 453 1626 cipitur.
499 1562 591 1622 quare
614 1543 669 1603 hos
692 1545 767 1604 duos
788 1543 873 1618 lacit,
898 1561 965 1612 enm
989 1541 1055 1604 duis
1077 1560 1137 1602 non
1160 1557 1318 1622 possumus
1343 1543 1346 1622 J
1372 1543 1488 1604 diceret
1512 1561 1656 1604 acconen

335 1647 427 1710 habet
448 1647 527 1708 enim
550 1647 633 1707 utin
656 1648 682 1707 is
705 1647 810 1708 mittat.
841 1647 939 1705 omnia
964 1647 1043 1705 enim
1066 1645 1198 1712 nomina.
1221 1664 1297 1725 quae
1320 1647 1350 1705 in
1373 1647 1541 1706 accusativo
1561 1649 1627 1722 plu-

336 1753 398 1810 rali
418 1751 449 1810 in
472 1769 506 1809 os
528 1755 652 1818 exeunt,
677 1749 808 1809 dativum
830 1746 976 1827 pluralem
999 1749 1030 1808 in
1053 1748 1078 1808 is
1100 1749 1235 1808 mittunt:
1260 1755 1344 1827 puta,
1370 1747 1424 1808 lros
1446 1746 1544 1808 claros
1566 1749 1628 1808 lacit

337 1852 383 1913 his
411 1851 513 1920 claris,
542 1850 596 1911 lros
625 1851 729 1910 ductos
757 1827 828 1910 lacit
856 1850 903 1911 his
931 1849 1035 1912 doctis.
1080 1868 1139 1911 non
1169 1848 1244 1910 nulli
1266 1849 1369 1910 dicunt
1390 1849 1469 1929 quod
1492 1849 1628 1910 debemus

336 1955 437 2016 dicere
460 1953 534 2037 duo?
556 1951 586 2013 id
611 1960 654 2012 est
676 1951 731 2012 lros
753 1952 821 2013 duo.
865 1953 976 2031 quare?
1014 1971 1081 2014 nam
1104 1954 1129 2012 si
1152 1951 1315 2012 dixerimus
1338 1950 1392 2012 lros
1414 1952 1488 2022 duo,
1514 1969 1629 2014 necesso

338 2056 428 2118 lrabet
449 2055 562 2116 dativus
585 2055 616 2115 in
639 2074 657 2115 o
680 2056 777 2124 ervire,
800 2052 847 2114 lris
869 2053 938 2114 duo.
983 2056 1079 2115 omnia
1104 2056 1183 2115 enim
1207 2056 1343 2124 nomina,
1372 2073 1447 2134 quac
1469 2057 1660 2116 accusativum
1707 2037 1708 2044 l

337 2156 446 2240 plurali
469 2166 578 2218 exeunt
599 2159 630 2217 in
653 2177 685 2226 o,
710 2159 740 2218 in
764 2155 859 2218 dativo
882 2153 989 2235 plurali
1013 2175 1072 2216 non
1095 2156 1296 2227 declinantur,
1326 2164 1359 2217 ut
1386 2165 1456 2236 puta
1484 2157 1541 2220 hos
1568 2167 1629 2218 octo

338 2262 385 2322 iris
407 2269 484 2321 octo.
523 2258 668 2336 numquid
691 2258 739 2319 his
762 2257 876 2318 ortibus
899 2259 986 2319 iacit?
1009 2259 1145 2321 similiter
1169 2267 1199 2319 et
1220 2259 1307 2319 ambo
1330 2259 1385 2320 hac
1408 2261 1523 2322 ratione
1545 2259 1629 2321 decli-

269 2430 271 2433 ,
337 2371 438 2432 natur;
468 2369 625 2441 utrumque
654 2370 810 2440 receptum
839 2369 883 2421 est
911 2379 964 2440 per
987 2359 1161 2438 analogiam.
1208 2379 1279 2438 ergo
1303 2369 1372 2423 sunt
1395 2363 1512 2422 numeri
1535 2364 1629 2439 singu·
1708 2427 1709 2430 ,

337 2464 425 2534 laris,
448 2471 481 2524 ut
503 2463 551 2524 hic
575 2462 693 2530 doctus.
717 2464 835 2524 numeri
857 2461 994 2542 pluralis
1024 2469 1055 2522 ut
1076 2463 1107 2523 lri
1130 2463 1224 2534 docti,
1248 2464 1364 2525 numeri
1388 2461 1496 2532 dualis,
1526 2463 1583 2524 dno
1604 2475 1630 2524 et

338 2566 440 2637 ambo,
471 2567 588 2628 numeri
617 2567 797 2637 communis,
825 2573 859 2625 ut
886 2583 934 2625 res
956 2565 1050 2626 nubes
1073 2565 1146 2626 dies.
1190 2568 1288 2626 omnia
1312 2567 1447 2636 nomina,
1471 2584 1545 2646 quae
1567 2574 1661 2627 sunto

247 2715 253 2724 .
338 2677 388 2731 aut
410 2677 534 2749 quartae
562 2678 614 2728 aut
636 2670 756 2748 quintae
779 2666 997 2738 declinationis
1026 2667 1179 2748 aequalem
1206 2667 1317 2730 habent
1339 2670 1551 2730 nominativum
1574 2671 1630 2729 sin-

338 2770 473 2853 gularem
505 2778 534 2832 et
557 2772 770 2833 nominativum
792 2769 947 2851 pluralem.
993 2779 1114 2849 quartae
1138 2788 1209 2850 ergo
1233 2779 1261 2832 et
1284 2774 1405 2852 quintae
1428 2769 1630 2833 declinationis
1709 2792 1710 2855 r

339 2877 460 2937 nomina
482 2891 575 2952 aequa
598 2877 714 2934 ratione
736 2875 910 2935 decurrunt.

423 2978 548 3057 Semper
577 2985 607 3039 ei
634 2996 768 3056 semper,
798 2978 852 3047 ait,
881 2976 1001 3037 nomina
1031 2976 1220 3037 inveniuntur
1246 2979 1276 3036 in
1305 2986 1431 3057 utroque
1460 2996 1584 3038 numero
1612 3000 1628 3031 s

339 3080 471 3142 eiusdem
500 3080 619 3157 generis
647 3079 719 3139 dicit
745 3097 815 3139 non.
860 3097 929 3139 narn
954 3079 957 3159 l
981 3080 1169 3139 inveniuntur
1196 3078 1294 3158 aliqua
1323 3080 1443 3141 nomina
1465 3078 1629 3141 deficientia
1640 3100 1661 3139 rs

338 3185 369 3244 in
392 3200 517 3244 numero
540 3178 693 3259 singulari.
729 3199 797 3279 narn
821 3199 890 3241 ecce
913 3183 1078 3242 invenimus
1102 3180 1266 3242 deficientia
1290 3182 1319 3241 in
1344 3199 1469 3242 numero
1491 3182 1630 3259 singulari

220 3294 369 3365 432,18et
389 3287 461 3345 item
491 3284 657 3345 deficientia
683 3286 713 3344 in
742 3301 868 3343 numero
890 3281 1007 3363 plurali.
1054 3292 1083 3342 et
1105 3302 1158 3344 cnr
1181 3285 1238 3343 ita?
1260 3282 1356 3364 pulvis
1379 3302 1497 3363 semper
1518 3286 1548 3345 in
1572 3286 1629 3345 sin·

338 3385 435 3466 gulari
457 3393 516 3454 est;
539 3384 663 3463 legimus
685 3394 783 3446 tamen
805 3384 883 3465 apud
907 3386 1059 3447 Horatium

492 3486 734 3547 novendiales
757 3487 944 3568 dissipare
967 3488 1147 3568 pulveres.

339 3609 412 3670 ergo
433 3590 528 3669 pulvis
550 3590 685 3667 sanguis,
710 3590 783 3650 haec
805 3592 925 3651 nomina
954 3590 1094 3651 deliciunt
1115 3592 1144 3649 in
1169 3608 1294 3652 numero
1316 3590 1433 3670 plurali.
1463 3598 1531 3653 sunt
1555 3610 1663 3671 quaes·

339 3692 480 3753 deliciunt
512 3692 543 3751 in
576 3710 703 3753 numero
730 3690 886 3769 singulari,
917 3700 948 3753 rrt
976 3712 1077 3754 manes
1105 3692 1244 3764 Quirites.
1290 3701 1360 3753 sunt
1389 3712 1464 3774 quae
1494 3692 1631 3755 deliciunt

339 3812 465 3856 numero
493 3792 601 3872 plurali
629 3794 748 3871 generis
775 3794 911 3854 seminini
937 3812 956 3848 a
979 3793 1103 3873 legimns
1126 3802 1224 3857 tamen
1249 3802 1278 3855 ct
1300 3798 1398 3857 nentri
1421 3796 1477 3856 hoc
1501 3814 1579 3857 esse:
1603 3805 1631 3856 et

408 3966 424 4015 2
443 3964 575 4014 doctorum
597 3964 622 4012 in
642 3963 689 4014 lros
708 3965 797 4014 doctos
816 3974 839 4015 Δ
911 3964 927 4015 3
947 3982 1008 4033 crgo
1024 3975 1097 4033 potes
1116 3966 1199 4015 dicere
1217 3966 1299 4016 ABG
1350 3966 1401 4016 duo
1418 3974 1516 4016 tantum
1535 3966 1630 4031 sliquo-

338 4036 403 4085 tiens
419 4034 472 4085 BG
546 4035 963 4100 ipossumusBCopossunrA
1043 4038 1101 4087 bet
1119 4036 1208 4087 ambos
1223 4048 1294 4102 potes
1314 4036 1436 4087 dicereG
1506 4038 1538 4089 10
1553 4052 1629 4101 quare

338 4108 364 4155 ln
377 4105 426 4155 hos
443 4104 508 4154 dnos
527 4104 551 4153 A
611 4104 654 4156 .11
676 4105 768 4170 plurali
787 4122 832 4156 orn.
853 4106 938 4157 Ano
1010 4105 1343 4173 murmurmurmur:
1369 4108 1469 4157 numeri
1487 4122 1532 4161 om.
1551 4107 1631 4156 ΑΒΕ

408 4175 442 4227 23
462 4175 599 4224 decurrunt
623 4175 672 4225 BG
696 4175 840 4225 discurrunt
864 4176 917 4229 Ac,
943 4193 1008 4242 quoe
1031 4184 1168 4243 sequuntur
1192 4192 1292 4243 semper·
1317 4186 1341 4227 et
1365 4192 1465 4244 semper
1483 4186 1529 4229 etc.
1547 4179 1582 4229 od
1600 4194 1630 4227 eu

338 4260 404 4311 quoe
423 4247 494 4309 apud
510 4247 633 4314 Donatum
650 4261 677 4310 p.
698 4244 758 4305 376,
778 4248 811 4297 25
827 4264 885 4313 sqq.
905 4248 936 4297 rie
954 4248 1089 4298 nominibus
1107 4263 1205 4313 semper
1222 4246 1390 4312 stupratoribus
1409 4252 1448 4298 nel
1462 4264 1561 4311 serrrper
1575 4250 1629 4311 pln-

338 4314 435 4365 ratibus
453 4316 550 4380 scripta
568 4324 625 4365 sum
644 4319 781 4377 pertinent,
800 4318 892 4367 lacuna
907 4325 1002 4381 autem,
1022 4334 1094 4383 quom
1112 4318 1234 4379 indicaui,
1254 4318 1376 4383 quaedam
1393 4318 1424 4369 cle
1441 4318 1576 4370 nominibus
1587 4334 1628 4383 9⁶·

337 4386 408 4435 neris
420 4386 552 4435 masculini
570 4388 595 4435 in
608 4400 708 4436 nrrmero
723 4389 819 4449 plurali
834 4388 1005 4451 deficientibus
1020 4389 1178 4455 exciderunt.
1199 4404 1279 4454 quare
1296 4388 1394 4453 reliquo
1413 4390 1486 4439 etiarn
1503 4396 1628 4451 corrupto,

338 4458 376 4505 sic
390 4462 417 4505 ut
430 4458 457 4506 in
474 4455 602 4506 codicibus
619 4458 718 4521 scripta
735 4466 800 4522 eunt,
818 4460 911 4521 reliqui
980 4458 1014 4508 eu
1034 4473 1090 4507 uam
1107 4474 1164 4507 ecce
1183 4459 1326 4507 invenimus
1342 4460 1366 4507 in
1387 4473 1492 4508 numero
1509 4458 1629 4523 singulari

339 4542 385 4581 ont.
401 4526 435 4587 A,
452 4526 551 4575 oddsa
601 4526 635 4576 28
653 4526 722 4592 opud
741 4527 883 4596 llorotium]
902 4528 977 4593 epod.
997 4528 1039 4587 17,
1053 4528 1086 4578 48
1146 4528 1179 4579 29
1197 4528 1358 4578 nouendialis
1376 4528 1503 4593 dissipare
1521 4528 1628 4594 pulueris

339 4597 363 4646 A
434 4594 467 4646 30
486 4595 550 4645 haee
569 4597 672 4647 nomina
688 4598 737 4646 istu
751 4598 870 4647 deliciunt
889 4600 914 4648 A
921 4598 946 4647 B
998 4597 1031 4648 32
1048 4598 1163 4649 leminini
1179 4599 1288 4664 legimns
1305 4598 1390 4649 Aac
1406 4598 1519 4647 lerniuini
1537 4608 1563 4647 ut
1580 4614 1628 4662 pax

339 4667 383 4714 lux
402 4667 512 4733 legimus
531 4684 557 4728 o,
575 4667 623 4717 sed
637 4679 729 4729 posteo
746 4669 835 4719 deletis
858 4671 889 4718 iis
913 4684 978 4735 quoe
996 4669 1085 4720 addila
1104 4678 1178 4719 erunt
1197 4678 1223 4719 nt
1241 4684 1292 4735 pax
1310 4668 1363 4719 lux.
1384 4677 1505 4732 corrupto
1522 4668 1628 4719 codicmn

339 4739 479 4800 scriptura,
505 4753 576 4801 quarn
600 4740 702 4803 reliqui,
725 4739 763 4788 sic
785 4742 884 4789 videtur
906 4740 1059 4803 corr-ipenda
1082 4754 1152 4801 esse,
1176 4750 1235 4790 sunt
1259 4753 1324 4803 quae
1348 4739 1466 4789 deliciunt
1485 4740 1510 4788 in
1529 4752 1628 4787 numero

339 4808 433 4873 plurali
454 4808 557 4871 generis
575 4806 707 4869 feminini,
727 4816 755 4856 ut
773 4824 825 4875 pnx
845 4810 903 4869 lux;
923 4810 1034 4876 legimus
1052 4818 1135 4859 tamen
1156 4818 1180 4859 et
1199 4810 1297 4859 numeri
1316 4808 1419 4875 pluralis
1438 4810 1501 4859 lraec
1520 4824 1587 4859 esse:
1605 4818 1628 4855 er

340 4876 402 4925 iilud
422 4884 446 4925 et
464 4875 527 4925 illud
553 4877 621 4941 opud
637 4876 786 4928 Sallustium
811 4879 929 4944 legimus.
955 4881 1014 4929 item
1035 4882 1137 4949 generis
1162 4880 1244 4930 neutri
1269 4894 1360 4931 nomen
1383 4879 1466 4929 delicit
1484 4881 1511 4931 iu
1530 4894 1628 4929 nurnero

340 4946 442 5012 plurali.
461 4947 496 5008 cs.
514 4946 584 5009 infru
600 4960 628 5009 ρ.
649 4946 699 4998 182
714 4948 754 5001 cd.
775 4948 849 4998 Lind.
