3525 5600
649 374 885 438 coutuntur
1357 374 1419 440 129

1259 512 1266 525 .
1280 485 1356 525 rr-rr
1371 483 1392 524 ι

144 561 264 623 turaliter
284 560 370 638 longa
393 571 448 630 εει,
470 570 499 622 ta
522 563 697 624 naturaliter
718 563 817 624 brevis
839 571 899 634 εει,
925 559 931 644 Ι
956 563 1178 624 eirenmllexum
1202 496 1292 624 babet
1314 581 1419 624 aecen-

142 673 204 724 tunr.
245 662 272 722 id
299 671 346 723 est
373 661 493 742 quando
520 672 566 724 εει
592 665 750 726 trochaeus
772 664 962 734 naturaliter,
992 673 1063 726 tune
1090 671 1136 726 est
1158 664 1367 726 circumflexus
1389 667 1419 726 in

60 751 66 765 ⁸
141 764 290 846 disyllabim
312 764 400 826 aliter
421 785 481 826 non
504 764 589 837 lieet,
611 774 644 827 ut
665 773 735 846 puta
756 771 835 827 meta
850 768 937 828 Creta
953 767 1055 828 littura.
1087 785 1157 827 ecee
1179 768 1268 828 modo
1292 769 1419 829 eirourn-

140 869 223 928 tlexus
247 876 290 928 est
315 875 446 938 tanturn,
475 866 554 945 quoti
582 870 666 947 prior
693 869 868 930 naturaliter
890 868 978 946 longa
1002 865 1047 930 est
1069 875 1098 928 et
1119 868 1222 930 ultima
1244 868 1421 939 naturaliter

120 969 236 1029 strevis.
262 967 348 1030 aliter
370 987 441 1029 vero
455 971 737 1051 quomodocumque
758 973 817 1032 ianr
840 980 959 1032 acutum
982 972 1102 1032 iaciunt.
1133 970 1250 1050 quidsi
1273 973 1420 1052 positione

139 1070 217 1149 longa
238 1071 291 1130 sit?
319 1080 425 1132 acutus
451 1081 509 1142 εει,
532 1079 656 1150 utputa
678 1065 775 1141 arrum
798 1080 901 1133 neotus
924 1080 977 1132 est.
1024 1071 1095 1152 quid
1118 1073 1143 1131 si
1165 1073 1248 1152 prior
1271 1071 1370 1134 brevis
1392 1082 1422 1133 et

138 1173 271 1253 posterior
299 1171 406 1252 longai
433 1180 537 1234 acutus
565 1180 625 1242 est,
653 1180 687 1233 ut
712 1182 784 1254 puta
811 1175 929 1256 parens.
975 1173 1046 1254 quid
1074 1175 1100 1234 si
1122 1173 1226 1235 ambae
1241 1171 1421 1236 'naturaliter

139 1275 233 1352 longae
253 1275 328 1335 sint?
355 1284 473 1336 aeutum
496 1268 623 1343 habent,
647 1283 679 1336 ut
701 1285 746 1337 est
768 1275 858 1354 leges.
904 1285 933 1338 et
955 1295 1047 1356 quare
1075 1276 1149 1337 lrool
1176 1275 1225 1336 Ιει
1248 1276 1422 1338 naturaliter

139 1376 295 1454 longeest,
319 1383 350 1436 et
372 1376 499 1438 diximus
520 1378 695 1439 naturaliter
718 1377 822 1458 longas
844 1378 1042 1458 paenultimas
1065 1377 1287 1439 circumflexum
1310 1377 1422 1440 babere

111 1485 295 1548 roaeeentum3
317 1478 372 1538 sed
394 1497 455 1539 non
476 1481 613 1558 sequitur
635 1479 749 1550 brevis,
773 1490 807 1542 ut
827 1483 865 1541 sit
889 1481 1053 1541 trochaeus.
1084 1498 1151 1541 nam
1175 1479 1256 1558 leges
1272 1479 1422 1560 spondeus

139 1588 186 1640 est.
228 1598 297 1658 ergo
325 1587 397 1640 tuno
424 1589 471 1641 est
496 1581 720 1652 circumflexus,
749 1582 868 1662 quando
899 1585 981 1662 prior
1009 1581 1183 1644 naturaliter
1211 1580 1298 1660 longa
1327 1589 1370 1642 est
1393 1590 1423 1640 et

139 1682 232 1744 ultima
246 1680 420 1744 naturaliter
436 1681 544 1744 brevis.
574 1703 644 1745 eece
666 1683 760 1746 babes
781 1687 840 1745 iam
863 1687 952 1746 etiam
977 1683 1014 1745 de
1030 1682 1196 1764 disyllabis;
1220 1682 1307 1743 morlo
1325 1682 1420 1743 ridea-

139 1803 197 1844 mus
218 1785 253 1844 de
273 1783 455 1864 trisyllabis>
1280 1834 1294 1874 4

214 1887 343 1947 [linimus
365 1889 505 1965 quoniam
527 1889 615 1948 tertia
637 1908 654 1948 a
676 1890 735 1950 line
757 1907 818 1950 non
840 1897 939 1968 potest
960 1887 1071 1949 habere
1095 1890 1152 1949 nisi
1175 1895 1293 1948 acutum
1317 1899 1492 1964 accen-426,
1506 1900 1539 1950 37

110 1996 210 2056 utnon
237 2007 296 2049 non
324 1987 404 2048 lieet.
449 2008 521 2068 ergo
548 1989 609 2050 noli
637 2007 797 2068 quaerere,
825 1989 920 2068 qualis
949 1993 1002 2050 sit:
1035 1993 1096 2052 sive
1122 1993 1305 2051 naturaliter
1331 1991 1423 2064 leupo

138 2093 192 2150 sire
217 2091 360 2170 positione
384 2090 471 2168 longa
493 2096 554 2152 sire
576 2091 751 2159 naturaliter
773 2092 887 2162 brevis,
917 2110 977 2154 non
1006 2091 1096 2153 babet
1117 2093 1173 2152 nisi
1196 2099 1325 2154 acutum.
1371 2089 1423 2150 sed

137 2191 201 2251 illuri
223 2191 423 2269 quaerendum
446 2193 531 2253 nobis
552 2202 612 2265 εει,
636 2194 755 2272 quando
777 2193 899 2264 babeat,
924 2195 991 2272 quia
1014 2202 1043 2254 et
1064 2195 1121 2255 ista
1143 2192 1253 2254 babere
1275 2199 1374 2272 potest
1396 2199 1425 2251 et

136 2295 200 2363 ista,
226 2312 262 2354 ne
290 2313 424 2355 erremus
447 2304 477 2354 et
498 2293 631 2356 dieamus
652 2298 740 2358 istam
763 2295 890 2365 habere,
919 2315 987 2357 eum
1010 2297 1065 2356 ista
1088 2293 1205 2356 habeat.
1252 2312 1323 2373 ergo
1346 2295 1423 2354 seire
1531 2353 1537 2358 .

138 2395 269 2456 debemus
295 2395 353 2456 boc
380 2398 581 2458 firmissimum
609 2417 688 2463 esse.
719 2398 723 2478 Ι
752 2407 823 2459 tune
853 2397 973 2458 tertiani
999 2417 1015 2457 a
1045 2398 1102 2456 line
1124 2395 1236 2458 habere
1258 2405 1422 2464 accentum,

109 2497 247 2576 aquando
273 2497 405 2559 secunda
433 2517 450 2557 a
476 2499 535 2560 line
562 2499 738 2562 naturaliter
760 2498 857 2561 brevis
880 2509 933 2560 est.
979 2499 1138 2568 Romulus,
1162 2519 1197 2560 ro
1219 2498 1305 2578 longa
1330 2509 1374 2559 est
1396 2504 1425 2558 et

138 2618 181 2659 nru
210 2598 382 2662 naturaliter
409 2598 509 2660 brevis
536 2608 595 2670 est;
624 2620 696 2680 ergo
723 2605 862 2682 quoniam
891 2609 920 2663 et
947 2621 982 2662 ro
1012 2599 1197 2676 naturaliter,
1211 2600 1297 2680 longa
1328 2609 1373 2661 est
1395 2608 1425 2660 et

138 2720 196 2771 mu,
218 2717 295 2779 quae
317 2711 363 2764 est
385 2702 514 2763 secunda
536 2722 554 2764 a
575 2705 648 2773 line,
672 2704 845 2766 naturaliter
869 2702 967 2764 brevis
991 2712 1050 2773 est,
1076 2711 1179 2764 acutus
1202 2710 1341 2763 accentus
1364 2709 1422 2763 est:

138 2807 287 2880 mximas,
317 2807 456 2885 optimus.
502 2825 561 2867 non
589 2806 658 2868 lieet
685 2818 719 2869 ut
746 2809 834 2868 tertia
856 2826 872 2867 a
895 2808 953 2867 line
975 2806 1084 2868 habeat
1105 2814 1273 2881 accentum,
1298 2806 1355 2865 nisi
1378 2824 1423 2865 se·

138 2906 225 2967 cunda
247 2926 262 2967 a
284 2908 343 2968 line
366 2907 539 2969 naturaliter
568 2908 666 2969 brevis
693 2911 739 2971 sit.
778 2928 849 2969 eece
871 2909 963 2969 babes
985 2910 1129 2970 rationem
1152 2910 1258 2968 tertiae
1280 2904 1423 2986 syllabae:

108 3008 202 3067 suite
223 3011 339 3069 tertiam
362 3029 380 3071 a
401 3011 476 3077 tine,
500 3018 530 3069 et
551 3012 608 3071 ianr
632 3010 808 3091 disyllabum
831 3018 907 3097 εει,
929 3012 955 3070 si
978 3012 1055 3071 enim
1079 3007 1234 3071 sustuleris
1256 3011 1342 3069 istam
1365 3016 1423 3069 ter-

137 3112 213 3175 tiam.
236 3111 520 3173 remarrere'babent
534 3112 621 3173 duae.
651 3114 676 3173 si
699 3114 898 3173 remanserint
914 3112 1005 3182 duae,
1030 3114 1105 3173 ratio
1122 3110 1333 3191 disyllaborum
1357 3110 1422 3170 erit.

138 3210 255 3272 diximus
281 3215 312 3273 in
342 3216 459 3275 ratione
485 3212 697 3294 disyllaborum
726 3234 786 3276 non
813 3233 904 3294 posse
937 3216 1063 3275 inveniri
1095 3214 1332 3281 circumflexum,
1367 3212 1424 3273 nisi

138 3313 247 3390 qnando
266 3316 324 3375 ista
347 3316 518 3377 naturaliter
541 3316 628 3395 longa
651 3324 682 3376 ει
702 3317 806 3378 ultima
828 3316 1005 3377 naturaliter
1028 3316 1125 3376 brevis
1147 3318 1192 3376 sit.
1225 3334 1296 3395 ergo
1319 3314 1424 3376 Cetbe-

136 3432 200 3491 gus,
223 3415 294 3477 totle
316 3417 387 3477 inde
409 3437 459 3485 ee,
483 3425 617 3478 remanet
638 3416 753 3495 thegus.
792 3419 899 3496 tbegus
922 3422 973 3497 qni
995 3438 1049 3498 pes
1072 3420 1134 3479 est?
1157 3416 1328 3478 trochaeus:
1354 3434 1425 3494 ergo

108 3517 336 3592 aureumllexus
364 3522 430 3581 erit.
476 3520 546 3597 quid
569 3523 594 3579 si
616 3519 697 3580 dieas
720 3519 826 3581 cethei
854 3523 995 3597 quoniam
1020 3538 1079 3580 non
1103 3528 1148 3580 est
1168 3519 1342 3589 trochaeus,
1365 3520 1423 3578 iarn

137 3628 233 3679 acutus
261 3622 327 3679 erit.
373 3620 445 3698 quid
472 3622 498 3680 si
525 3621 607 3681 dicas
629 3620 781 3683 Metellus?
810 3621 848 3681 tel
870 3620 967 3703 qualis
991 3624 1054 3682 est‘l
1082 3624 1229 3701 positione
1252 3620 1339 3699 longa
1362 3628 1422 3679 est:

137 3738 201 3799 ergo
224 3740 347 3783 neeesse
370 3730 468 3783 estut
489 3731 592 3783 acutus
615 3702 756 3784 accentus
778 3725 825 3784 sit.
858 3742 929 3803 ergo
953 3723 1013 3783 noli
1035 3732 1064 3785 te
1086 3724 1263 3784 indiversus
1285 3720 1425 3801 ambages

138 3825 262 3893 mittere,
287 3824 339 3885 sed
354 3830 465 3894 traete,
489 3824 608 3903 quando
630 3824 737 3886 debeat
758 3833 914 3887 accentum
937 3824 1064 3893 habere;
1088 3834 1159 3887 tune
1182 3832 1280 3885 autern
1304 3822 1427 3884 habebit

137 3933 283 3987 recentum
318 3928 405 3987 tertia
440 3947 457 3988 a
487 3931 560 3997 line,
595 3928 713 4005 quando
740 3928 871 3989 secunda
900 3946 916 3988 a
945 3929 1003 3989 fine
1032 3927 1206 3989 naturaliter
1235 3925 1334 3988 brevis
1366 3932 1423 3990 est.

110 4026 242 4087 sutura
272 4029 358 4089 tertia
382 4048 399 4088 a
421 4030 479 4089 tine
506 4048 574 4090 eum
597 4031 795 4090 remanserint
817 4030 906 4100 duae,
937 4030 1017 4091 redis
1038 4029 1074 4089 ael
1098 4032 1243 4091 rationem
1265 4026 1424 4107 disyllabo·

136 4147 208 4199 rum,
231 4138 262 4191 et
284 4128 360 4192 liano
382 4149 466 4192 serra
488 4132 646 4192 rationem.
669 4130 674 4211 Ι
934 4208 937 4215 .

211 4230 356 4312 Quicquid
379 4234 510 4313 pertinet
530 4232 567 4293 arl
590 4242 743 4303 accentus,
773 4233 830 4293 boe
853 4243 913 4301 est;
944 4252 999 4294 nee
1022 4241 1121 4313 potest
1142 4232 1266 4293 ulterius
1287 4233 1423 4319 reperiri.

226 4386 432 4393 -‘——-.-.-

197 4456 213 4503 7
231 4468 325 4519 parens
342 4452 369 4501 B
386 4454 572 4505 Lrirdemarrnua
589 4456 664 4505 treus
677 4456 729 4505 Ae
798 4456 859 4519 quid
877 4456 900 4503 si
919 4456 1008 4504 ambae
1027 4454 1120 4520 longae
1136 4456 1185 4505 sint
1204 4453 1266 4518 qnid
1284 4455 1305 4501 si
1326 4461 1426 4501 natura-

139 4522 187 4571 liter
201 4526 295 4589 longae
319 4533 378 4573 suut
395 4532 497 4574 neutum
515 4524 609 4574 babent
627 4536 655 4575 ot
673 4535 712 4576 εει
730 4526 802 4592 leges
822 4533 847 4574 et
865 4542 945 4587 quare
967 4524 1008 4575 lex
1028 4534 1052 4574 et
1072 4540 1150 4588 qnare
1169 4524 1217 4575 hoo
1236 4525 1279 4574 lex
1297 4523 1322 4573 A
1393 4522 1424 4573 12

139 4593 181 4641 iarn
196 4596 274 4643 etiem
292 4594 356 4643 Ba:
376 4598 452 4645 etiam
469 4609 515 4645 om,
536 4596 586 4645 CA
658 4596 690 4647 15
709 4597 763 4645 sire
784 4595 931 4645 naturaliter
954 4595 1030 4662 longo
1050 4612 1097 4650 om.
1121 4596 1202 4645 ABG
1272 4594 1303 4643 17
1323 4592 1383 4656 quia
1401 4602 1425 4641 et

139 4662 179 4711 ista
191 4664 379 4716 tumeamus
398 4665 460 4728 quio
476 4674 501 4713 et
519 4666 576 4728 ipse
594 4664 677 4716 ABG
746 4668 779 4715 22
797 4675 885 4714 acutus
903 4674 1023 4715 accentus
1044 4675 1083 4714 est
1100 4664 1140 4713 (la
1157 4673 1182 4713 et
1200 4672 1318 4713 accentus
1335 4670 1425 4711 acutus

140 4742 171 4780 eat
186 4734 240 4782 AB
309 4736 343 4784 24
358 4750 419 4783 ecee
436 4734 516 4784 babes
534 4734 588 4785 Ac
603 4751 660 4785 εεεε
679 4734 744 4785 habe
763 4736 824 4785 Ba:
841 4736 956 4798 sortasse
974 4750 1032 4784 eece
1051 4734 1130 4783 habes
1145 4737 1266 4783 rationem
1280 4733 1426 4797 trisyllabo-

139 4816 187 4851 rum
269 4805 302 4853 27
321 4805 438 4854 inuenire
452 4804 537 4854 ABG
613 4804 648 4855 28
667 4805 798 4872 longeest
815 4814 840 4854 ει
857 4804 940 4855 ΑΒΘ
1021 4803 1054 4856 29
1070 4806 1114 4868 qui
1131 4820 1177 4870 pes
1197 4804 1239 4857 (lu
1257 4803 1425 4869 quippeAB

201 4872 234 4923 33
251 4873 342 4923 debeor
359 4884 462 4923 neutum
482 4873 574 4924 babere
590 4876 672 4925 ABG
746 4874 780 4926 37
799 4877 910 4940 reperire
926 4875 951 4923 A

185 4963 358 5007 εειιιιιιιιει
372 4964 465 5006 namur
478 4964 506 5005 v.
1202 4958 1222 5022 9
