3525 5600
612 288 811 351 excuncta
835 287 1009 351 canisius
1033 289 1065 348 ll.
1089 288 1127 348 vt
1450 284 1514 349 605

1318 407 1340 448 p.
1354 396 1410 438 27³⁵.
1425 395 1486 439 36P.

221 497 342 539 sensum
365 478 481 538 confert
501 478 626 555 incipiat
647 495 664 537 a
687 474 780 536 vocali
805 478 967 555 incipiente
991 475 1083 537 verbo
1106 495 1122 536 a
1145 485 1340 546 consonante,
1363 478 1510 558 inperiec·

222 588 287 641 tum
314 587 453 642 manente
481 579 584 640 eadem
614 597 669 640 nec
693 585 802 639 mutata
824 580 1057 659 praepositionis
1079 578 1171 639 vocali
1193 579 1282 640 aliam
1303 578 1385 640 addit
1407 597 1511 640 conso-

222 685 306 743 nanti
328 682 410 742 verbi
433 681 579 751 vocalem,
603 688 636 742 ut
657 687 704 740 est
726 676 887 759 ἐπιχαίρω
912 675 1101 760 ἐπέχαιρον,
1124 682 1194 760 quia
1210 681 1289 741 aliud
1306 688 1365 752 est,
1383 677 1511 761 ἐπιχαί-

222 803 284 862 pm,
306 785 386 846 aliud
409 782 524 864 χαίρω.
556 801 626 845 saue
643 783 698 844 boe
716 781 900 852 observatur,
924 789 956 842 ut
971 782 1078 842 vocalis
1100 800 1175 862 quae
1198 782 1317 844 additur
1339 786 1512 845 consonanti

193 886 323 947 strevis
346 889 401 956 sit,
424 888 492 966 quia
515 903 574 946 non
596 892 696 964 potest
717 883 794 944 ultra
815 901 908 944 unum
922 892 1039 964 tempus
1062 903 1250 954 excrescere,
1274 881 1360 964 λέγω
1383 883 1511 965 ἔλεγον,

220 983 359 1069 λέγομαι
388 981 563 1067 ἐλεγόμην.
607 987 686 1047 unde
712 982 880 1066 βούλομαι
908 993 938 1046 et
965 981 1112 1068 δύναμαι
1140 989 1303 1048 secundum
1325 1007 1511 1049 communem

221 1091 355 1168 reguiam
383 1108 419 1150 ex
448 1108 481 1150 se
508 1089 623 1150 iaciunt
651 1084 843 1169 ἐβουλόμην
872 1083 1061 1170 ἐόννάμηνε
1094 1089 1146 1149 sed
1174 1090 1250 1170 quod
1274 1108 1363 1169 saepe
1385 1089 1511 1168 legimus

219 1185 416 1273 ἠβουλόμην
446 1185 625 1272 ἠδυνάμην
652 1192 742 1252 attica
772 1190 891 1251 licentia
914 1198 969 1252 cst.
1014 1190 1116 1252 ultima
1138 1211 1255 1272 quoque
1277 1190 1388 1272 syllaba
1410 1193 1510 1273 inper-

219 1295 292 1354 iecti
315 1311 375 1355 uon
398 1293 473 1354 nibil
496 1293 680 1354 diversitatis
702 1292 808 1363 babet,
831 1298 865 1354 ut
887 1294 918 1352 in
940 1295 1159 1373 perispomenis
1181 1295 1277 1372 prima
1305 1301 1335 1354 et
1364 1296 1450 1356 tertia
1478 1297 1510 1355 in

178 1411 207 1450 ιο
220 1415 285 1456 ονν
307 1399 440 1466 mittant,
464 1391 605 1457 ἐποίουν
628 1390 815 1474 ἐχρύσουν,
838 1394 969 1456 secunda
992 1395 1023 1454 in
1047 1414 1113 1474 ων,
1137 1390 1262 1474 ἐβόων,
1285 1415 1360 1476 quae
1383 1398 1457 1459 liunt
1478 1400 1510 1458 in

218 1501 337 1578 passivo
364 1497 410 1558 vel
437 1499 555 1577 passivo
582 1495 733 1558 similibus
762 1491 950 1576 ἐποιούμην
978 1491 1194 1577 ἐχηνσούμην
1223 1491 1386 1578 ἑβοόμην.
1433 1499 1508 1579 apud

219 1601 350 1662 Graecos
377 1599 458 1661 solus
486 1598 655 1660 definitivus
675 1599 781 1660 modus
808 1617 952 1678 praesens
980 1597 1016 1659 ab
1039 1599 1206 1678 inperfecto
1228 1598 1387 1677 disiungit,
1416 1605 1510 1663 ceteri

218 1720 323 1764 omnes
344 1701 423 1762 modi
447 1704 588 1779 iungunt,
612 1708 645 1761 ut
666 1700 756 1781 φιλό
779 1695 940 1781 ἐφίλουνε
964 1707 994 1762 at
1015 1702 1046 1762 iu
1068 1703 1244 1780 imperativo
1260 1699 1352 1780 φίλει
1366 1721 1509 1782 praesens

218 1812 250 1865 et
277 1805 474 1884 inperfectum
498 1802 502 1884 Ι
526 1803 735 1873 contunditur;
774 1802 911 1863 similiter
939 1805 970 1863 in
998 1804 1186 1865 coniunctiro
1214 1795 1275 1864 ἐάν
1303 1802 1392 1882 φιλοῖ
1421 1813 1451 1866 et
1478 1808 1508 1866 iu

177 1909 351 1986 ooptativo
378 1901 410 1967 st
434 1905 567 1986 φιλοῖμι
593 1911 624 1966 et
652 1907 682 1966 in
711 1905 855 1966 infinitivo
882 1903 997 1984 φιλεῖν
1028 1911 1185 1986 utrumque
1209 1905 1297 1966 simul
1319 1914 1436 1986 tempus
1458 1927 1508 1988 ap·

218 2010 341 2091 pellant.
1176 2080 1180 2088 Ι

303 2110 346 2172 De
369 2117 503 2190 tempore
525 2111 668 2189 perlecto.
712 2111 879 2190 perlectum
906 2117 1023 2188 tempus
1050 2110 1127 2190 apud
1150 2109 1280 2172 Graecos
1302 2129 1360 2170 non
1383 2131 1399 2171 a
1422 2129 1506 2191 prae·
1522 2118 1567 2167 191
1582 2119 1614 2170 v.

218 2215 314 2282 senti,
337 2212 390 2273 sed
413 2232 429 2273 a
451 2212 552 2273 futuro
573 2213 727 2290 figuratur.
765 2229 821 2271 nec
843 2213 908 2272 sine
932 2213 1062 2272 ratione:
1086 2231 1172 2273 omne
1195 2214 1275 2273 enim
1298 2213 1376 2292 quod
1398 2213 1509 2274 iactum

217 2323 264 2376 est
285 2317 371 2394 prius
392 2314 562 2375 laciendum
584 2315 650 2375 luit.
683 2315 714 2374 iu
736 2315 852 2390 graecis
874 2331 961 2374 omne
983 2315 1148 2393 perlectum
1172 2322 1221 2374 aut
1244 2311 1355 2394 syllaba
1378 2299 1431 2376 aut
1451 2335 1508 2376 uno

175 2432 205 2472 ao
219 2424 353 2496 tempore
380 2418 477 2477 maius
503 2417 600 2496 prima
622 2415 769 2495 positione
792 2416 839 2476 sui
860 2416 1025 2495 protertur,
1056 2422 1088 2475 ut
1114 2411 1239 2476 λέλυκα
1261 2408 1408 2496 όπτηκα.
1454 2437 1508 2478 nec
1583 2399 1589 2414 ’

217 2527 248 2580 te
269 2525 386 2580 moveat
406 2519 484 2598 quod
506 2515 673 2597 πεποίηκα
695 2516 740 2577 vel
769 2516 938 2597 πεφίληκα
960 2522 991 2577 et
1012 2517 1119 2578 similia
1141 2536 1199 2577 non
1223 2536 1294 2588 una,
1319 2518 1370 2578 sed
1394 2519 1509 2581 duabus

217 2619 342 2701 syllabis
363 2622 491 2700 primam
507 2618 591 2680 verbi
614 2621 736 2680 vincunt
758 2621 949 2700 positionem.
981 2619 1109 2680 diximus
1131 2621 1210 2680 euim
1232 2622 1361 2700 primam
1384 2622 1508 2700 perlecti

217 2723 398 2804 positionem
421 2740 479 2782 non
501 2740 566 2784 esse
588 2739 747 2803 praesens,
778 2721 830 2781 sed
855 2722 1004 2790 luturum,
1028 2721 1201 2801 quodum,
1225 2740 1285 2783 non
1307 2721 1421 2784 duabus
1449 2724 1507 2804 syl·

217 2824 310 2894 labis,
339 2833 494 2904 superant,
524 2833 557 2885 ut
584 2819 712 2905 ποιήσω
741 2822 925 2905 πεποίηκα,
953 2820 1085 2903 φιλήσω
1114 2822 1294 2905 πεφίληκα.
1340 2826 1506 2887 boeotiam

176 2943 205 2985 ss
219 2934 395 3005 argumento
416 2926 579 3007 probatur:
607 2944 676 2987 nam
698 2944 767 2987 cum
789 2944 949 3007 numquam
972 2926 1137 3007 perlectum
1160 2932 1276 3006 tempus
1298 2946 1314 2987 a
1336 2930 1432 3009 prima
1454 2946 1507 3007 po·

216 3031 327 3091 sitione
355 3032 403 3090 sui
430 3038 460 3090 et
488 3027 600 3108 syllaba
629 3034 744 3089 crescat
771 3037 801 3089 et
828 3035 977 3108 tempore,
1006 3028 1058 3088 sed
1086 3034 1199 3088 tantum
1229 3028 1337 3099 altero,
1361 3037 1454 3091 restat
1476 3008 1508 3091 ut

216 3124 356 3210 όπτηκα
377 3123 546 3210 ἠγάπηκα,
569 3133 595 3191 si
617 3150 634 3193 a
656 3129 866 3210 praesentibus
888 3132 964 3191 lacta
988 3138 1056 3191 sunt
1078 3122 1170 3189 ὀπτῶ
1191 3124 1321 3209 άγοπιό,
1345 3138 1375 3191 et
1397 3129 1507 3211 syllaba

216 3235 328 3295 maiora
350 3234 539 3293 inveniantur
561 3240 592 3293 et
613 3241 764 3312 tompore,
787 3231 863 3312 quod
887 3234 951 3293 lieri
974 3250 1028 3311 per
1050 3232 1184 3309 regulam
1205 3250 1264 3291 nrm
1286 3239 1399 3312 potest;
1422 3252 1438 3294 a
1461 3234 1506 3293 lu-

216 3342 285 3396 turo
308 3336 400 3413 igitur
421 3337 560 3405 veniunt,
583 3328 872 3416 operiendusque
894 3340 924 3395 et
944 3326 1106 3413 άγαπήσω
1128 3324 1296 3413 ἠγάπηκα,
1318 3337 1433 3415 primae
1457 3354 1505 3394 vo-

176 3455 204 3494 co
217 3437 295 3498 calis
316 3444 472 3515 correptae
494 3436 691 3516 productione
713 3437 800 3497 lacta.
844 3438 917 3497 item
939 3454 1006 3497 cum
1028 3453 1188 3515 numquam
1210 3437 1376 3517 perlectum
1398 3456 1414 3498 a
1437 3455 1505 3497 con·

216 3541 336 3600 sonanti
363 3540 513 3618 incipiens
539 3558 594 3618 par
621 3540 731 3616 origini
759 3557 829 3599 suae
857 3541 898 3599 sit
925 3536 1270 3616 numerosyllabarum,
1300 3538 1507 3599 adversabitur

214 3640 340 3719 regulae
368 3658 455 3701 omne
482 3641 651 3720 perlectum
679 3639 749 3701 acia
776 3636 824 3713 εἰς
849 3660 904 3720 μι,
933 3644 1002 3720 quia
1030 3624 1132 3720 parem
1154 3644 1305 3720 praesenti
1327 3639 1506 3721 syllabarum

214 3760 373 3805 numerum
401 3748 497 3813 tenet,
526 3738 648 3822 δίδωμι
680 3736 830 3821 δέδωκα,
864 3740 981 3823 τίθημι
1007 3736 1153 3802 τέθεικα.
1198 3741 1250 3802 sed
1278 3760 1337 3803 non
1372 3744 1413 3803 ita
1444 3748 1504 3802 cst:

215 3839 314 3905 oeteo
338 3846 419 3905 enim
441 3840 572 3906 δέδωκα
595 3845 665 3903 iecit
687 3851 716 3904 et
738 3839 836 3923 θήσοι
857 3841 994 3905 τέθεικα
1017 3851 1047 3904 et
1069 3844 1164 3904 crevit
1186 3842 1307 3923 syllaba.
1345 3860 1505 3922 numquam

173 3962 202 4004 ss
217 3946 295 4026 apud
319 3946 449 4007 Graecos
470 3945 636 4025 perfectum
659 3946 758 4006 minus
780 3948 929 4025 praesenti
953 3946 998 4005 vel
1021 3947 1121 4006 luturo
1144 3947 1305 4006 invenitur.
1343 3947 1414 4006 item
1438 3962 1504 4004 cum

213 4066 358 4128 praesens
386 4066 403 4108 a
430 4044 524 4108 vocali
547 4048 668 4127 incipit,
697 4049 778 4107 omni
806 4048 893 4108 modo
919 4050 952 4108 in
982 4049 1145 4127 praeterito
1167 4054 1301 4108 movetur
1323 4050 1354 4108 in
1377 4046 1503 4124 longam.

214 4168 377 4229 numquam
399 4149 476 4229 apud
498 4148 628 4209 Graecos
648 4151 843 4229 praeteritum
866 4151 1033 4230 perlectum
1055 4152 1087 4209 in
1110 4147 1224 4209 duabus
1247 4148 1367 4229 syllabis
1390 4149 1503 4208 inveni·

214 4259 279 4322 tur,
310 4252 361 4313 sed
385 4259 431 4313 est
451 4250 601 4312 interdum
623 4268 675 4312 sex
697 4250 892 4329 syllabarum,
915 4258 948 4312 ut
969 4245 1266 4331 πεπολεμάρχηκα,
1295 4258 1340 4312 est
1361 4251 1504 4329 quinque,

213 4350 446 4435 πεπολέμηκα,
475 4362 521 4414 est
542 4360 697 4433 quattuor,
720 4352 903 4434 necantque,
927 4361 972 4415 est
994 4355 1100 4424 trium,
1125 4348 1265 4433 λέλνκα,
1288 4371 1343 4413 nec
1367 4369 1504 4432 umquam

283 4574 300 4625 3
319 4588 452 4641 ενιηαιοπ
464 4589 613 4641 ενεηαιρον
629 4575 670 4627 P.-
690 4567 813 4642 ἐγχαίρω
830 4576 936 4625 coniecit
954 4571 1100 4637 Opeopoeus
1168 4565 1319 4641 ἒπιχαίρω]
1334 4587 1467 4637 ενιχαιρω
1481 4574 1506 4623 Ρ

286 4644 319 4695 10
339 4643 440 4693 mittunt
459 4644 485 4693 P
552 4643 583 4694 ll
603 4645 644 4695 uel
664 4645 776 4712 passiuis
797 4645 923 4694 similibus
942 4646 968 4695 P
990 4642 1029 4692 vel
1051 4642 1148 4709 passivi
1172 4642 1300 4693 similibus
1325 4642 1434 4691 Zermius
1551 4666 1555 4673 ·

217 4716 250 4766 12
269 4713 424 4765 dilllniriuos
440 4720 586 4765 constanter
603 4716 630 4765 P
697 4714 732 4767 20
748 4714 845 4770 λελικα
862 4715 889 4765 Ρ
957 4729 1003 4764 uec
1024 4722 1125 4765 moueat
1143 4714 1169 4763 P
1189 4728 1236 4762 nec
1259 4724 1343 4763 tumen
1363 4720 1386 4762 te
1404 4720 1504 4763 moneat

213 4800 272 4842 exc.
295 4784 358 4835 Boo.
429 4784 618 4853 supraemos
635 4781 661 4834 P
700 4829 704 4837 .
