3525 5600
1163 1469 1184 1509 p.
1199 1457 1248 1498 ross
1262 1454 1295 1495 aa.
1310 1451 1395 1494 nuncu.

218 1971 391 2033 Fineutihus
413 1971 512 2034 verbis
533 1969 640 2033 scribis
662 1972 700 2033 ad
721 1992 784 2042 me,
807 1978 840 2033 ut
855 1991 890 2033 ea
905 1990 980 2052 quae
995 1973 1026 2032 in
1042 1981 1105 2034 arte
1121 1977 1243 2050 utraque
1259 1968 1422 2030 doctissimi

146 2074 241 2135 donati
262 2072 405 2135 nebulosa
428 2073 553 2153 caligine
575 2073 700 2154 legentis
722 2073 884 2136 obscurant
904 2076 1051 2136 inscitiam
1075 2073 1172 2136 incido
1187 2089 1324 2133 sermone
1340 2069 1377 2130 ad
1393 2077 1422 2130 te

145 2176 311 2255 perferenda
334 2175 512 2246 rescribam,
536 2179 620 2258 quasi
642 2177 803 2257 quidquam
825 2179 863 2238 sit
885 2177 964 2258 quod
983 2176 1152 2256 indaginem
1168 2176 1210 2234 tui
1225 2176 1317 2236 vitare
1332 2173 1424 2252 possit

124 2278 246 2354 ungenti
267 2285 297 2339 et
318 2277 440 2340 alterius
454 2279 567 2358 laqueis
580 2280 706 2342 inretiri.
744 2297 848 2359 parce,
871 2279 1055 2350 doctissime,
1079 2285 1216 2359 protervo
1232 2277 1347 2345 forsan,
1370 2273 1422 2334 sed

143 2387 219 2457 grato
240 2382 386 2442 sermoni:
415 2380 513 2441 oiide
541 2381 680 2442 omnibus
708 2383 789 2442 etin
811 2381 948 2444 omnibus
969 2382 1041 2451 iide,
1071 2381 1128 2442 hcc
1155 2385 1268 2440 tantum
1296 2377 1424 2458 reperiri

143 2484 242 2561 pontit,
265 2483 297 2543 in
321 2501 378 2563 quo
400 2483 503 2544 fassit
525 2481 578 2543 tibi
600 2482 659 2545 dici
681 2486 858 2545 ‘mentiris'.
885 2483 955 2562 quid
978 2485 1067 2562 igitur
1089 2483 1213 2544 iaciami
1235 2479 1320 2541 video
1335 2497 1423 2558 quam

142 2583 289 2663 scopuloso
318 2583 488 2663 difficilique
517 2587 549 2647 in
576 2583 642 2647 loco
665 2586 851 2648 necessitudo
874 2594 1015 2648 versetur.
1046 2583 1201 2646 indevotus
1228 2601 1276 2644 mc
1304 2599 1423 2662 quoque

143 2693 290 2747 accusante
304 2686 452 2766 reperiar,
476 2685 633 2765 adgrediar
654 2690 829 2750 temeritatis
843 2688 977 2759 datibus,
1001 2695 1083 2749 aestu
1099 2684 1265 2766 procelloso
1280 2684 1422 2746 iactabor.

116 2797 183 2849 nen
201 2789 287 2859 tanti,
316 2789 491 2850 temerarius
513 2791 659 2869 corrigar,
689 2809 777 2871 quam
799 2792 920 2860 nomine
943 2781 1106 2853 conditoris
1128 2788 1252 2859 afficiar,
1282 2808 1337 2869 pro
1366 2806 1423 2868 quo

144 2890 176 2951 de
200 2891 323 2952 dirersis
340 2896 346 2965 Ι
364 2890 516 2953 veteribus
543 2900 628 2972 aptos
654 2892 723 2955 huie
752 2896 836 2975 operi
862 2896 974 2973 sumpsi
1000 2898 1141 2953 tractatus
1169 2899 1255 2972 atque
1284 2890 1331 2951 his
1358 2908 1423 2951 mea

144 3010 265 3072 quoque,
288 3001 322 3054 ut
342 2995 425 3073 potui
448 3002 477 3054 et
497 3012 572 3073 quae
594 2996 690 3075 potui,
713 3015 769 3077 pro
791 2995 938 3056 bacchare
954 2994 1088 3075 copulari
1103 2992 1267 3073 ablatisque
1282 2992 1425 3054 limitibus

145 3111 239 3173 eampo
272 3093 361 3175 piano
395 3095 535 3176 dispersi,
570 3105 602 3156 ut
629 3096 818 3157 inoffensibili
846 3116 935 3159 cursu
962 3097 1077 3159 tructus
1108 3098 1163 3159 sibi
1190 3096 1284 3157 lector
1306 3093 1426 3173 colligat

144 3204 296 3257 mawratos
317 3216 382 3258 usu.
405 3216 454 3258 me
476 3200 533 3259 tuis
554 3200 722 3278 praeceptis
736 3198 907 3279 adgressum
924 3201 1130 3280 circumspice,
1154 3199 1321 3260 luxuriosos
1335 3195 1425 3257 tonde

116 3312 135 3349 n
144 3316 303 3367 sermones,
329 3296 496 3377 doctiloquo
512 3302 590 3362 serie
605 3302 784 3379 corrigentis
799 3300 926 3361 extende
941 3310 1038 3371 curta,
1063 3301 1219 3371 candifico,
1242 3307 1276 3362 nt
1290 3298 1326 3360 ad
1341 3306 1424 3360 tuum

145 3398 294 3461 arbitrium
316 3408 421 3462 cuncta
445 3402 599 3464 rideantur
622 3410 744 3465 tractata
767 3402 877 3465 reiecta
902 3402 1023 3483 digesta.
1048 3402 1146 3477 vaiet

206 3657 293 3708 Codex
310 3658 450 3708 Bemener'e
468 3656 479 3705 i
499 3660 523 3709 1.
542 3657 582 3711 1*.
673 3660 685 3710 l
704 3674 766 3709 scno
787 3699 835 3711 ...
856 3674 904 3709 nsr
989 3672 1109 3709 teueruvs
1129 3656 1134 3722 Ι
1157 3674 1293 3709 cnsoonrcs
1312 3654 1426 3724 (litterae

145 3728 230 3775 receati
245 3743 318 3777 manu
335 3728 459 3778 obductae
479 3738 546 3782 sunt.
573 3732 599 3779 in
616 3733 702 3779 attera
721 3730 841 3793 mar-ginis
858 3737 934 3793 parte
952 3730 1047 3780 recenti
1063 3746 1136 3778 runnu
1154 3730 1306 3791 adscriptum
1320 3736 1359 3778 eat
1374 3728 1423 3777 cie-

145 3796 206 3844 dcnii
220 3796 225 3855 Ι
240 3797 349 3847 eienodii
368 3793 530 3863 gmimaticn,
549 3802 575 3849 in
593 3802 677 3850 altera
694 3803 835 3849 recentiore
859 3800 931 3848 etiam
958 3816 1032 3849 rnunu
1058 3800 1193 3850 Cieuodius
1220 3800 1244 3847 in
1271 3798 1377 3864 primam
1401 3808 1426 3846 et

145 3866 271 3915 secundem
284 3868 369 3917 Artem
382 3866 488 3929 Donati)
502 3869 571 3934 oe†w
580 3884 693 3921 srtcrnns
710 3883 822 3919 untione
840 3884 955 3919 nurnero
971 3878 976 3931 ι
992 3884 1150 3919 nerrxrsrser
1164 3908 1220 3922 ....
1238 3886 1284 3918 cro
1302 3884 1363 3919 cscr
1376 3884 1424 3918 cnr.

146 3936 314 3996 irroramur
382 3940 400 3987 4
421 3939 641 3991 obscurutinscitic
660 3944 699 3990 vet
713 3966 746 3975 —
763 3954 792 3989 as
853 3947 904 3989 otte
973 3940 1129 4004 iiqniqnum
1200 3938 1357 4005 7r·epporiri

145 4003 289 4070 tiqrroquae
360 4006 393 4058 10
415 4010 546 4071 repperiet
617 4011 649 4060 12
672 4010 753 4060 snmsi
824 4020 900 4072 etque
923 4008 976 4074 his]
1002 4010 1107 4073 nquebis
1180 4008 1308 4074 reptans
1330 4010 1428 4059 recenti

144 4078 400 4212 mulqen'ptmsrt
469 4077 502 4130 15
519 4080 716 4129 maturatosinsu
734 4086 761 4128 ut
778 4079 876 4129 videtur
947 4087 1097 4146 agrescunt
1116 4080 1214 4131 uidetur
1284 4076 1317 4129 16
1334 4076 1373 4144 ut]
1391 4078 1425 4129 ud

257 4156 348 4197 cuncte
378 4156 453 4199 cunta

206 4368 222 4420 3
240 4372 364 4437 Apicibus
380 4372 484 4422 meiiore
498 4372 601 4423 metatio
620 4371 712 4422 defixis
731 4372 788 4421 stilo
808 4371 888 4423 multo
907 4372 1008 4423 tectiore
1021 4373 1156 4424 liuentibus
1175 4378 1222 4422 ete.
1242 4370 1347 4421 coniecit
1359 4368 1426 4419 Her·

144 4456 239 4491 nemea
251 4442 374 4507 Hagemre
426 4444 599 4493 dobseurant
618 4443 650 4492 ob
664 4442 789 4491 inscitiam
808 4442 940 4508 ingenium
954 4444 1016 4493 idem
1088 4443 1118 4492 1²
1137 4438 1280 4506 triquetris]
1301 4440 1427 4503 aquibus

145 4510 270 4561 rescisus
340 4512 373 4564 15
390 4520 532 4565 maturatos
550 4517 609 4563 nisu
629 4512 760 4563 Pacuio

677 4721 877 4730 *-
