3525 5600
350 395 413 460 462
901 396 1086 458 EVTYClllS

377 518 398 560 p.
412 507 456 548 ree.
469 509 494 547 co
509 504 530 546 t.
1439 517 1461 558 ρ.
1475 505 1572 546 ereo-n
1583 503 1601 543 r.

351 581 522 648 inveniebat
544 587 634 646 ctiam
656 586 817 664 primitiva.
854 593 886 645 et
907 587 951 644 sic
973 586 1047 647 alias
1061 586 1200 646 similiter
1216 587 1421 646 traductiones
1444 580 1456 666 ΙΙ
1480 585 1620 646 verborum

353 689 546 752 antecedente
570 694 750 748 consonante
775 688 870 766 prima
893 687 951 748 sibi
974 695 1088 749 tantum
1109 690 1278 766 coniugatio
1292 688 1438 756 vindicat,
1460 706 1513 747 seu
1534 707 1549 747 a
1570 707 1620 746 rer·

353 792 399 852 bis
421 810 474 852 seu
496 810 512 850 a
535 788 706 850 nominibus
728 784 857 850 veniant.
902 790 1001 869 qualia
1023 797 1092 849 sunt
1114 792 1146 850 in
1167 808 1203 848 co
1225 790 1270 851 rel
1294 791 1325 850 in
1353 797 1382 848 to
1404 790 1451 849 vel
1479 792 1509 849 in
1535 790 1562 850 lo
1586 791 1620 850 rel

352 897 383 955 in
406 896 490 954 cinor
512 891 557 952 vel
580 893 611 951 in
634 893 694 952 cito
716 892 763 952 vel
786 895 874 952 etiem
897 894 929 952 in
951 892 1024 953 alias
1046 891 1439 971 quasdam'terminationes
1463 891 1619 952 desinentia.

352 999 383 1056 in
406 994 514 1075 quibus
536 995 625 1054 etiam
648 993 722 1054 lllud
745 999 791 1054 cst
812 992 1043 1063 observandum,
1067 994 1144 1074 quod
1167 1013 1222 1074 per
1244 1012 1348 1055 earum
1369 995 1504 1074 ipsarum
1524 993 1638 1054 clausu-s

353 1099 449 1158 larum
472 1099 656 1156 incrementa
679 1095 825 1156 derivatio
848 1094 930 1156 verbi
961 1095 1038 1155 solet
1059 1099 1232 1175 provenire,
1260 1104 1294 1156 ut
1320 1095 1398 1156 vello
1419 1095 1504 1156 vellis
1525 1096 1620 1162 vellito,

353 1199 432 1259 l'odio
459 1197 536 1258 lodis
563 1197 676 1267 fodico,
706 1199 805 1258 nutrio
833 1200 966 1267 nutrico,
1001 1197 1087 1257 albus
1114 1197 1177 1258 albi
1205 1196 1315 1267 albico,
1345 1197 1470 1257 claudus
1497 1198 1619 1266 claudio),

353 1299 438 1360 labor
459 1298 588 1368 fabrico,
612 1298 687 1359 alter
709 1300 851 1369 altercor,
882 1301 1068 1360 communico
1096 1299 1231 1360 lrondico
1259 1298 1381 1359 debilito
1404 1298 1527 1359 nobilita
1546 1302 1620 1359 oscito

354 1401 508 1482 periclitor
530 1400 640 1460 ventilo
662 1400 776 1480 pullulo
798 1401 931 1480 gratulor
946 1402 1108 1463 latrocinor
1123 1401 1279 1471 lehricit0;
1303 1403 1427 1481 parique
1445 1401 1530 1461 modo
1549 1404 1620 1462 etiam

354 1506 526 1565 commissor
555 1505 672 1562 sarcino
703 1501 804 1582 [opem
827 1502 896 1584 tuli]
922 1505 1067 1583 opitulor,
1096 1512 1216 1584 praesto
1238 1503 1413 1584 praestolor.
1458 1505 1490 1563 in
1510 1521 1545 1581 go
1563 1523 1647 1583 quo-o

353 1625 411 1686 tpre
434 1606 600 1666 desinentia
622 1607 632 1664 i
655 1604 739 1664 brevi
755 1605 963 1675 antecedente,
986 1613 1021 1666 ut
1042 1609 1148 1684 navigo
1163 1610 1279 1683 remigo
1295 1606 1381 1682 litigo
1396 1607 1502 1682 mitigo
1518 1605 1620 1682 lonigo,

354 1711 416 1770 sive
440 1727 455 1769 a
478 1705 648 1769 nominihus
670 1709 835 1785 figurantur
858 1710 890 1768 in
912 1707 1019 1778 rerba,
1047 1711 1109 1768 sive
1138 1711 1217 1770 inest
1244 1711 1289 1768 eis
1312 1707 1396 1768 verbi
1418 1707 1497 1786 quod
1521 1715 1562 1768 est
1579 1727 1622 1783 ago

354 1810 498 1890 quaedam
527 1810 716 1887 compositio,
745 1812 816 1888 quia
845 1828 913 1870 cum
939 1813 1060 1871 nomine
1088 1818 1321 1890 componuntur,
1356 1811 1393 1872 ad
1422 1812 1546 1891 primam
1570 1811 1622 1869 iure

355 1914 533 1992 perveniunt
561 1912 809 1988 coniugationem.
854 1912 958 1972 eodem
986 1912 1073 1972 modo
1095 1915 1184 1974 etiam
1206 1913 1243 1972 alt
1266 1912 1409 1973 adverbio
1430 1915 1511 1972 intus
1530 1911 1570 1971 rel
1587 1913 1622 1970 in·

357 2023 403 2076 tro
426 2013 549 2075 verbum
571 2014 603 2072 tit
625 2015 705 2072 intro
727 2015 836 2082 intras,
861 2022 891 2074 et
906 2033 926 2073 a
940 2016 1060 2093 penitus
1082 2017 1151 2075 item
1174 2021 1309 2094 penetro,
1332 2024 1362 2076 et
1384 2013 1421 2075 ab
1444 2013 1571 2092 eoquod
1590 2020 1650 2072 esto

355 2125 467 2178 temere
489 2124 603 2177 temero
625 2109 786 2196 temerae!

440 2219 476 2278 Et
500 2237 536 2278 ne
559 2218 671 2277 diutius
693 2217 787 2276 isdem
810 2217 977 2278 rationibus
991 2221 1124 2279 inmorer
1147 2216 1275 2298 (tempus
1288 2221 1368 2279 enim
1390 2236 1438 2278 me
1453 2219 1541 2277 citius
1553 2235 1623 2296 quan

356 2320 489 2400 exempla
519 2318 682 2398 deficiant),
713 2321 739 2379 si
768 2337 871 2380 omnes
899 2319 989 2380 liuius
1016 2320 1097 2380 modi
1124 2321 1328 2381 traductiones
1349 2319 1509 2381 verborum
1529 2323 1624 2398 primae

356 2422 447 2484 solius
469 2423 686 2498 coniugationis
709 2423 852 2491 existant,
878 2424 922 2481 sic
944 2439 1010 2482 esse
1033 2428 1131 2500 potest
1152 2422 1260 2502 aliquis
1282 2425 1500 2490 contentiosus,
1530 2429 1624 2480 utnon

356 2527 413 2587 alia
435 2543 551 2604 quoque
575 2522 681 2592 verba,
713 2522 823 2602 quihus
845 2523 1008 2584 adhaerent
1030 2526 1163 2594 nomina,
1191 2526 1217 2585 si
1241 2527 1354 2604 primae
1377 2543 1437 2584 non
1459 2526 1518 2583 sint
1537 2525 1650 2582 contu-e

356 2628 497 2705 gationis,
526 2626 654 2687 fateatur
682 2625 718 2686 de
741 2625 915 2687 nominihus
941 2645 1007 2686 esse
1030 2626 1174 2686 traducta.
1220 2636 1251 2687 ut
1280 2634 1371 2687 totam
1400 2627 1492 2702 igitur
1512 2625 1624 2702 regulam

357 2728 533 2807 recolligere
561 2729 678 2798 ridear,
708 2727 781 2789 illud
804 2729 895 2788 etiarn
917 2726 1023 2789 addam
1051 2747 1141 2810 supra
1168 2729 1270 2798 dictis,
1299 2727 1395 2807 quod,
1424 2745 1624 2809 aquacumque

360 2832 558 2893 declinatione
582 2833 735 2891 nominum
758 2830 926 2892 traductum
947 2834 987 2892 sit
1002 2830 1143 2900 verbum,
1166 2832 1314 2912 siquidem
1336 2834 1368 2892 in
1384 2850 1420 2891 eo
1436 2830 1555 2899 desinat,
1575 2831 1627 2888 eins

361 2942 405 2995 cst
429 2934 663 3010 coniugationis,
687 2935 771 2993 cuius
793 2942 823 2993 et
846 2932 902 2993 alia
917 2941 987 2995 sunt
1007 2936 1039 2993 in
1062 2953 1097 2994 eo
1112 2933 1293 3003 desinentia,
1316 2950 1391 3013 quae
1409 2934 1552 3011 primitiva
1572 2937 1626 2990 sunt

361 3046 390 3096 et
413 3056 429 3096 a
452 3035 532 3097 nulla
561 3034 747 3095 deducuntur
775 3036 906 3111 origine,
934 3036 964 3095 id
993 3048 1039 3099 est
1065 3037 1212 3096 secundae
1241 3035 1332 3095 solius
1359 3034 1579 3111 coniugatione,
1601 3040 1653 3091 nte
1709 3033 1710 3036 ’

361 3156 452 3199 canus
474 3138 540 3197 cani
565 3153 671 3206 caneo,
700 3136 789 3197 calles
818 3136 902 3197 callis
924 3137 1032 3207 calleo,
1062 3138 1115 3197 llos
1144 3138 1226 3197 lloris
1247 3137 1352 3205 lloreo,
1383 3135 1434 3196 lux
1456 3136 1528 3195 lucis
1548 3135 1624 3199 luceo,
1709 3125 1710 3140 ³

361 3243 443 3301 lrons
470 3238 585 3299 frondis
612 3238 748 3307 frondeo,
778 3256 886 3298 census
914 3256 1022 3299 census
1050 3257 1168 3300 censeo.
1213 3242 1244 3300 in
1272 3259 1310 3300 uo
1333 3234 1347 3319 11
1376 3256 1446 3298 vero
1472 3235 1624 3317 principalia

360 3342 480 3421 quidem
507 3342 615 3401 tertiae
645 3340 736 3400 solius
763 3342 971 3410 inveniuntur,
1001 3348 1034 3402 ut
1060 3340 1153 3402 inhuo
1180 3361 1253 3403 acuo
1281 3342 1372 3401 induo
1400 3357 1492 3417 arguo
1517 3339 1561 3399 luo
1579 3356 1626 3396 nuo

361 3462 435 3524 spuo
452 3456 506 3503 ruo
522 3460 589 3513 suo,
613 3443 697 3503 lutuo
719 3449 826 3504 statuo.
854 3460 947 3504 vacuo
969 3452 1068 3504 autem
1083 3443 1171 3505 viduo
1186 3446 1305 3505 insinuo
1319 3451 1410 3503 tenuo
1424 3442 1531 3503 lluctuo
1543 3446 1626 3501 aestuo
1709 3505 1710 3512 χ

362 3552 480 3608 mutuor
502 3544 666 3605 tumultuor
688 3544 816 3615 inlatuo,
844 3547 913 3625 quia
936 3564 972 3605 ex
993 3546 1165 3607 nominibus
1187 3564 1297 3607 vacuus
1318 3544 1426 3604 viduus
1447 3545 1528 3603 sinus
1546 3542 1653 3602 tentus
1709 3576 1711 3610 f

363 3648 470 3709 lluctus
500 3654 600 3706 aestus
633 3654 752 3707 mutuus
780 3646 925 3707 tumultus
957 3649 1056 3707 latuus
1090 3648 1222 3708 derivata
1254 3656 1337 3716 sunt,
1371 3648 1437 3705 iure
1470 3645 1526 3705 sibi
1548 3644 1626 3723 prinu

363 3749 494 3810 vindicat
520 3750 699 3825 coniugatio.
743 3766 810 3809 nam
838 3748 936 3809 trihus
964 3755 994 3808 et
1021 3757 1119 3810 metus
1146 3758 1177 3811 et
1202 3750 1267 3810 lues
1284 3734 1324 3810 ⁴ct
1350 3755 1451 3809 strues
1471 3750 1557 3824 magis
1574 3747 1625 3823 ipsa

284 3878 286 3883 v
364 3852 551 3913 deducuntur
574 3870 590 3910 a
612 3848 713 3909 verbis
726 3850 827 3911 tribuo
842 3857 943 3911 metuo
964 3851 1015 3911 luo
1029 3858 1126 3921 struo,
1149 3870 1239 3932 quam
1253 3854 1368 3915 iaciunt
1381 3848 1482 3909 verba.
1509 3848 1534 3908 si
1546 3853 1625 3907 auen

364 4008 368 4015 μ
386 4006 665 4013 -....--.----

433 4105 542 4156 dicto
562 4104 644 4154 celin
665 4100 699 4170 lo]
721 4104 746 4153 in
766 4102 861 4153 itouel
880 4106 907 4153 in
928 4104 951 4153 lo
970 4104 1010 4153 uel
1032 4107 1057 4153 in
1076 4106 1157 4155 lorP
1225 4105 1374 4170 diptiacum
1391 4100 1477 4154 «ΜΒ
1540 4098 1624 4148 liodio

363 4176 403 4225 dis
426 4190 455 4225 co
478 4189 522 4225 cas
546 4174 585 4223 cel
609 4174 658 4223 lldo
682 4174 723 4223 die
746 4173 821 4223 ildico
840 4174 923 4223 nutrio
943 4189 972 4223 co
995 4173 1068 4225 albus
1091 4175 1173 4225 elbico
1196 4174 1302 4225 claudus
1324 4174 1441 4224 claudico
1466 4171 1530 4222 labec
1545 4168 1624 4218 lairico

363 4244 426 4293 alter
445 4245 537 4295 altereo
557 4245 697 4295 eommunis
715 4260 744 4291 co
763 4242 860 4293 frondis
879 4242 994 4292 l'rondioo
1012 4245 1103 4293 debilis
1125 4244 1229 4294 debilito
1254 4243 1347 4294 nobilis
1366 4242 1472 4293 nobilitc
1489 4242 1547 4291 oseis
1559 4237 1623 4286 oscito

364 4314 504 4379 periculum
524 4314 652 4379 periclitor
671 4322 762 4363 uentus
779 4313 873 4363 uentilo
894 4312 978 4378 pullus
995 4314 1094 4377 pullulo
1114 4323 1202 4380 gratus
1220 4314 1335 4381 gratulor
1351 4320 1361 4362 t
1430 4312 1448 4361 8
1464 4308 1583 4360 altercoP

365 4383 398 4435 to
416 4386 515 4434 saccino
532 4400 607 4449 opem
627 4384 672 4434 tnli
692 4382 801 4449 opitulor
818 4393 919 4448 praesto
935 4385 1077 4448 praestolor
1093 4384 1119 4433 B
1134 4387 1247 4436 sercinor
1264 4398 1337 4449 opem
1356 4383 1403 4432 tuli
1421 4381 1525 4447 opitulor
1540 4385 1623 4444 preesto

364 4457 486 4521 praestito
509 4454 651 4520 praestolor
669 4467 760 4519 praeeo
783 4454 880 4519 praeite
899 4454 924 4502 P
947 4453 1046 4503 tercino
1064 4454 1174 4519 opitulor
1191 4463 1292 4519 praesto
1312 4452 1477 4517 praestolort
1553 4447 1579 4497 12
1593 4446 1623 4493 eis
1709 4473 1711 4476 -

365 4525 450 4576 uerbis
466 4527 607 4593 (superior.
627 4525 751 4589 quaedam
771 4521 935 4586 compositio)
952 4523 983 4572 eb
997 4539 1027 4571 eo
1047 4526 1123 4573 uerbo
1142 4526 1209 4588 qnod
1228 4534 1334 4588 cetego
1354 4519 1536 4589 compositioB
1592 4522 1623 4562 2⁸¹

366 4598 397 4645 ab
417 4600 503 4662 ngoP
552 4594 584 4647 13
602 4595 840 4645 cumenomineP
891 4593 947 4642 iure
965 4593 1107 4643 ueniuntB
1162 4595 1193 4646 tt
1211 4583 1626 4658 coniugationemsolineeodeml'

419 4666 602 4718 locamur
639 4666 669 4715 17
685 4666 710 4713 ln
721 4664 859 4714 ltitdemB
902 4662 1101 4714 liideflcientB
1136 4664 1402 4717 llleoliuetssolnm
1416 4651 1471 4712 B'P
1499 4656 1623 4710 ‘lididucte
1709 4714 1711 4720 Ι

368 4734 391 4781 Β
462 4736 494 4784 25
514 4734 640 4785 secundae
658 4742 717 4784 sunt
735 4733 813 4783 solius
830 4735 854 4783 1²
935 4730 970 4784 29
988 4731 1057 4782 letuo
1076 4744 1159 4784 statuo
1179 4736 1204 4784 P
1220 4735 1291 4785 tutuo
1312 4748 1443 4797 superarer.
1456 4737 1529 4779 statuo
1544 4725 1565 4774 tt

332 4890 338 4899 ι
366 4818 400 4869 30
417 4821 556 4939 ῑὲωιιὴιιοτ
572 4820 669 4870 inlatuo
690 4827 700 4870 t
716 4820 856 4870 tumultuor
871 4817 984 4868 inlatum·
994 4801 1134 4872 'r'ititnuo
1152 4822 1289 4872 tumultuor
1307 4819 1333 4869 B
1409 4818 1440 4869 31
1455 4816 1529 4866 fatuus
1544 4809 1622 4861 umul-

367 4898 408 4939 tut
