3525 5600
761 394 833 456 ARS
1378 389 1439 458 311
1510 384 1521 418 ⁸

1246 515 1268 556 p.
1281 503 1339 545 1331.
1353 503 1379 544 es
1391 502 1415 542 r.

161 589 246 648 lectae
268 586 396 652 formae,
420 591 453 644 ut
474 584 596 663 quiesco
618 601 789 644 consuesco.
834 587 907 644 item
930 590 999 644 sunt
1020 601 1095 663 quae
1118 583 1353 645 inchoativorum
1375 601 1440 643 133-

159 687 259 748 horum
281 684 505 748 similitudinem
527 692 762 764 repraesentant,
778 703 846 746 oum
867 685 1034 746 inchoativa
1055 703 1114 746 non
1136 687 1206 754 sint,
1229 693 1263 746 ut
1284 703 1440 766 conpesco,

160 809 225 870 3333
249 789 319 850 inde
341 787 542 864 intellegimus
569 787 737 850 inchoativa
765 806 825 849 non
847 805 928 857 3333,
952 789 1091 868 quoniam
1113 787 1224 848 hahent
1245 791 1442 867 praetentum

160 897 288 970 1333333,
312 909 370 969 333
391 888 558 950 inchoativa
581 909 684 950 carere
707 890 845 951 diximus.
890 898 1045 970 praeterea
1067 891 1142 950 liunt
1163 892 1253 950 etiam
1275 910 1291 951 3
1313 892 1440 951 nomini-

139 989 524 1056 113313313311131331133
554 991 591 1053 ab
621 993 811 1072 appellativo,
841 1000 872 1052 ut
900 1009 989 1070 aeger
1018 993 1182 1070 aegrescit,
1211 995 1443 1072 33333313,31

158 1095 493 1156 1131331333313333311.
540 1093 575 1154 de
598 1094 779 1156 meditativis
807 1093 924 1156 abunde
947 1094 1044 1155 estid
1068 1094 1145 1175 quod
1168 1112 1258 1173 supra
1280 1093 1419 1155 diximus.

235 1195 321 1256 Nunc
343 1197 483 1277 quoniam
506 1203 535 1256 ct
556 1198 659 1257 modos
682 1205 712 1258 et
733 1198 845 1258 formas
861 1197 1022 1273 diligenter
1037 1196 1265 1276 explicavimus,
1289 1214 1344 1275 per
1365 1215 1441 1276 quae

158 1297 324 1378 qualitatem
352 1316 426 1378 quae
454 1297 545 1358 verbo
574 1300 682 1360 accidit
709 1299 841 1376 intellegi
875 1316 960 1379 posse
993 1296 1211 1377 praediximus,
1242 1298 1441 1368 ostendemus,

158 1419 226 1480 3333
249 1399 341 1461 verba
362 1399 408 1461 vel
431 1403 461 1460 13
483 1400 579 1461 modis
602 1400 747 1462 defectiva
770 1403 830 1462 sint
853 1399 897 1460 131
925 1401 956 1460 13
981 1401 1095 1461 formis.
1139 1398 1304 1479 inquibus
1330 1400 1442 1480 aliquid

127 1511 147 1550 1⁰
158 1503 355 1582 exemplorum
385 1504 456 1563 satis
484 1509 529 1562 est
557 1501 710 1572 collocari,
740 1521 776 1563 ex
803 1501 913 1582 quihus
940 1501 998 1563 alia
1026 1504 1075 1581 331
1099 1501 1443 1588 (11113331133333313133

159 1605 294 1665 inveniet.
339 1603 464 1665 1331333
486 1605 560 1666 33113
583 1623 638 1684 333
660 1623 763 1666 313333
786 1603 890 1666 modos
912 1604 1028 1673 deficit,
1059 1607 1127 1683 3313
1150 1605 1290 1664 nonnisi
1313 1604 1441 1684 impera·

158 1708 205 1766 tivi
220 1706 300 1767 modi
317 1713 372 1766 331.
403 1709 475 1767 item
496 1691 617 1787 possum
639 1716 670 1767 et
693 1709 740 1768 aio
763 1707 853 1768 verba
876 1709 1086 1785 imperativum
1108 1703 1229 1765 modum
1247 1723 1306 1766 non
1320 1705 1442 1767 habent.

158 1811 186 1868 in
211 1808 308 1870 forma
337 1815 435 1868 autem
464 1809 681 1888 frequentativa
709 1809 888 1871 defectivum
917 1807 1062 1888 estquod
1085 1806 1443 1887 pauloanteiamdixi-

157 1929 234 1980 mus,
258 1911 373 1972 facesso
401 1910 446 1971 vel
469 1929 608 1991 capesso:
632 1913 771 1990 quoniam
794 1909 974 1988 regxdaritcr
1003 1911 1100 1989 prima
1122 1911 1292 1986 coniugatio
1314 1911 1443 1970 inveniri

125 2011 261 2073 stenen
288 2015 319 2072 in
349 2013 580 2093 frequentativo,
611 2020 708 2092 331331
736 2013 831 2074 videri
861 2011 1029 2072 defectione
1057 2011 1184 2091 quadam
1206 2012 1442 2090 frequentativae

156 2116 265 2175 formae
288 2114 390 2192 regida
413 2133 472 2175 non
493 2117 601 2176 teneri.
681 2149 683 2152 ·

237 2215 384 2296 Tempora
406 2215 506 2277 verbis
528 2219 692 2295 generatim
715 2217 853 2278 accidunt
875 2219 948 2286 tria,
979 2235 1055 2297 quae
1077 2216 1223 2277 naturalia
1244 2215 1439 2295 appellantur,
1453 2227 1511 2287 383,
1529 2227 1561 2274 10

156 2336 310 2396 praesens,
339 2323 535 2398 praeteritum
565 2326 596 2379 et
623 2321 766 2380 futurum.
811 2321 862 2381 sed
886 2321 1041 2400 praeteriti
1070 2320 1214 2397 temporis
1236 2317 1444 2378 distinctiones

156 2427 216 2480 tres
238 2421 446 2482 inveniuntur:
477 2439 552 2491 una,
581 2439 656 2500 quae
685 2429 731 2482 est
757 2423 841 2502 quasi
864 2423 1080 2490 vetustissima,
1104 2439 1192 2500 33333
1215 2419 1342 2480 dicimus
1363 2419 1443 2499 3133-

122 2523 423 2600 21333333331331333,
446 2529 479 2582 31
501 2530 757 2593 estcucurrerat;
781 2523 838 2584 alia
861 2526 995 2603 proxima
1017 2523 1103 2591 huic,
1135 2540 1212 2602 quae
1235 2528 1281 2582 331
1302 2522 1442 2600 perfecta,

155 2631 186 2684 ut
215 2633 261 2684 est
288 2609 436 2694 cucurrit3
465 2629 569 2697 tertia,
599 2644 675 2706 3333
703 2625 868 2704 1333313313
897 2625 1076 2706 3333113133,
1106 2631 1138 2683 31
1165 2630 1210 2683 331
1237 2621 1390 2693 currebat;
1414 2631 1444 2683 et

155 2725 209 2785 hae
232 2727 390 2787 artificales
411 2726 561 2788 dicuntur.
597 2745 669 2806 ergo
692 2729 790 2788 omnia
814 2734 948 2808 tempora
970 2730 1102 2808 quinque
1125 2732 1206 2794 sunt,
1236 2727 1442 2804 inperfectum,

155 2836 186 2889 ut
208 2828 382 2897 currebam,
405 2831 587 2909 perfectum,
612 2838 645 2890 ut
667 2832 802 2899 cucurri,
825 2830 1164 2911 plusquamperfectum,
1188 2835 1221 2889 ut
1243 2845 1442 2897 cucurreram,

154 2948 312 3009 praesens,
337 2938 369 2990 ut
391 2950 495 3002 curro,
518 2932 667 3002 futurum,
692 2940 725 2993 31
748 2950 876 2994 curram.
907 2950 962 3012 per
976 2932 1050 2993 haec
1072 2940 1206 3011 tempora
1227 2932 1360 2991 omnium
1381 2948 1444 2990 mo·

118 3032 262 3093 2⁵dorum
284 3032 375 3092 verba
398 3032 594 3095 declinantur.
638 3034 758 3115 quidam
782 3042 880 3095 tamen
903 3035 1100 3096 adnumerant
1121 3034 1278 3113 praeteriti
1301 3035 1445 3113 temporis

156 3144 158 3206 ἶ
183 3142 214 3193 31
237 3134 330 3194 131311
353 3134 443 3196 verba
465 3135 610 3196 ulteriora
633 3138 663 3197 in
686 3138 826 3216 passivis,
850 3153 925 3217 3333
941 3138 973 3196 13
988 3136 1186 3196 declinatione
1208 3152 1363 3214 ponemus.
1392 3133 1444 3193 sed

153 3240 232 3297 scire
257 3234 399 3297 debemus
421 3238 605 3316 quorundam
627 3238 781 3299 modorum
804 3237 896 3298 verba
923 3238 1103 3315 regulariter
1130 3254 1188 3296 non
1210 3254 1298 3316 33333
1321 3254 1444 3297 3333333

152 3356 208 3417 333
231 3340 331 3398 omnia
353 3346 502 3418 tempora,
526 3346 559 3400 31
581 3358 650 3400 3333
672 3342 704 3401 13
727 3341 902 3419 imperativo
925 3339 1012 3400 modo
1034 3340 1231 3418 praeteritum
1253 3345 1380 3419 tempus,
1404 3340 1444 3399 si·
1511 3370 1517 3381 =

152 3448 203 3501 cut
226 3458 318 3519 33333
340 3442 399 3501 iam
428 3442 570 3511 diximus,
600 3441 690 3502 verba
719 3460 778 3502 non
807 3442 965 3511 exhibent,
995 3443 1065 3520 quia
1088 3459 1174 3501 nemo
1195 3442 1227 3500 in
1249 3442 1445 3519 praeteritum

116 3544 292 3622 1113333331.
316 3542 484 3604 1331331113
501 3562 617 3623 quoque
636 3544 727 3605 verba
743 3546 940 3624 praeteritum
952 3562 1011 3604 non
1021 3540 1143 3603 habent.
1172 3544 1311 3603 infinitivi
1327 3561 1444 3622 quoque

151 3644 233 3705 modi
265 3643 388 3704 verbum
411 3652 471 3715 est,
495 3658 527 3707 ut
551 3648 595 3708 est
616 3647 732 3724 legere,
764 3647 820 3707 hoc
842 3653 941 3706 tamen
963 3646 1118 3725 praeteriti
1141 3646 1284 3723 temporis
1305 3645 1444 3705 differen-

152 3750 210 3807 tias
234 3764 296 3807 non
318 3748 437 3825 recipit.
481 3746 647 3808 declinatur
675 3750 754 3809 enim
781 3749 839 3817 sic,
863 3754 996 3827 tempore
1019 3747 1120 3807 futuro
1142 3746 1251 3807 lectum
1274 3749 1334 3815 133,
1359 3765 1444 3827 prae·

151 3851 246 3907 terito
269 3847 387 3925 legisse.
432 3850 471 3908 ita
501 3866 572 3927 ergo
600 3852 631 3909 in
658 3852 821 3929 praeterito
845 3858 907 3911 tres
928 3850 995 3911 illae
1019 3848 1204 3909 differentiae
1230 3846 1276 3927 [in
1299 3848 1445 3909 infinitivo

150 3947 259 4027 modo]
294 3968 351 4011 non
384 3952 590 4021 inveniuntur,
629 3954 793 4032 praeterito
830 3953 996 4031 inperfecto
1034 3969 1158 4030 prorsus
1194 3968 1253 4010 non
1289 3950 1444 4009 existente.

115 4055 226 4111 ³⁵itern
252 4060 321 4112 sunt
343 4053 448 4123 verba,
473 4056 665 4133 quorumvis
688 4074 755 4114 curn
777 4056 808 4113 13
830 4054 982 4133 praesenti
1005 4052 1050 4113 vel
1072 4055 1103 4112 in
1126 4053 1289 4130 praeterito
1316 4053 1369 4119 sit,
1399 4052 1446 4111 fu-

150 4162 257 4215 turum
291 4152 401 4214 habere
432 4173 492 4215 oon
523 4164 662 4235 possunt,
691 4163 726 4216 ut
753 4154 849 4225 soleo,
878 4154 983 4215 solitus
1011 4172 1092 4223 3333,
1123 4153 1263 4214 solebam.
1308 4155 1446 4231 quoniam
1490 4180 1497 4191 ·

226 4396 244 4443 2
269 4401 456 4458 repraesentant
474 4392 612 4444 Stenarum
630 4400 792 4458 praesentant
809 4392 864 4444 BL
888 4401 1017 4457 praestant
1035 4392 1067 4441 M
1147 4390 1381 4443 633133133311111

155 4464 227 4527 quod
247 4464 435 4527 supradictum
454 4474 493 4512 331
512 4462 574 4513 ML
644 4462 840 4513 Bostendomus
857 4463 913 4513 BL
984 4462 1017 4512 10
1034 4462 1083 4511 3113
1101 4464 1179 4509 uerba
1197 4462 1240 4523 qui
1260 4459 1293 4509 M
1362 4462 1392 4513 ll
1409 4462 1447 4509 ln-

155 4532 292 4583 ueniatB
360 4532 393 4584 13
411 4534 487 4599 33313
506 4542 564 4582 3313
582 4533 695 4582 diximus
715 4541 742 4580 ut
765 4531 865 4583 facesso
883 4532 939 4583 BL
1010 4533 1042 4582 14
1059 4532 1160 4597 capistro
1178 4532 1203 4580 L
1273 4531 1306 4582 19
1328 4542 1449 4595 quaeest

154 4605 233 4666 33331
249 4604 423 4653 uetustissima
442 4618 516 4666 qnam
536 4604 647 4653 diximus
668 4602 941 4669 plusquamperfectum
952 4600 1007 4651 BL
1023 4616 1088 4666 quae
1105 4600 1277 4649 uetustissima
1293 4617 1368 4665 quam
1383 4602 1448 4653 dici-

156 4688 215 4722 mus
237 4673 516 4739 plusquamperfectum
536 4673 567 4721 M
643 4672 675 4723 21
696 4682 720 4720 et
739 4672 801 4722 13333
819 4672 949 4723 artltleelis
967 4669 1163 4720 diciturBML
1233 4670 1267 4719 211
1287 4669 1449 4734 ponimusB

204 4744 243 4795 :28
257 4754 286 4791 ut
300 4759 356 4793 ecce
375 4744 526 4807 inrperetluo
540 4742 633 4793 BML
652 4752 678 4789 nt
696 4742 721 4791 in
741 4744 890 4809 1313333ιί33
906 4739 1045 4792 Sfcdordns
1097 4738 1131 4790 :tt
1149 4740 1254 4789 uerbum
1269 4751 1296 4789 31
1311 4752 1349 4791 cst
1364 4741 1448 4806 legere

151 4812 184 4862 Μ
200 4814 310 4863 uerbum
329 4822 366 4863 est
385 4814 471 4879 legere
489 4812 512 4861 t
530 4822 568 4861 est
587 4813 671 4877 legere
688 4812 714 4860 B
782 4812 815 4865 32
834 4813 992 4863 declinentur
1008 4826 1078 4863 corr,
1097 4810 1237 4859 declinatur
1252 4810 1277 4860 B
1292 4810 1449 4860 3331133333·

153 4882 217 4935 ML
294 4883 325 4934 33
345 4886 369 4933 13
389 4884 514 4933 1331131ιί33
532 4884 606 4932 modo
620 4898 665 4935 om.
682 4881 715 4931 M
721 4882 743 4931 J,

208 4973 389 5016 cnxnrnancr
406 4974 539 5027 3311311.
1205 4965 1247 5028 25
