3525 5600
547 493 746 561 EXCERPTA
769 494 943 561 PdeSlNA
965 494 1084 560 lll—-V
1402 489 1465 560 603

1263 617 1284 660 p.
1298 607 1400 646 eree-ea
1413 603 1437 646 r.

172 682 394 767 ρισπωμίνων
415 705 448 746 οι
470 686 686 767 diphthongum
702 688 733 747 in
754 688 850 767 prima
873 689 1020 766 positione
1036 692 1150 746 tantum
1173 692 1262 755 tenet,
1287 689 1319 746 in
1341 687 1466 764 reliquis

165 795 271 848 eutem
298 787 382 848 verbi
412 787 663 849 declinationibus
698 794 793 850 mutat
820 807 886 850 eam
914 789 946 849 in
975 807 1026 848 ου.
1071 787 1122 848 sed
1156 794 1186 848 et
1220 790 1250 847 in
1283 787 1463 868 barytonisl

171 889 276 950 eadem
299 891 409 951 infiniti
431 890 512 950 modi
535 890 657 950 creandi
680 890 849 952 observatio
871 892 1040 970 reperitur,
1062 885 1182 951 τύπτει
1203 885 1351 969 τύπτειν,
1375 887 1465 968 λέγει

172 989 285 1070 λέγειν
307 1000 338 1053 et
360 999 471 1054 cetera.
515 1010 572 1052 nec
594 1011 653 1053 nnn
676 1001 707 1053 et
728 995 938 1073 imperativum
959 992 1079 1054 medum
1103 993 1205 1052 eadem
1228 993 1316 1052 tertia
1338 1009 1466 1070 persana

130 1109 144 1148 ε
172 1093 210 1154 de
240 1110 271 1154 se
298 1101 396 1164 creat,
430 1096 461 1154 in
490 1096 707 1174 perispnmenis
734 1095 854 1175 quidem
883 1103 1007 1156 accentu
1040 1093 1075 1154 ad
1110 1097 1297 1174 superiorem
1323 1092 1467 1173 syllabam

173 1195 329 1267 translato,
358 1202 452 1257 ποιεί
468 1195 573 1274 ποίει,
596 1195 676 1277 τιμᾷ
698 1195 793 1277 τίμα,
817 1203 938 1277 χρυσοῖ
962 1191 1098 1276 χρύσοι,
1127 1199 1158 1256 in
1185 1195 1339 1275 barytnnis
1367 1203 1465 1256 nutem

171 1297 326 1359 subtracto
349 1318 377 1378 ι,
406 1295 496 1376 λίγέι
524 1295 616 1377 λέγε,
645 1294 770 1379 γράφει
796 1293 925 1379 γράφε,
955 1290 1050 1378 ἄρχει
1079 1290 1171 1378 ἄρχε.
1217 1299 1248 1358 in
1277 1299 1466 1359 coniunctim

170 1400 259 1461 mode
281 1399 357 1461 nibil
379 1402 501 1460 ommno
523 1408 670 1470 mutatur,
694 1400 747 1461 sed
762 1403 860 1480 prima
875 1417 1004 1480 persona
1027 1401 1196 1480 praesentis
1219 1401 1363 1478 temporis
1385 1399 1465 1460 modi

170 1500 326 1564 indicativi
348 1503 452 1563 eadem
473 1509 519 1584 est
539 1504 570 1562 in
593 1503 783 1562 coniunctim
803 1501 892 1562 modo
915 1504 1009 1582 prima
1030 1520 1159 1582 persana
1180 1504 1362 1581 praesentis,
1379 1501 1465 1561 ποιά

130 1615 159 1655 ¹⁰
172 1592 236 1665 ἐὰν
256 1603 354 1684 ποιῶ,
377 1602 447 1684 βοῶ
471 1597 532 1664 ἐὰν
553 1601 635 1683 βοαί,
657 1599 750 1664 θέλω
773 1595 834 1664 ἐάν
854 1597 959 1683 θέλω,
981 1599 1102 1684 γράφω
1127 1595 1187 1665 ἐάν
1208 1598 1339 1682 γράφω.
1363 1621 1465 1664 verum

172 1705 373 1768 differentiam
401 1705 473 1766 lacit
500 1706 629 1767 secunda
658 1723 800 1785 persona,
824 1705 910 1765 ποιῶ
933 1712 1056 1784 ποιεῖς,
1081 1693 1140 1766 ἐὰν
1162 1705 1248 1765 ποιύ
1272 1695 1333 1766 ἐάν
1355 1704 1463 1786 ποιῇς.

172 1810 246 1869 item
268 1807 345 1887 apud
368 1807 499 1869 Graccus
519 1809 617 1887 prima
645 1825 774 1888 persana
795 1809 965 1887 praesentis
987 1808 1104 1869 adiecto
1127 1807 1184 1868 sibi
1207 1825 1229 1867 ν
1250 1807 1322 1867 lacit
1343 1799 1465 1886 partici-

90 1941 97 1954 ·
170 1912 270 1990 pinna,
294 1907 386 1969 λαλῶ
409 1906 534 1987 λαλῶν,
556 1905 678 1990 γράφω
699 1904 852 1989 γράφων.
898 1927 1041 1990 praesens
1063 1917 1181 1990 tempus
1202 1925 1377 1986 graecorum
1400 1927 1465 1968 ver-

171 2011 279 2074 borum
301 2011 380 2092 qnod
403 2013 434 2072 in
461 2029 521 2090 μαι
550 2011 692 2091 syllabam
714 2013 893 2072 terminatur
921 2013 952 2073 in
981 2007 1248 2092 περισπωμένως
1274 2010 1410 2089 quidem,
1439 2013 1464 2072 si

131 2125 158 2164 1⁵
171 2113 284 2176 abiciat
307 2133 366 2193 μαι
388 2112 545 2193 syllabam,
569 2113 641 2174 iacit
661 2115 885 2193 imperativum,
914 2112 1078 2194 φιλοῦμαι
1101 2111 1222 2192 φιλού,
1251 2112 1395 2193 τιμῶμαι
1416 2133 1466 2173 τι-

169 2209 240 2297 μῶ,
263 2213 454 2295 χρυσούμαι
475 2214 624 2295 χρυσοῦ,
645 2217 677 2275 in
701 2214 855 2295 barytnnis
876 2233 962 2285 vern,
987 2217 1012 2276 si
1036 2213 1150 2276 abiecta
1173 2231 1231 2295 μαι
1254 2213 1365 2294 syllaba
1388 2217 1466 2276 acci·

169 2319 235 2398 piat
256 2336 280 2376 υ
300 2316 439 2385 litteram,
463 2314 601 2398 λέγομαι
623 2313 737 2396 λύγου,
758 2312 933 2398 γράφομαι
953 2313 1101 2397 γράφου.

256 2418 299 2480 lle
327 2418 489 2498 praeterito
524 2419 701 2498 inperfecte.
745 2436 852 2497 graeca
879 2417 970 2479 verba
1000 2421 1114 2490 omnia,
1149 2436 1202 2480 seu
1232 2417 1374 2499 barytona
1403 2421 1465 2480 sive

169 2523 389 2602 perispnmena,
403 2522 434 2581 in
448 2528 583 2601 tempore
598 2522 766 2600 inperfecte
777 2521 901 2582 eandem
913 2520 1024 2581 babent
1039 2523 1165 2601 primam
1176 2503 1335 2601 personam
1348 2523 1466 2582 numeri

129 2632 157 2672 ²⁰
170 2623 333 2700 singularis
359 2641 435 2702 quae
462 2631 506 2684 est
526 2625 615 2683 tertia
636 2621 774 2702 pluralis,
800 2618 941 2683 ἐποίουν
964 2618 1042 2702 ἐγύ,
1067 2619 1207 2685 ἐποίουν
1230 2618 1364 2686 ἐκείνοι.
1393 2626 1466 2684 item

171 2727 204 2786 in
226 2727 344 2805 graecis
360 2723 462 2785 verbis
475 2723 615 2786 omnibns
630 2742 759 2806 quornm
780 2727 891 2805 positio
912 2726 1008 2805 prima
1031 2727 1062 2785 in
1086 2745 1112 2786 ω
1135 2725 1246 2787 desinit
1267 2727 1464 2806 inperfectum

170 2836 290 2908 tempus
317 2827 452 2889 ultimam
479 2826 622 2909 syllabam
653 2846 736 2888 suam
766 2826 802 2887 ab
829 2828 877 2888 bis
906 2828 1040 2907 incipere
1069 2827 1178 2890 litteris
1206 2830 1293 2899 lacit,
1317 2846 1332 2889 a
1356 2828 1466 2910 quibus

170 2928 276 2991 ultima
298 2928 412 3011 syllaba
434 2932 602 3010 praesentis
625 2931 738 3009 enepit,
761 2926 846 3009 nepai
868 2925 1008 3009 ἐτίμων,
1031 2926 1153 3011 γράφω
1175 2928 1337 3009 ἔγραφον,
1361 2925 1465 3009 τρέχω

169 3030 326 3113 ἔτρεχον,
348 3038 413 3101 aut,
436 3033 463 3091 si
485 3032 594 3092 vocalis
616 3031 678 3091 sala
700 3030 762 3090 illic
790 3031 860 3100 luit,
891 3038 921 3091 et
948 3030 996 3091 bic
1018 3034 1050 3092 in
1072 3034 1169 3111 capite
1192 3032 1313 3093 ultimae
1336 3031 1465 3112 syllabae

127 3134 378 3203 revocatisque,
407 3131 495 3193 ποιῶ
517 3130 675 3211 ἐποίουν,
697 3127 879 3210 θεραπεύω
903 3128 1126 3213 ἐθεράπευον.
1172 3152 1259 3193 omne
1282 3134 1465 3195 Graecorum

170 3235 373 3316 inperfectum
395 3237 523 3297 activum
546 3237 592 3296 vel
614 3236 711 3296 active
733 3234 831 3294 simile
854 3235 885 3293 in
908 3253 928 3294 ν
951 3234 1080 3296 litteram
1097 3234 1222 3296 desinit:
1246 3235 1298 3297 sed
1323 3234 1464 3316 barytona

168 3325 212 3398 ln¹
231 3336 353 3398 brevem
381 3336 524 3419 syllabam
545 3337 704 3406 liniuntur,
733 3336 764 3396 id
791 3342 837 3395 est
864 3338 896 3396 in
919 3354 960 3396 ον
981 3355 1115 3417 semper,
1139 3334 1276 3417 ἔτρεχον
1298 3334 1464 3417 ἐγραφονι

169 3442 382 3519 perispumena
404 3458 476 3500 vern
498 3440 544 3500 rel
566 3458 583 3499 a
605 3436 706 3499 verbis
727 3440 758 3498 in
780 3458 818 3518 μι
839 3438 1019 3512 exeuntibus
1041 3436 1128 3517 longa
1152 3440 1360 3509 terminantur,
1386 3434 1466 3499 ἐιιά-

168 3542 258 3603 λουν
280 3537 405 3622 ἐτίμων
427 3536 573 3620 ἐδήλουν
596 3536 724 3621 ἐτίθην.
770 3540 899 3621 denique
923 3536 1044 3621 ρίπτω,
1067 3543 1137 3620 qnia
1160 3540 1247 3601 modu
1270 3549 1357 3601 acute
1379 3540 1466 3601 modu

125 3654 156 3694 ω
169 3643 365 3705 circumflexo
387 3650 511 3703 accentu
534 3644 757 3721 pronuntiatur,
781 3650 810 3702 et
833 3640 992 3723 ἔρριπτον
1014 3651 1044 3702 et
1067 3639 1250 3723 ἐρρίπτουν
1277 3644 1364 3713 lacit;
1393 3638 1465 3703 κύω

167 3754 295 3827 prepter
317 3744 442 3805 eandem
464 3762 584 3805 causam
606 3752 636 3805 et
658 3742 761 3805 ἐκυον
780 3753 811 3807 et
827 3738 964 3805 ἐκύουν.
1000 3753 1030 3805 et
1051 3745 1106 3805 boc
1127 3746 1217 3804 etiam
1238 3743 1464 3814 observandum,

169 3856 204 3909 nt
231 3854 282 3907 aut
309 3848 509 3926 inperfectum
538 3849 667 3907 retineat
694 3864 852 3906 numerum
879 3845 1060 3926 syllabarum
1088 3864 1176 3927 quem
1204 3864 1347 3925 praesens
1374 3846 1465 3907 babet

169 3958 222 4012 aut
250 3956 366 4009 crescat
394 3944 398 4029 Ι
423 3967 492 4009 nna.
536 3957 636 4010 manet
663 3948 826 4029 aequalitas
852 3950 884 4008 in
914 3949 973 4009 illis
1000 3968 1125 4030 qnorum
1154 3966 1296 4028 praesens
1324 3966 1340 4007 a
1370 3948 1464 4007 vccali

169 4052 287 4130 coepit,
316 4052 535 4112 incrementum
563 4052 717 4131 patiuntur
744 4069 872 4130 querum
900 4068 1041 4129 praesens
1074 4070 1090 4112 a
1123 4058 1301 4111 consonante
1336 4049 1464 4119 inclinat,

125 4164 155 4203 αν
169 4145 247 4231 ἄγω
267 4138 365 4231 ἦγον,
387 4146 475 4231 λέγω
497 4150 624 4230 ἔλεγον.
663 4170 719 4212 nec
740 4154 805 4213 sine
827 4155 958 4215 ratione:
982 4171 1050 4213 nam
1071 4172 1146 4233 quae
1169 4151 1279 4233 syllaba
1302 4168 1361 4212 nnn
1383 4168 1466 4211 cres-

169 4260 243 4314 eunt
271 4252 438 4314 adiecticne
466 4256 611 4334 temporis
638 4262 790 4323 crescunt,
820 4255 892 4315 dum
925 4256 1118 4335 incipientem
1147 4253 1275 4314 vocalem
1310 4252 1346 4311 de
1382 4251 1464 4313 brevi

168 4355 292 4433 lungun
312 4355 441 4425 iaciunt,
467 4363 498 4416 ut
519 4349 604 4436 ἄγω,
627 4376 649 4415 α
671 4356 772 4418 brevis
793 4365 904 4417 mutata
928 4365 974 4417 est
994 4358 1024 4417 in
1044 4376 1069 4437 η
1090 4355 1223 4435 longam,
1246 4341 1342 4434 ἦγον.
1376 4371 1463 4433 saepe

169 4466 272 4518 tamen
294 4457 416 4519 beentia
438 4460 555 4538 poetica
578 4460 765 4519 incrementa
786 4467 899 4521 carent.
945 4478 1003 4519 non
1026 4476 1186 4538 numquam
1208 4458 1306 4536 prima
1328 4458 1393 4534 ipsa
1416 4475 1464 4516 vo-

169 4558 260 4629 culis,
289 4562 316 4620 sl
342 4558 444 4621 brevis
472 4566 531 4630 est,
563 4560 717 4622 inmobilis
746 4569 861 4631 manet,
890 4562 942 4622 sed
972 4561 1101 4621 vocalem
1129 4559 1251 4622 alteram
1280 4558 1401 4635 recipit,
1433 4564 1465 4617 nt
1524 4548 1526 4551 ’

122 4674 155 4715 ⁴⁰
170 4664 291 4723 irmctae
313 4661 431 4740 longam
451 4663 565 4722 iaciant
587 4661 738 4743 syllabam,
762 4662 825 4742 ἔχω
841 4652 945 4741 εἶχον,
967 4656 1054 4723 ἕλκω
1071 4648 1196 4739 εἷλκον,
1218 4655 1309 4740 ἕρπω
1333 4644 1462 4738 εἷρπον.

240 4852 258 4903 9
275 4860 314 4901 est
327 4852 412 4904 οπ.Ρ
461 4849 497 4901 20
510 4858 549 4899 est
564 4865 611 4900 nm.
624 4850 651 4899 P
696 4848 731 4900 29
745 4840 878 4916 ἐδήλουν]
894 4845 1012 4900 aestans
1028 4849 1054 4898 P
1065 4840 1210 4910 ἐδίδοννρ
1263 4844 1297 4897 30
1311 4853 1336 4894 et
1350 4860 1464 4909 εριπτον

169 4928 196 4969 et
215 4932 352 4984 εριπτουν
369 4921 394 4969 Ρ
441 4912 501 4971 κύω
518 4918 660 4970 cheekius
676 4916 791 4982 a'nSopb.
804 4919 878 4969 Aine.
897 4934 920 4971 α.
937 4917 988 4967 239
1004 4934 1057 4969 uem
1070 4918 1094 4967 P
1142 4916 1174 4968 ³1
1192 4924 1217 4966 et
1233 4930 1312 4966 ενιον
1330 4922 1354 4963 et
1367 4929 1465 4965 εκιουν

169 4992 196 5043 1²
264 4990 298 5041 37
314 5008 333 5057 η
352 4988 453 5055 lengum
467 4989 548 5040 Inane
562 5008 581 5056 η
597 4988 703 5055 longum
721 4990 746 5037 P
813 4987 849 5038 40
865 4983 936 5040 ileu
949 4982 1077 5051 ettuovp
1097 5000 1289 5039 encaustum
1308 4985 1333 5034 P

1194 5068 1261 5137 39*
