3525 5600
802 354 872 415 ltts
1420 356 1483 418 333

195 537 376 600 universam
399 545 501 600 artem
525 536 702 622 conplexus
725 547 811 617 erat,
834 537 966 602 relictos
989 560 1072 604 esse.
1102 508 1177 604 nam
1193 561 1232 602 ea
1246 537 1378 624 quidem
1400 561 1483 625 quae

194 642 225 702 in
254 659 316 702 uno
347 637 499 702 Leidensi
526 637 638 702 codiee
666 635 706 701 de
733 638 868 722 reliquis
897 639 1047 724 partibus
1077 639 1238 704 orationis
1266 638 1381 703 addita
1408 651 1483 706 sunt

195 749 256 804 tam
286 736 386 802 exilia
413 749 446 803 et
475 748 542 802 tam
570 738 677 803 aliena
703 738 744 802 ab
774 737 870 803 buius
892 740 1099 821 grammatici
1122 740 1249 804 ratione
1270 752 1361 819 sunt,
1383 750 1421 804 ut
1442 764 1483 806 nc

193 860 249 925 pro
277 841 441 925 excerptis
469 838 599 925 quidem
628 838 716 903 illius
745 839 896 904 habenda
923 841 1005 922 sint,
1034 840 1094 905 sed
1119 841 1229 925 potius
1253 842 1296 905 ad
1318 841 1481 906 defectum

192 939 408 1026 supplendum
429 939 559 1004 aliunde
582 941 755 1006 videantur
777 940 916 1005 collecta
937 963 1019 1004 esse.
1056 940 1148 1027 atqui
1169 941 1203 1004 in
1225 943 1389 1029 scriptura
1411 967 1481 1008 ver·

192 1045 304 1106 borum
325 1064 454 1127 quoque
476 1042 604 1106 codices
627 1062 707 1126 qnos
730 1063 829 1127 supra
852 1041 922 1105 dixi
949 1051 983 1105 et
1004 1043 1087 1106 inter
1109 1065 1143 1106 se
1166 1021 1199 1106 et
1221 1065 1294 1107 cum
1316 1045 1479 1130 excerptis

190 1143 477 1226 grammaticorum
510 1143 558 1206 ita
591 1143 814 1221 consentiunt,
845 1153 882 1206 ut
911 1165 1013 1206 uuum
1046 1153 1079 1207 et
1105 1166 1309 1208 communem
1336 1146 1480 1210 omnium

190 1245 312 1308 fontem
335 1267 406 1308 esse
429 1245 594 1329 adpareat.
627 1243 851 1328 discrepantes
874 1243 961 1306 enim
982 1244 1130 1310 codicum
1153 1247 1346 1330 scripturae,
1368 1269 1478 1332 quam-

189 1346 239 1408 vis
263 1367 398 1410 numero
421 1343 606 1430 frequentes
631 1345 712 1426 sint,
741 1354 849 1407 tamen
878 1365 989 1408 omnes
1016 1346 1086 1409 fere
1113 1344 1147 1410 in
1170 1367 1208 1410 eo
1230 1357 1403 1412 versantur
1424 1369 1478 1432 ge·

187 1468 281 1527 nere,
304 1445 392 1531 quod
413 1468 479 1510 non
502 1455 569 1510 tam
591 1467 633 1509 ex
649 1443 841 1508 diversitate
863 1445 997 1528 originis
1020 1444 1149 1532 longius
1171 1457 1296 1512 remota
1317 1471 1413 1533 quam
1437 1472 1478 1513 ex

187 1547 396 1612 librariorum
429 1547 481 1612 vel
514 1545 722 1631 neglegentia
754 1544 807 1611 vel
839 1544 974 1610 licentia
1004 1547 1217 1632 repetendum
1244 1549 1296 1612 sit.
1340 1571 1415 1613 nam
1443 1551 1477 1612 in

188 1648 298 1714 verbis
323 1647 452 1713 diverso
480 1647 576 1713 modo
598 1645 765 1712 collocatis
788 1645 840 1711 vel
869 1647 938 1710 sine
959 1648 1112 1731 graviore
1134 1648 1328 1713 detrimento
1352 1660 1476 1714 senten·

187 1750 251 1814 tiae
274 1749 409 1812 mutatis
432 1758 465 1814 et
487 1749 520 1812 in
542 1747 701 1834 exemplis
723 1746 911 1832 regularum
925 1748 1046 1813 additis
1061 1747 1114 1813 vel
1136 1748 1280 1830 omissis,
1302 1748 1477 1835 inquibus

186 1851 282 1914 rebus
314 1848 453 1914 multum
485 1849 519 1913 in
552 1849 613 1913 hoc
644 1871 763 1933 genere
795 1848 978 1913 litterarum
1009 1850 1072 1914 sibi
1103 1860 1311 1935 sumpserunt
1337 1850 1476 1933 librarii,

185 1972 303 2034 magna
330 1950 488 2014 librorum
515 1950 658 2015 varietas
687 1949 958 2036 deprehenditur3
984 1949 1018 2014 in
1046 1950 1253 2034 gravioribus
1275 1949 1372 2015 rebus
1401 1972 1475 2015 raro

185 2051 393 2118 dissentiunt.
423 2073 506 2136 quas
528 2073 602 2116 cum
624 2051 672 2116 ita
694 2053 775 2136 sint,
798 2073 863 2116 uno
886 2050 1013 2132 codiee,
1036 2051 1070 2114 in
1084 2075 1148 2136 quo
1171 2051 1233 2114 bae
1255 2050 1343 2115 solae
1365 2059 1475 2136 partes

185 2155 254 2216 sive
283 2175 360 2217 casu
389 2152 521 2218 relictae
550 2153 620 2217 sive
649 2151 784 2217 consssio
812 2150 936 2216 electae
962 2163 1071 2225 erant,
1099 2173 1142 2216 ex
1163 2153 1344 2237 antiquiore
1366 2161 1474 2217 aetate

185 2254 225 2318 ad
248 2256 444 2339 posteriores
467 2253 698 2339 grammaticos
721 2253 829 2318 delato
850 2275 978 2316 omnem
998 2253 1167 2318 Consentii
1188 2254 1378 2318 memoriam
1399 2275 1473 2317 eon-

185 2355 280 2418 tineri
304 2354 458 2420 dicemus.
490 2363 522 2420 et
543 2355 696 2440 quoniam
718 2355 858 2439 primum
881 2377 902 2417 a
924 2354 1030 2418 Scotis
1052 2354 1273 2437 grammaticis
1295 2353 1365 2417 cius
1386 2376 1473 2417 men-

185 2455 303 2520 tionem
327 2456 447 2520 l'actam
470 2467 504 2522 et
525 2455 670 2522 codicem
685 2455 727 2519 ad
743 2454 921 2520 Bobienses
944 2465 1164 2520 transvectum
1186 2475 1257 2516 esse
1279 2455 1472 2528 invenimus,

184 2555 313 2621 illorum
336 2557 452 2622 studiis
476 2556 686 2622 tribuendum
709 2556 912 2642 putabimus,
935 2556 1022 2643 quod
1044 2555 1276 2640 archetypum,
1299 2577 1341 2618 ex
1363 2556 1473 2640 quoii

185 2657 314 2722 codices
338 2658 455 2742 quibus
478 2658 639 2743 posterior
660 2666 750 2722 aetas
774 2656 928 2720 utebatur
949 2656 1038 2720 ducti
1059 2665 1151 2737 sunt,
1180 2665 1346 2721 servatum
1368 2666 1429 2720 est.

267 2758 516 2825 Consentiorum
538 2757 697 2823 familiam
719 2757 832 2843 quinto
855 2756 986 2823 saecule
1008 2755 1098 2844 apud
1119 2757 1348 2822 Narbonenses
1375 2755 1473 2822 laude

182 2859 360 2925 litterarum
386 2859 535 2925 floruisse
569 2860 711 2925 carmine
739 2858 866 2923 Sidonii
900 2858 1101 2944 Apollinaris
1128 2858 1282 2922 vicesimo
1310 2858 1407 2922 tertio
1440 2867 1474 2923 et

183 2959 322 3045 epistula
350 2960 479 3025 V1114
506 2960 548 3025 ad
578 2960 787 3025 Consentium
814 2960 1077 3039 Narbonensem,
1110 2960 1251 3023 amicum
1282 2958 1408 3023 Sidonii
1440 2969 1474 3023 et

183 3072 311 3147 poetam
333 3061 490 3142 nobilem,
520 3061 650 3147 seriptis
676 3070 817 3126 constat.
864 3084 906 3125 cx
931 3060 994 3124 bae
1015 3058 1142 3123 familia
1163 3059 1265 3123 fuisse
1286 3059 1471 3142 grammati·

182 3184 254 3226 cum
282 3162 375 3227 cuius
404 3148 504 3227 libros
531 3161 686 3247 legimus,
715 3160 896 3246 probabilis
925 3171 976 3224 est
1003 3161 1189 3224 coniectura
1213 3160 1415 3225 Lachmanni
1438 3162 1471 3222 in

181 3264 367 3328 Terentian.
396 3263 502 3328 Maur.
531 3263 635 3348 praef.
664 3285 696 3347 p.
721 3260 820 3325 XIII.
867 3284 942 3325 nam
970 3260 1057 3346 quod
1085 3270 1118 3324 et
1146 3259 1222 3325 olim
1244 3260 1406 3323 Funecius
1430 3261 1471 3325 de

181 3366 275 3430 inert.
304 3386 343 3430 ac
371 3366 498 3451 docrep.
529 3363 586 3428 lat.
614 3363 692 3447 ling.
715 3386 782 3427 sen.
807 3385 839 3448 p.
862 3363 926 3426 322
948 3363 1130 3448 suspicatus
1154 3371 1240 3443 erat,
1264 3373 1297 3426 et
1319 3361 1471 3426 Osannus

181 3466 287 3550 symb.
311 3466 354 3530 ad
376 3466 450 3529 hist.
474 3465 537 3529 litt.
562 3488 593 3529 v.
618 3464 653 3527 II
675 3489 708 3551 p.
731 3463 793 3527 344
816 3485 887 3549 sqq.
910 3461 1132 3526 demonstrare
1155 3469 1289 3525 cenatus
1312 3473 1373 3543 est,
1396 3484 1470 3525 cum

180 3568 286 3651 ipsum
315 3588 387 3631 esse
415 3566 457 3630 ad
485 3587 580 3649 quem
609 3564 761 3629 Sidonius
786 3564 985 3650 scripsisset,
1014 3562 1135 3627 nullam
1158 3562 1469 3626 commendationem

180 3667 279 3732 babet
300 3668 342 3733 ab
365 3667 405 3730 iis
428 3688 511 3752 quae
533 3665 620 3751 apud
641 3665 733 3729 illum
761 3666 884 3750 scripta
905 3674 996 3747 sunt,
1026 3664 1186 3749 siquidem
1208 3664 1243 3726 in
1264 3662 1397 3749 reliquis
1420 3662 1468 3727 lit-

180 3778 322 3832 terarum
349 3766 501 3833 laudibus
529 3789 610 3853 qqas
639 3765 841 3851 praedicavit
869 3767 949 3831 artis
976 3765 1211 3849 grammaticae
1243 3765 1378 3829 seientia
1404 3788 1468 3829 non

179 3880 231 3933 est
251 3868 396 3933 laudata.
441 3868 497 3933 sed
520 3866 602 3931 illud
624 3876 711 3931 reete
733 3868 858 3931 monuit
880 3868 1048 3946 Osannus,
1072 3864 1215 3929 Galliam
1237 3888 1308 3929 esse
1329 3866 1468 3951 patriam

177 3970 386 4054 grammatici
407 3967 546 4033 indicari
570 3968 609 4031 iis
632 3990 715 4053 quae
731 3967 773 4031 de
788 3968 972 4033 nominibus
993 3966 1123 4031 urbium
1144 3968 1311 4051 praecepit
1337 3990 1369 4050 p.
1385 3966 1466 4029 2027

179 4079 212 4134 et
233 4071 329 4135 2030.
352 4092 456 4155 neque
472 4070 557 4133 enim
573 4091 650 4133 essu
672 4069 794 4133 factum
810 4067 928 4149 videri,
944 4066 1033 4154 quod
1048 4065 1240 4151 gallicarum
1262 4066 1467 4151 potissimum

165 4172 309 4236 'urbium
332 4173 475 4252 nomina,
498 4170 596 4255 inque
617 4172 656 4233 iis
680 4169 865 4233 Narbonem
889 4179 922 4233 et
936 4169 1125 4246 Baeterrae,
1147 4166 1205 4232 ubi
1221 4166 1390 4231 Consentii
1411 4168 1466 4229 ha-

179 4272 346 4353 bitabant,
373 4260 619 4336 nominavisset.
664 4270 743 4357 quin
775 4272 874 4333 etiam
905 4270 1035 4335 dicendi
1067 4291 1169 4353 genus
1202 4267 1400 4352 exquisitum
1435 4279 1468 4331 et

178 4372 390 4437 artificiosum
427 4381 459 4435 et
495 4396 515 4435 a
550 4370 680 4457 vulgari
716 4370 1003 4455 grammaticorum
1036 4368 1268 4434 consuetudine
1299 4368 1467 4431 diversum
1498 4400 1508 4418 ·

177 4473 296 4557 gallico
321 4473 451 4537 bomine
467 4471 575 4537 studio
598 4472 780 4537 rhetoricae
802 4472 898 4553 artis,
921 4471 1008 4556 quod
1031 4480 1100 4533 tum
1121 4467 1261 4533 maxime
1284 4466 1372 4552 apud
1388 4466 1467 4531 Gal-

177 4574 224 4639 los
254 4573 410 4654 florebat,
440 4572 570 4638 exculto
599 4594 662 4639 non
690 4572 861 4657 indignum
890 4593 960 4635 esse
987 4560 1134 4635 videtur]
1177 4591 1243 4655 qua
1270 4570 1466 4633 auctoritate

177 4656 296 4739 autem¹
319 4673 496 4738 Siebardus
528 4675 565 4737 P.
591 4674 802 4739 Consentium
834 4672 1015 4737 Romanum
1048 4670 1170 4735 dixerit
1205 4669 1465 4752 grammaticum,
1499 4661 1513 4680 ²

177 4776 255 4837 mihi
278 4796 343 4839 non
367 4782 505 4838 constat.
550 4796 654 4859 neque
676 4772 750 4857 plus
773 4770 983 4837 tribuendum
1005 4780 1055 4835 est
1081 4770 1122 4835 iis
1145 4792 1229 4857 quae
1250 4770 1285 4832 in
1305 4770 1465 4835 Bemensi
