<?xml version="1.0" encoding="UTF-8"?>
<!DOCTYPE html PUBLIC "-//W3C//DTD XHTML 1.0 Transitional//EN"
    "http://www.w3.org/TR/xhtml1/DTD/xhtml1-transitional.dtd">
<html xmlns="http://www.w3.org/1999/xhtml" xml:lang="en" lang="en">
 <head>
  <title>
</title>
<meta http-equiv="Content-Type" content="text/html;charset=utf-8" />
  <meta name='ocr-system' content='tesseract 3.04.00' />
  <meta name='ocr-capabilities' content='ocr_page ocr_carea ocr_par ocr_line ocrx_word'/>
</head>
<body>
  <div class='ocr_page' id='page_1' title='image "./grammaticilatin03hagagoog_0308.png"; bbox 0 0 3525 5600; ppageno 0'>
   <div class='ocr_carea' id='block_1_1' title="bbox 299 397 1021 468">
    <p class='ocr_par' dir='ltr' id='par_1_1' title="bbox 299 397 1021 468">
     <span class='ocr_line' id='line_1_1' title="bbox 299 397 1021 468; baseline 0.01 -8"><span class='ocrx_word' id='word_1_1' title='bbox 299 397 362 461; x_wconf 79' lang='lat'><strong>298</strong></span> <span class='ocrx_word' id='word_1_2' title='bbox 868 405 1021 468; x_wconf 78' lang='lat' dir='ltr'>POMPEI!</span> 
     </span>
    </p>
   </div>
   <div class='ocr_carea' id='block_1_2' title="bbox 223 511 1632 3133">
    <p class='ocr_par' dir='ltr' id='par_1_2' title="bbox 326 511 484 564">
     <span class='ocr_line' id='line_1_2' title="bbox 326 511 484 564; baseline 0.006 -15"><span class='ocrx_word' id='word_1_3' title='bbox 326 523 347 564; x_wconf 89' lang='lat' dir='ltr'><strong>p.</strong></span> <span class='ocrx_word' id='word_1_4' title='bbox 361 511 447 550; x_wconf 80' lang='lat' dir='ltr'><strong>tte-51</strong></span> <span class='ocrx_word' id='word_1_5' title='bbox 465 511 484 550; x_wconf 89' lang='lat' dir='ltr'><strong>L.</strong></span> 
     </span>
    </p>

    <p class='ocr_par' dir='ltr' id='par_1_3' title="bbox 290 588 1612 1372">
     <span class='ocr_line' id='line_1_3' title="bbox 300 588 1590 674; baseline 0.002 -20"><span class='ocrx_word' id='word_1_6' title='bbox 300 593 380 654; x_wconf 92' lang='lat' dir='ltr'><strong>enim</strong></span> <span class='ocrx_word' id='word_1_7' title='bbox 408 592 608 672; x_wconf 77' lang='lat' dir='ltr'><strong>diphthongus</strong></span> <span class='ocrx_word' id='word_1_8' title='bbox 636 601 680 654; x_wconf 88' lang='lat' dir='ltr'><strong>est</strong></span> <span class='ocrx_word' id='word_1_9' title='bbox 707 597 744 654; x_wconf 91' lang='lat' dir='ltr'><strong>ai.</strong></span> <span class='ocrx_word' id='word_1_10' title='bbox 789 596 831 655; x_wconf 89' lang='lat' dir='ltr'><strong>sie</strong></span> <span class='ocrx_word' id='word_1_11' title='bbox 860 588 1011 665; x_wconf 87' lang='lat' dir='ltr'><strong>dicebant,</strong></span> <span class='ocrx_word' id='word_1_12' title='bbox 1047 593 1132 656; x_wconf 90' lang='lat' dir='ltr'><strong>aulai.</strong></span> <span class='ocrx_word' id='word_1_13' title='bbox 1178 614 1250 674; x_wconf 81' lang='lat' dir='ltr'><strong>ergo</strong></span> <span class='ocrx_word' id='word_1_14' title='bbox 1276 595 1374 656; x_wconf 81' lang='lat' dir='ltr'><strong>scribe</strong></span> <span class='ocrx_word' id='word_1_15' title='bbox 1407 615 1530 674; x_wconf 80' lang='lat' dir='ltr'>graece,</span> <span class='ocrx_word' id='word_1_16' title='bbox 1563 607 1590 658; x_wconf 80' lang='lat' dir='ltr'><strong>et</strong></span> 
     </span>
     <span class='ocr_line' id='line_1_4' title="bbox 301 695 1591 776; baseline 0.003 -22"><span class='ocrx_word' id='word_1_17' title='bbox 301 695 381 756; x_wconf 79' lang='lat' dir='ltr'><strong>vides</strong></span> <span class='ocrx_word' id='word_1_18' title='bbox 403 697 542 774; x_wconf 88' lang='lat' dir='ltr'><strong>quoniam</strong></span> <span class='ocrx_word' id='word_1_19' title='bbox 556 698 667 776; x_wconf 89' lang='lat' dir='ltr'><strong>poteris</strong></span> <span class='ocrx_word' id='word_1_20' title='bbox 682 697 816 758; x_wconf 89' lang='lat' dir='ltr'><strong>invenire</strong></span> <span class='ocrx_word' id='word_1_21' title='bbox 832 696 913 758; x_wconf 90' lang='lat' dir='ltr'><strong>illam</strong></span> <span class='ocrx_word' id='word_1_22' title='bbox 928 697 1089 758; x_wconf 75' lang='lat' dir='ltr'>diaeresin:</span> <span class='ocrx_word' id='word_1_23' title='bbox 1113 697 1204 769; x_wconf 90' lang='lat' dir='ltr'><strong>aulai,</strong></span> <span class='ocrx_word' id='word_1_24' title='bbox 1227 697 1307 759; x_wconf 90' lang='lat' dir='ltr'><strong>solve</strong></span> <span class='ocrx_word' id='word_1_25' title='bbox 1329 718 1345 759; x_wconf 83' lang='lat' dir='ltr'><strong>a</strong></span> <span class='ocrx_word' id='word_1_26' title='bbox 1368 706 1398 758; x_wconf 91' lang='lat' dir='ltr'><strong>et</strong></span> <span class='ocrx_word' id='word_1_27' title='bbox 1420 700 1445 767; x_wconf 94' lang='lat' dir='ltr'><strong>i,</strong></span> <span class='ocrx_word' id='word_1_28' title='bbox 1469 707 1499 758; x_wconf 90' lang='lat' dir='ltr'><strong>et</strong></span> <span class='ocrx_word' id='word_1_29' title='bbox 1521 699 1591 759; x_wconf 76' lang='lat' dir='ltr'><strong>lacis</strong></span> 
     </span>
     <span class='ocr_line' id='line_1_5' title="bbox 299 797 1590 887; baseline 0.001 -29"><span class='ocrx_word' id='word_1_30' title='bbox 299 797 448 859; x_wconf 80' lang='lat' dir='ltr'><strong>diaeresin</strong></span> <span class='ocrx_word' id='word_1_31' title='bbox 471 805 500 859; x_wconf 90' lang='lat' dir='ltr'><strong>et</strong></span> <span class='ocrx_word' id='word_1_32' title='bbox 522 800 636 861; x_wconf 91' lang='lat' dir='ltr'><strong>invenis</strong></span> <span class='ocrx_word' id='word_1_33' title='bbox 658 798 750 869; x_wconf 84' lang='lat' dir='ltr'><strong>aulai;</strong></span> <span class='ocrx_word' id='word_1_34' title='bbox 773 799 937 862; x_wconf 90' lang='lat' dir='ltr'><strong>secundum</strong></span> <span class='ocrx_word' id='word_1_35' title='bbox 959 803 1054 879; x_wconf 90' lang='lat' dir='ltr'><strong>ipsam</strong></span> <span class='ocrx_word' id='word_1_36' title='bbox 1076 800 1325 862; x_wconf 86' lang='lat' dir='ltr'><strong>cousuetudinem</strong></span> <span class='ocrx_word' id='word_1_37' title='bbox 1347 799 1508 861; x_wconf 83' lang='lat' dir='ltr'><strong>solverunt</strong></span> <span class='ocrx_word' id='word_1_38' title='bbox 1539 801 1590 887; x_wconf 39' lang='lat' dir='ltr'><strong>&#39;sic</strong></span> 
     </span>
     <span class='ocr_line' id='line_1_6' title="bbox 300 900 1588 982; baseline 0.002 -22"><span class='ocrx_word' id='word_1_39' title='bbox 300 908 329 961; x_wconf 90' lang='lat' dir='ltr'><strong>et</strong></span> <span class='ocrx_word' id='word_1_40' title='bbox 350 900 452 962; x_wconf 87' lang='lat' dir='ltr'><strong>hlusai.</strong></span> <span class='ocrx_word' id='word_1_41' title='bbox 497 919 568 980; x_wconf 81' lang='lat' dir='ltr'><strong>orgo</strong></span> <span class='ocrx_word' id='word_1_42' title='bbox 591 903 645 962; x_wconf 87' lang='lat' dir='ltr'><strong>ista</strong></span> <span class='ocrx_word' id='word_1_43' title='bbox 669 910 713 962; x_wconf 87' lang='lat' dir='ltr'><strong>est</strong></span> <span class='ocrx_word' id='word_1_44' title='bbox 734 901 892 971; x_wconf 80' lang='lat' dir='ltr'><strong>diaeresis,</strong></span> <span class='ocrx_word' id='word_1_45' title='bbox 916 904 1055 982; x_wconf 89' lang='lat' dir='ltr'><strong>quotiens</strong></span> <span class='ocrx_word' id='word_1_46' title='bbox 1076 921 1135 964; x_wconf 91' lang='lat' dir='ltr'><strong>una</strong></span> <span class='ocrx_word' id='word_1_47' title='bbox 1158 901 1271 982; x_wconf 87' lang='lat' dir='ltr'><strong>syllaba</strong></span> <span class='ocrx_word' id='word_1_48' title='bbox 1292 905 1324 963; x_wconf 91' lang='lat' dir='ltr'><strong>in</strong></span> <span class='ocrx_word' id='word_1_49' title='bbox 1347 902 1421 964; x_wconf 91' lang='lat' dir='ltr'><strong>duas</strong></span> <span class='ocrx_word' id='word_1_50' title='bbox 1442 901 1588 962; x_wconf 89' lang='lat' dir='ltr'><strong>dividitur.</strong></span> 
     </span>
     <span class='ocr_line' id='line_1_7' title="bbox 290 1003 1612 1084; baseline 0.002 -21"><span class='ocrx_word' id='word_1_51' title='bbox 290 1005 463 1082; x_wconf 78' lang='lat' dir='ltr'><strong>synaeresis</strong></span> <span class='ocrx_word' id='word_1_52' title='bbox 486 1012 545 1074; x_wconf 90' lang='lat' dir='ltr'><strong>est,</strong></span> <span class='ocrx_word' id='word_1_53' title='bbox 570 1006 706 1081; x_wconf 88' lang='lat' dir='ltr'><strong>quotiens</strong></span> <span class='ocrx_word' id='word_1_54' title='bbox 722 1003 798 1066; x_wconf 88' lang='lat' dir='ltr'><strong>duae</strong></span> <span class='ocrx_word' id='word_1_55' title='bbox 819 1003 947 1084; x_wconf 79' lang='lat' dir='ltr'><strong>syllabae</strong></span> <span class='ocrx_word' id='word_1_56' title='bbox 969 1007 1001 1066; x_wconf 92' lang='lat' dir='ltr'><strong>in</strong></span> <span class='ocrx_word' id='word_1_57' title='bbox 1023 1023 1112 1067; x_wconf 89' lang='lat' dir='ltr'><strong>unam</strong></span> <span class='ocrx_word' id='word_1_58' title='bbox 1134 1004 1365 1074; x_wconf 90' lang='lat' dir='ltr'><strong>contrahuntur,</strong></span> <span class='ocrx_word' id='word_1_59' title='bbox 1389 1012 1422 1065; x_wconf 94' lang='lat' dir='ltr'><strong>ut</strong></span> <span class='ocrx_word' id='word_1_60' title='bbox 1443 1012 1487 1064; x_wconf 91' lang='lat' dir='ltr'><strong>est</strong></span> <span class='ocrx_word' id='word_1_61' title='bbox 1508 1003 1612 1074; x_wconf 73' lang='lat' dir='ltr'><strong>illude</strong></span> 
     </span>
     <span class='ocr_line' id='line_1_8' title="bbox 300 1104 1590 1188; baseline -0.002 -21"><span class='ocrx_word' id='word_1_62' title='bbox 300 1106 450 1167; x_wconf 75' lang='lat' dir='ltr'><strong>‘lixerit</strong></span> <span class='ocrx_word' id='word_1_63' title='bbox 478 1107 689 1186; x_wconf 91' lang='lat' dir='ltr'><strong>aeripedem</strong></span> <span class='ocrx_word' id='word_1_64' title='bbox 719 1109 881 1168; x_wconf 91' lang='lat' dir='ltr'><strong>cervam’</strong></span> <span class='ocrx_word' id='word_1_65' title='bbox 909 1126 964 1187; x_wconf 91' lang='lat' dir='ltr'><strong>pro</strong></span> <span class='ocrx_word' id='word_1_66' title='bbox 993 1127 1029 1169; x_wconf 92' lang='lat' dir='ltr'><strong>eo</strong></span> <span class='ocrx_word' id='word_1_67' title='bbox 1057 1107 1137 1188; x_wconf 91' lang='lat' dir='ltr'><strong>quod</strong></span> <span class='ocrx_word' id='word_1_68' title='bbox 1159 1114 1204 1168; x_wconf 90' lang='lat' dir='ltr'><strong>est</strong></span> <span class='ocrx_word' id='word_1_69' title='bbox 1225 1107 1406 1188; x_wconf 76' lang='lat' dir='ltr'><strong>aeripedem.</strong></span> <span class='ocrx_word' id='word_1_70' title='bbox 1437 1105 1515 1168; x_wconf 91' lang='lat' dir='ltr'><strong>duae</strong></span> <span class='ocrx_word' id='word_1_71' title='bbox 1535 1104 1590 1185; x_wconf 91' lang='lat' dir='ltr'><strong>syl·</strong></span> 
     </span>
     <span class='ocr_line' id='line_1_9' title="bbox 298 1207 1591 1292; baseline 0.001 -25"><span class='ocrx_word' id='word_1_72' title='bbox 298 1207 382 1268; x_wconf 86' lang='lat' dir='ltr'><strong>labae</strong></span> <span class='ocrx_word' id='word_1_73' title='bbox 404 1210 435 1268; x_wconf 95' lang='lat' dir='ltr'><strong>in</strong></span> <span class='ocrx_word' id='word_1_74' title='bbox 463 1225 553 1269; x_wconf 92' lang='lat' dir='ltr'><strong>unam</strong></span> <span class='ocrx_word' id='word_1_75' title='bbox 582 1216 751 1270; x_wconf 90' lang='lat' dir='ltr'><strong>contractae</strong></span> <span class='ocrx_word' id='word_1_76' title='bbox 774 1219 856 1292; x_wconf 87' lang='lat' dir='ltr'><strong>sunt,</strong></span> <span class='ocrx_word' id='word_1_77' title='bbox 888 1218 920 1270; x_wconf 94' lang='lat' dir='ltr'><strong>ut</strong></span> <span class='ocrx_word' id='word_1_78' title='bbox 941 1216 986 1271; x_wconf 90' lang='lat' dir='ltr'><strong>est</strong></span> <span class='ocrx_word' id='word_1_79' title='bbox 1013 1209 1177 1271; x_wconf 83' lang='lat' dir='ltr'><strong>Phaeton</strong></span> <span class='ocrx_word' id='word_1_80' title='bbox 1198 1209 1287 1270; x_wconf 89' lang='lat' dir='ltr'><strong>Neri</strong></span> <span class='ocrx_word' id='word_1_81' title='bbox 1307 1208 1371 1290; x_wconf 91' lang='lat' dir='ltr'><strong>pro&#39;</strong></span> <span class='ocrx_word' id='word_1_82' title='bbox 1386 1228 1422 1270; x_wconf 91' lang='lat' dir='ltr'><strong>eo</strong></span> <span class='ocrx_word' id='word_1_83' title='bbox 1443 1208 1527 1288; x_wconf 85' lang='lat' dir='ltr'><strong>quod</strong></span> <span class='ocrx_word' id='word_1_84' title='bbox 1549 1217 1591 1269; x_wconf 90' lang='lat' dir='ltr'><strong>est</strong></span> 
     </span>
     <span class='ocr_line' id='line_1_10' title="bbox 298 1310 550 1372; baseline 0.004 -2"><span class='ocrx_word' id='word_1_85' title='bbox 298 1310 429 1372; x_wconf 77' lang='lat' dir='ltr'><strong>Phaeton</strong></span> <span class='ocrx_word' id='word_1_86' title='bbox 451 1310 550 1372; x_wconf 85' lang='lat' dir='ltr'><strong>Nerei.</strong></span> 
     </span>
    </p>

    <p class='ocr_par' dir='ltr' id='par_1_4' title="bbox 223 1412 1627 1904">
     <span class='ocr_line' id='line_1_11' title="bbox 383 1412 1591 1498; baseline -0.001 -25"><span class='ocrx_word' id='word_1_87' title='bbox 383 1413 459 1475; x_wconf 85' lang='lat' dir='ltr'><strong>Sunt</strong></span> <span class='ocrx_word' id='word_1_88' title='bbox 485 1414 555 1474; x_wconf 91' lang='lat' dir='ltr'><strong>item</strong></span> <span class='ocrx_word' id='word_1_89' title='bbox 579 1412 628 1474; x_wconf 92' lang='lat' dir='ltr'><strong>alii</strong></span> <span class='ocrx_word' id='word_1_90' title='bbox 651 1413 708 1474; x_wconf 92' lang='lat' dir='ltr'><strong>duo</strong></span> <span class='ocrx_word' id='word_1_91' title='bbox 732 1414 916 1498; x_wconf 75' lang='lat' dir='ltr'><strong>metaplasmi</strong></span> <span class='ocrx_word' id='word_1_92' title='bbox 937 1417 1018 1476; x_wconf 88' lang='lat' dir='ltr'><strong>inter</strong></span> <span class='ocrx_word' id='word_1_93' title='bbox 1040 1434 1073 1476; x_wconf 92' lang='lat' dir='ltr'><strong>se</strong></span> <span class='ocrx_word' id='word_1_94' title='bbox 1094 1415 1249 1484; x_wconf 75' lang='lat' dir='ltr'><strong>eontrariit</strong></span> <span class='ocrx_word' id='word_1_95' title='bbox 1281 1412 1433 1494; x_wconf 76' lang='lat' dir='ltr'><strong>ecthlipsis</strong></span> <span class='ocrx_word' id='word_1_96' title='bbox 1455 1421 1486 1473; x_wconf 91' lang='grc' dir='ltr'><strong>ει</strong></span> <span class='ocrx_word' id='word_1_97' title='bbox 1507 1431 1591 1494; x_wconf 88' lang='lat' dir='ltr'><strong>syna·</strong></span> 
     </span>
     <span class='ocr_line' id='line_1_12' title="bbox 223 1515 1627 1600; baseline 0 -24"><span class='ocrx_word' id='word_1_98' title='bbox 223 1529 226 1536; x_wconf 66' lang='lat'><strong>⁴</strong></span> <span class='ocrx_word' id='word_1_99' title='bbox 297 1515 386 1594; x_wconf 87' lang='lat' dir='ltr'><strong>liphe.</strong></span> <span class='ocrx_word' id='word_1_100' title='bbox 431 1517 586 1600; x_wconf 80' lang='lat' dir='ltr'><strong>magnifice</strong></span> <span class='ocrx_word' id='word_1_101' title='bbox 616 1515 731 1577; x_wconf 88' lang='lat' dir='ltr'><strong>locutus</strong></span> <span class='ocrx_word' id='word_1_102' title='bbox 759 1525 817 1588; x_wconf 88' lang='lat' dir='ltr'><strong>est,</strong></span> <span class='ocrx_word' id='word_1_103' title='bbox 848 1536 908 1578; x_wconf 90' lang='lat' dir='ltr'><strong>non</strong></span> <span class='ocrx_word' id='word_1_104' title='bbox 936 1519 1053 1586; x_wconf 86' lang='lat' dir='ltr'><strong>stricte,</strong></span> <span class='ocrx_word' id='word_1_105' title='bbox 1089 1535 1149 1577; x_wconf 89' lang='lat' dir='ltr'><strong>non</strong></span> <span class='ocrx_word' id='word_1_106' title='bbox 1176 1517 1259 1597; x_wconf 81' lang='lat' dir='ltr'><strong>quasi</strong></span> <span class='ocrx_word' id='word_1_107' title='bbox 1286 1517 1511 1595; x_wconf 85' lang='lat' dir='ltr'><strong>grammaticus,</strong></span> <span class='ocrx_word' id='word_1_108' title='bbox 1541 1516 1627 1577; x_wconf 79' lang='lat' dir='ltr'><strong>sedo</strong></span> 
     </span>
     <span class='ocr_line' id='line_1_13' title="bbox 297 1617 1593 1700; baseline 0 -22"><span class='ocrx_word' id='word_1_109' title='bbox 297 1617 392 1679; x_wconf 87' lang='lat' dir='ltr'><strong>soluta</strong></span> <span class='ocrx_word' id='word_1_110' title='bbox 416 1620 550 1680; x_wconf 89' lang='lat' dir='ltr'><strong>oratione</strong></span> <span class='ocrx_word' id='word_1_111' title='bbox 573 1627 602 1679; x_wconf 89' lang='grc' dir='ltr'><strong>ει</strong></span> <span class='ocrx_word' id='word_1_112' title='bbox 624 1619 759 1680; x_wconf 89' lang='lat' dir='ltr'><strong>allluenti</strong></span> <span class='ocrx_word' id='word_1_113' title='bbox 786 1619 878 1683; x_wconf 90' lang='lat' dir='ltr'><strong>voluit</strong></span> <span class='ocrx_word' id='word_1_114' title='bbox 906 1622 1074 1700; x_wconf 77' lang='lat' dir='ltr'><strong>exprimere</strong></span> <span class='ocrx_word' id='word_1_115' title='bbox 1101 1638 1166 1680; x_wconf 89' lang='lat' dir='ltr'><strong>rem</strong></span> <span class='ocrx_word' id='word_1_116' title='bbox 1189 1617 1394 1680; x_wconf 85' lang='lat' dir='ltr'><strong>difficiliorem.</strong></span> <span class='ocrx_word' id='word_1_117' title='bbox 1440 1618 1593 1699; x_wconf 79' lang='lat' dir='ltr'><strong>ecthlipsis</strong></span> 
     </span>
     <span class='ocr_line' id='line_1_14' title="bbox 298 1720 1592 1802; baseline -0.001 -21"><span class='ocrx_word' id='word_1_118' title='bbox 298 1727 343 1782; x_wconf 87' lang='lat' dir='ltr'><strong>est</strong></span> <span class='ocrx_word' id='word_1_119' title='bbox 365 1735 384 1772; x_wconf 67' lang='lat' dir='ltr'><strong>a</strong></span> <span class='ocrx_word' id='word_1_120' title='bbox 410 1721 548 1801; x_wconf 80' lang='lat' dir='ltr'><strong>quotiens</strong></span> <span class='ocrx_word' id='word_1_121' title='bbox 571 1721 678 1784; x_wconf 86' lang='lat' dir='ltr'><strong>vocalis</strong></span> <span class='ocrx_word' id='word_1_122' title='bbox 701 1721 831 1784; x_wconf 88' lang='lat' dir='ltr'><strong>vocalem</strong></span> <span class='ocrx_word' id='word_1_123' title='bbox 860 1721 999 1784; x_wconf 85' lang='lat' dir='ltr'><strong>excludit.</strong></span> <span class='ocrx_word' id='word_1_124' title='bbox 1044 1729 1077 1783; x_wconf 92' lang='grc' dir='ltr'><strong>ιιι</strong></span> <span class='ocrx_word' id='word_1_125' title='bbox 1103 1729 1175 1802; x_wconf 92' lang='lat' dir='ltr'><strong>puta</strong></span> <span class='ocrx_word' id='word_1_126' title='bbox 1202 1723 1228 1781; x_wconf 90' lang='lat' dir='ltr'><strong>si</strong></span> <span class='ocrx_word' id='word_1_127' title='bbox 1255 1720 1364 1782; x_wconf 90' lang='lat' dir='ltr'><strong>vocalis</strong></span> <span class='ocrx_word' id='word_1_128' title='bbox 1387 1721 1521 1782; x_wconf 83' lang='lat' dir='ltr'><strong>vocalem</strong></span> <span class='ocrx_word' id='word_1_129' title='bbox 1543 1739 1592 1782; x_wconf 91' lang='lat' dir='ltr'><strong>ex-</strong></span> 
     </span>
     <span class='ocr_line' id='line_1_15' title="bbox 297 1822 725 1904; baseline 0 -20"><span class='ocrx_word' id='word_1_130' title='bbox 297 1823 411 1894; x_wconf 90' lang='lat' dir='ltr'><strong>cludat,</strong></span> <span class='ocrx_word' id='word_1_131' title='bbox 434 1822 587 1904; x_wconf 93' lang='lat' dir='ltr'><strong>synaliphe</strong></span> <span class='ocrx_word' id='word_1_132' title='bbox 610 1833 669 1894; x_wconf 89' lang='lat' dir='ltr'><strong>est,</strong></span> <span class='ocrx_word' id='word_1_133' title='bbox 692 1833 725 1886; x_wconf 91' lang='lat' dir='ltr'><strong>ut</strong></span> 
     </span>
    </p>

    <p class='ocr_par' dir='ltr' id='par_1_5' title="bbox 448 1924 1449 2007">
     <span class='ocr_line' id='line_1_16' title="bbox 448 1924 1449 2007; baseline 0.002 -23"><span class='ocrx_word' id='word_1_134' title='bbox 448 1924 515 1986; x_wconf 94' lang='lat' dir='ltr'><strong>ille</strong></span> <span class='ocrx_word' id='word_1_135' title='bbox 538 1943 619 2005; x_wconf 84' lang='lat' dir='ltr'><strong>ego,</strong></span> <span class='ocrx_word' id='word_1_136' title='bbox 645 1928 705 2006; x_wconf 93' lang='lat' dir='ltr'><strong>qui</strong></span> <span class='ocrx_word' id='word_1_137' title='bbox 728 1926 912 2007; x_wconf 88' lang='lat' dir='ltr'><strong>quondam</strong></span> <span class='ocrx_word' id='word_1_138' title='bbox 932 1927 1069 2004; x_wconf 79' lang='lat' dir='ltr'><strong>gracili</strong></span> <span class='ocrx_word' id='word_1_139' title='bbox 1090 1926 1303 1989; x_wconf 88' lang='lat' dir='ltr'><strong>modulatus</strong></span> <span class='ocrx_word' id='word_1_140' title='bbox 1325 1943 1449 1988; x_wconf 90' lang='lat' dir='ltr'><strong>avena.</strong></span> 
     </span>
    </p>

    <p class='ocr_par' dir='ltr' id='par_1_6' title="bbox 296 2025 1632 3133">
     <span class='ocr_line' id='line_1_17' title="bbox 298 2025 1627 2112; baseline 0.002 -25"><span class='ocrx_word' id='word_1_141' title='bbox 298 2025 303 2112; x_wconf 85' lang='grc' dir='ltr'>Ι</span> <span class='ocrx_word' id='word_1_142' title='bbox 327 2027 376 2088; x_wconf 91' lang='lat' dir='ltr'><strong>ille</strong></span> <span class='ocrx_word' id='word_1_143' title='bbox 400 2045 469 2106; x_wconf 82' lang='lat' dir='ltr'><strong>ego,</strong></span> <span class='ocrx_word' id='word_1_144' title='bbox 498 2049 514 2088; x_wconf 90' lang='lat' dir='ltr'><strong>e</strong></span> <span class='ocrx_word' id='word_1_145' title='bbox 538 2036 567 2088; x_wconf 93' lang='lat' dir='ltr'><strong>et</strong></span> <span class='ocrx_word' id='word_1_146' title='bbox 589 2047 605 2089; x_wconf 92' lang='lat' dir='ltr'><strong>e</strong></span> <span class='ocrx_word' id='word_1_147' title='bbox 628 2028 702 2090; x_wconf 90' lang='lat' dir='ltr'><strong>duae</strong></span> <span class='ocrx_word' id='word_1_148' title='bbox 726 2031 798 2090; x_wconf 90' lang='lat' dir='ltr'><strong>istae</strong></span> <span class='ocrx_word' id='word_1_149' title='bbox 822 2028 936 2091; x_wconf 89' lang='lat' dir='ltr'><strong>vocales</strong></span> <span class='ocrx_word' id='word_1_150' title='bbox 957 2037 1040 2099; x_wconf 91' lang='lat' dir='ltr'><strong>sunt,</strong></span> <span class='ocrx_word' id='word_1_151' title='bbox 1071 2028 1164 2089; x_wconf 88' lang='lat' dir='ltr'><strong>altera</strong></span> <span class='ocrx_word' id='word_1_152' title='bbox 1187 2037 1287 2089; x_wconf 79' lang='lat' dir='ltr'><strong>tamm</strong></span> <span class='ocrx_word' id='word_1_153' title='bbox 1309 2027 1433 2090; x_wconf 91' lang='lat' dir='ltr'><strong>alteram</strong></span> <span class='ocrx_word' id='word_1_154' title='bbox 1456 2027 1592 2099; x_wconf 82' lang='lat' dir='ltr'><strong>exclusit,</strong></span> <span class='ocrx_word' id='word_1_155' title='bbox 1607 2045 1627 2082; x_wconf 69' lang='grc' dir='ltr'><strong>ιι</strong></span> 
     </span>
     <span class='ocr_line' id='line_1_18' title="bbox 298 2117 1592 2214; baseline 0.002 -24"><span class='ocrx_word' id='word_1_156' title='bbox 298 2137 327 2191; x_wconf 84' lang='grc' dir='ltr'><strong>ει</strong></span> <span class='ocrx_word' id='word_1_157' title='bbox 348 2117 408 2191; x_wconf 86' lang='lat' dir='ltr'><strong>non</strong></span> <span class='ocrx_word' id='word_1_158' title='bbox 431 2130 502 2190; x_wconf 86' lang='lat' dir='ltr'><strong>lecit</strong></span> <span class='ocrx_word' id='word_1_159' title='bbox 522 2129 573 2192; x_wconf 89' lang='lat' dir='ltr'><strong>illc</strong></span> <span class='ocrx_word' id='word_1_160' title='bbox 596 2149 665 2209; x_wconf 84' lang='lat' dir='ltr'><strong>ego,</strong></span> <span class='ocrx_word' id='word_1_161' title='bbox 693 2131 745 2192; x_wconf 91' lang='lat' dir='ltr'><strong>sed</strong></span> <span class='ocrx_word' id='word_1_162' title='bbox 769 2133 839 2192; x_wconf 86' lang='lat' dir='ltr'><strong>iecit</strong></span> <span class='ocrx_word' id='word_1_163' title='bbox 866 2130 964 2210; x_wconf 79' lang='lat' dir='ltr'><strong>illego.</strong></span> <span class='ocrx_word' id='word_1_164' title='bbox 1009 2130 1119 2192; x_wconf 89' lang='lat' dir='ltr'><strong>dieitur</strong></span> <span class='ocrx_word' id='word_1_165' title='bbox 1141 2130 1293 2211; x_wconf 92' lang='lat' dir='ltr'><strong>synaliphe</strong></span> <span class='ocrx_word' id='word_1_166' title='bbox 1316 2131 1441 2192; x_wconf 88' lang='lat' dir='ltr'><strong>duarum</strong></span> <span class='ocrx_word' id='word_1_167' title='bbox 1463 2149 1592 2214; x_wconf 78' lang='lat' dir='ltr'><strong>concur·</strong></span> 
     </span>
     <span class='ocr_line' id='line_1_19' title="bbox 297 2231 1596 2313; baseline -0.001 -20"><span class='ocrx_word' id='word_1_168' title='bbox 297 2232 424 2294; x_wconf 88' lang='lat' dir='ltr'><strong>rentium</strong></span> <span class='ocrx_word' id='word_1_169' title='bbox 449 2231 592 2294; x_wconf 86' lang='lat' dir='ltr'><strong>vocalium</strong></span> <span class='ocrx_word' id='word_1_170' title='bbox 616 2232 730 2296; x_wconf 89' lang='lat' dir='ltr'><strong>lubrica</strong></span> <span class='ocrx_word' id='word_1_171' title='bbox 753 2234 886 2313; x_wconf 91' lang='lat' dir='ltr'><strong>lenisque</strong></span> <span class='ocrx_word' id='word_1_172' title='bbox 908 2233 1047 2304; x_wconf 89' lang='lat' dir='ltr'><strong>conlisio,</strong></span> <span class='ocrx_word' id='word_1_173' title='bbox 1076 2232 1312 2312; x_wconf 82' lang='lat' dir='ltr'><strong>quotiensduae</strong></span> <span class='ocrx_word' id='word_1_174' title='bbox 1333 2240 1403 2294; x_wconf 89' lang='lat' dir='ltr'><strong>sunt</strong></span> <span class='ocrx_word' id='word_1_175' title='bbox 1423 2231 1544 2294; x_wconf 87' lang='lat' dir='ltr'><strong>vocales</strong></span> <span class='ocrx_word' id='word_1_176' title='bbox 1567 2240 1596 2293; x_wconf 91' lang='lat' dir='ltr'><strong>et</strong></span> 
     </span>
     <span class='ocr_line' id='line_1_20' title="bbox 298 2333 1595 2417; baseline 0 -23"><span class='ocrx_word' id='word_1_177' title='bbox 298 2334 458 2395; x_wconf 90' lang='lat' dir='ltr'><strong>excludunt</strong></span> <span class='ocrx_word' id='word_1_178' title='bbox 479 2354 516 2414; x_wconf 84' lang='lat' dir='ltr'><strong>¹se</strong></span> <span class='ocrx_word' id='word_1_179' title='bbox 544 2334 653 2397; x_wconf 90' lang='lat' dir='ltr'><strong>leniter</strong></span> <span class='ocrx_word' id='word_1_180' title='bbox 681 2344 711 2398; x_wconf 90' lang='lat' dir='ltr'><strong>et</strong></span> <span class='ocrx_word' id='word_1_181' title='bbox 738 2335 861 2398; x_wconf 90' lang='lat' dir='ltr'><strong>lubrice.</strong></span> <span class='ocrx_word' id='word_1_182' title='bbox 908 2335 981 2396; x_wconf 92' lang='lat' dir='ltr'><strong>haec</strong></span> <span class='ocrx_word' id='word_1_183' title='bbox 1010 2333 1164 2417; x_wconf 91' lang='lat' dir='ltr'><strong>synaliphe</strong></span> <span class='ocrx_word' id='word_1_184' title='bbox 1192 2342 1245 2396; x_wconf 90' lang='lat' dir='ltr'><strong>est.</strong></span> <span class='ocrx_word' id='word_1_185' title='bbox 1290 2333 1339 2394; x_wconf 94' lang='lat' dir='ltr'><strong>illa</strong></span> <span class='ocrx_word' id='word_1_186' title='bbox 1367 2353 1438 2396; x_wconf 88' lang='lat' dir='ltr'><strong>vero</strong></span> <span class='ocrx_word' id='word_1_187' title='bbox 1465 2354 1528 2396; x_wconf 92' lang='lat' dir='ltr'><strong>non</strong></span> <span class='ocrx_word' id='word_1_188' title='bbox 1556 2334 1595 2394; x_wconf 91' lang='lat' dir='ltr'><strong>de</strong></span> 
     </span>
     <span class='ocr_line' id='line_1_21' title="bbox 298 2435 1594 2517; baseline 0.003 -24"><span class='ocrx_word' id='word_1_189' title='bbox 298 2435 447 2498; x_wconf 91' lang='lat' dir='ltr'><strong>vocalibus</strong></span> <span class='ocrx_word' id='word_1_190' title='bbox 471 2439 516 2510; x_wconf 92' lang='lat' dir='ltr'><strong>lit,</strong></span> <span class='ocrx_word' id='word_1_191' title='bbox 540 2438 592 2499; x_wconf 89' lang='lat' dir='ltr'><strong>sed</strong></span> <span class='ocrx_word' id='word_1_192' title='bbox 616 2437 653 2500; x_wconf 94' lang='lat' dir='ltr'><strong>de</strong></span> <span class='ocrx_word' id='word_1_193' title='bbox 675 2437 916 2500; x_wconf 85' lang='lat' dir='ltr'><strong>consonantibus.</strong></span> <span class='ocrx_word' id='word_1_194' title='bbox 951 2456 1011 2499; x_wconf 89' lang='lat' dir='ltr'><strong>non</strong></span> <span class='ocrx_word' id='word_1_195' title='bbox 1034 2438 1205 2498; x_wconf 83' lang='lat' dir='ltr'><strong>animante</strong></span> <span class='ocrx_word' id='word_1_196' title='bbox 1227 2444 1325 2517; x_wconf 90' lang='lat' dir='ltr'><strong>potest</strong></span> <span class='ocrx_word' id='word_1_197' title='bbox 1347 2436 1463 2498; x_wconf 86' lang='lat' dir='ltr'><strong>excludi</strong></span> <span class='ocrx_word' id='word_1_198' title='bbox 1486 2457 1594 2498; x_wconf 92' lang='lat' dir='ltr'><strong>conso-</strong></span> 
     </span>
     <span class='ocr_line' id='line_1_22' title="bbox 297 2538 1630 2620; baseline -0.003 -20"><span class='ocrx_word' id='word_1_199' title='bbox 297 2557 387 2610; x_wconf 91' lang='lat' dir='ltr'><strong>nans,</strong></span> <span class='ocrx_word' id='word_1_200' title='bbox 411 2541 468 2601; x_wconf 91' lang='lat' dir='ltr'><strong>nisi</strong></span> <span class='ocrx_word' id='word_1_201' title='bbox 494 2542 606 2620; x_wconf 90' lang='lat' dir='ltr'><strong>pariter</strong></span> <span class='ocrx_word' id='word_1_202' title='bbox 628 2542 667 2602; x_wconf 90' lang='lat' dir='ltr'><strong>sit</strong></span> <span class='ocrx_word' id='word_1_203' title='bbox 690 2541 810 2610; x_wconf 89' lang='lat' dir='ltr'><strong>vocalis,</strong></span> <span class='ocrx_word' id='word_1_204' title='bbox 840 2559 916 2619; x_wconf 91' lang='lat' dir='ltr'><strong>quac</strong></span> <span class='ocrx_word' id='word_1_205' title='bbox 939 2540 1076 2602; x_wconf 87' lang='lat' dir='ltr'><strong>excludat</strong></span> <span class='ocrx_word' id='word_1_206' title='bbox 1097 2559 1127 2600; x_wconf 92' lang='lat' dir='ltr'><strong>m</strong></span> <span class='ocrx_word' id='word_1_207' title='bbox 1149 2539 1287 2600; x_wconf 89' lang='lat' dir='ltr'><strong>litteram.</strong></span> <span class='ocrx_word' id='word_1_208' title='bbox 1333 2549 1367 2600; x_wconf 91' lang='lat' dir='ltr'><strong>ut</strong></span> <span class='ocrx_word' id='word_1_209' title='bbox 1398 2547 1468 2618; x_wconf 94' lang='lat' dir='ltr'><strong>puta</strong></span> <span class='ocrx_word' id='word_1_210' title='bbox 1496 2538 1630 2618; x_wconf 75' lang='lat' dir='ltr'><strong>homi-ao</strong></span> 
     </span>
     <span class='ocr_line' id='line_1_23' title="bbox 297 2639 1595 2724; baseline -0.001 -22"><span class='ocrx_word' id='word_1_211' title='bbox 297 2661 365 2702; x_wconf 91' lang='lat' dir='ltr'><strong>nem</strong></span> <span class='ocrx_word' id='word_1_212' title='bbox 388 2644 530 2703; x_wconf 89' lang='lat' dir='ltr'><strong>amicum:</strong></span> <span class='ocrx_word' id='word_1_213' title='bbox 560 2642 610 2704; x_wconf 93' lang='lat' dir='ltr'><strong>ubi</strong></span> <span class='ocrx_word' id='word_1_214' title='bbox 639 2643 796 2704; x_wconf 88' lang='lat' dir='ltr'><strong>sustuleris</strong></span> <span class='ocrx_word' id='word_1_215' title='bbox 824 2645 1063 2724; x_wconf 88' lang='lat' dir='ltr'><strong>myotacismum,</strong></span> <span class='ocrx_word' id='word_1_216' title='bbox 1094 2640 1260 2703; x_wconf 88' lang='lat' dir='ltr'><strong>excluditur</strong></span> <span class='ocrx_word' id='word_1_217' title='bbox 1289 2639 1408 2702; x_wconf 90' lang='lat' dir='ltr'><strong>vocalis.</strong></span> <span class='ocrx_word' id='word_1_218' title='bbox 1453 2659 1526 2702; x_wconf 90' lang='lat' dir='ltr'><strong>num</strong></span> <span class='ocrx_word' id='word_1_219' title='bbox 1550 2643 1595 2702; x_wconf 91' lang='lat' dir='ltr'><strong>vis</strong></span> 
     </span>
     <span class='ocr_line' id='line_1_24' title="bbox 296 2741 1594 2827; baseline -0.001 -21"><span class='ocrx_word' id='word_1_220' title='bbox 296 2745 392 2806; x_wconf 77' lang='lat' dir='ltr'><strong>sciret</strong></span> <span class='ocrx_word' id='word_1_221' title='bbox 414 2746 553 2825; x_wconf 87' lang='lat' dir='ltr'><strong>quotiens</strong></span> <span class='ocrx_word' id='word_1_222' title='bbox 568 2747 752 2827; x_wconf 90' lang='lat' dir='ltr'><strong>myotacismi</strong></span> <span class='ocrx_word' id='word_1_223' title='bbox 767 2749 844 2808; x_wconf 92' lang='lat' dir='ltr'><strong>ratio</strong></span> <span class='ocrx_word' id='word_1_224' title='bbox 861 2755 920 2818; x_wconf 89' lang='lat' dir='ltr'><strong>cst,</strong></span> <span class='ocrx_word' id='word_1_225' title='bbox 944 2753 977 2809; x_wconf 93' lang='lat' dir='ltr'><strong>ut</strong></span> <span class='ocrx_word' id='word_1_226' title='bbox 993 2744 1166 2807; x_wconf 84' lang='lat' dir='ltr'><strong>excludatur</strong></span> <span class='ocrx_word' id='word_1_227' title='bbox 1189 2745 1415 2826; x_wconf 89' lang='lat' dir='ltr'><strong>myotacismus,</strong></span> <span class='ocrx_word' id='word_1_228' title='bbox 1439 2751 1469 2805; x_wconf 92' lang='lat' dir='ltr'><strong>et</strong></span> <span class='ocrx_word' id='word_1_229' title='bbox 1483 2741 1594 2805; x_wconf 88' lang='lat' dir='ltr'><strong>vocalis</strong></span> 
     </span>
     <span class='ocr_line' id='line_1_25' title="bbox 297 2845 1596 2935; baseline 0.002 -28"><span class='ocrx_word' id='word_1_230' title='bbox 297 2846 471 2909; x_wconf 83' lang='lat' dir='ltr'><strong>excluditur.</strong></span> <span class='ocrx_word' id='word_1_231' title='bbox 500 2846 617 2909; x_wconf 88' lang='lat' dir='ltr'><strong>exclusa</strong></span> <span class='ocrx_word' id='word_1_232' title='bbox 633 2856 679 2909; x_wconf 89' lang='lat' dir='ltr'><strong>est</strong></span> <span class='ocrx_word' id='word_1_233' title='bbox 693 2867 873 2919; x_wconf 88' lang='lat' dir='ltr'><strong>consonans,</strong></span> <span class='ocrx_word' id='word_1_234' title='bbox 898 2868 936 2910; x_wconf 94' lang='lat' dir='ltr'><strong>ne</strong></span> <span class='ocrx_word' id='word_1_235' title='bbox 951 2851 989 2909; x_wconf 89' lang='lat' dir='ltr'><strong>sit</strong></span> <span class='ocrx_word' id='word_1_236' title='bbox 1002 2849 1226 2929; x_wconf 90' lang='lat' dir='ltr'><strong>myotacismus:</strong></span> <span class='ocrx_word' id='word_1_237' title='bbox 1250 2866 1318 2935; x_wconf 86' lang='lat' dir='ltr'><strong>eum</strong></span> <span class='ocrx_word' id='word_1_238' title='bbox 1341 2845 1480 2909; x_wconf 85' lang='lat' dir='ltr'><strong>exclusus</strong></span> <span class='ocrx_word' id='word_1_239' title='bbox 1503 2847 1596 2909; x_wconf 88' lang='lat' dir='ltr'><strong>luerit</strong></span> 
     </span>
     <span class='ocr_line' id='line_1_26' title="bbox 296 2942 1594 3030; baseline 0 -20"><span class='ocrx_word' id='word_1_240' title='bbox 296 2952 518 3030; x_wconf 91' lang='lat' dir='ltr'><strong>myotacismus,</strong></span> <span class='ocrx_word' id='word_1_241' title='bbox 547 2952 653 3030; x_wconf 87' lang='lat' dir='ltr'><strong>incipit</strong></span> <span class='ocrx_word' id='word_1_242' title='bbox 679 2950 788 3013; x_wconf 92' lang='lat' dir='ltr'><strong>vocalis</strong></span> <span class='ocrx_word' id='word_1_243' title='bbox 815 2950 947 3021; x_wconf 89' lang='lat' dir='ltr'><strong>excludi,</strong></span> <span class='ocrx_word' id='word_1_244' title='bbox 978 2970 1015 3013; x_wconf 91' lang='lat' dir='ltr'><strong>ne</strong></span> <span class='ocrx_word' id='word_1_245' title='bbox 1036 2952 1076 3011; x_wconf 91' lang='lat' dir='ltr'><strong>sit</strong></span> <span class='ocrx_word' id='word_1_246' title='bbox 1096 2950 1203 3011; x_wconf 87' lang='lat' dir='ltr'><strong>hiatus.</strong></span> <span class='ocrx_word' id='word_1_247' title='bbox 1247 2968 1368 3011; x_wconf 82' lang='lat' dir='ltr'><strong>necesse</strong></span> <span class='ocrx_word' id='word_1_248' title='bbox 1390 2957 1435 3009; x_wconf 93' lang='lat' dir='ltr'><strong>est</strong></span> <span class='ocrx_word' id='word_1_249' title='bbox 1457 2942 1530 3029; x_wconf 82' lang='lat' dir='ltr'><strong>ergo</strong></span> <span class='ocrx_word' id='word_1_250' title='bbox 1552 2952 1594 3010; x_wconf 89' lang='lat' dir='ltr'><strong>ita</strong></span> 
     </span>
     <span class='ocr_line' id='line_1_27' title="bbox 296 3050 1632 3133; baseline -0.001 -20"><span class='ocrx_word' id='word_1_251' title='bbox 296 3059 328 3113; x_wconf 94' lang='grc' dir='ltr'><strong>ιιι</strong></span> <span class='ocrx_word' id='word_1_252' title='bbox 350 3053 413 3122; x_wconf 89' lang='lat' dir='ltr'><strong>liat,</strong></span> <span class='ocrx_word' id='word_1_253' title='bbox 442 3059 473 3112; x_wconf 90' lang='lat' dir='ltr'><strong>ut</strong></span> <span class='ocrx_word' id='word_1_254' title='bbox 501 3072 529 3115; x_wconf 88' lang='lat' dir='ltr'><strong>m</strong></span> <span class='ocrx_word' id='word_1_255' title='bbox 557 3052 695 3115; x_wconf 90' lang='lat' dir='ltr'><strong>excludas</strong></span> <span class='ocrx_word' id='word_1_256' title='bbox 727 3060 851 3133; x_wconf 90' lang='lat' dir='ltr'><strong>propter</strong></span> <span class='ocrx_word' id='word_1_257' title='bbox 879 3055 994 3123; x_wconf 91' lang='lat' dir='ltr'><strong>vitium,</strong></span> <span class='ocrx_word' id='word_1_258' title='bbox 1023 3051 1155 3114; x_wconf 88' lang='lat' dir='ltr'><strong>vocalem</strong></span> <span class='ocrx_word' id='word_1_259' title='bbox 1184 3050 1324 3113; x_wconf 89' lang='lat' dir='ltr'><strong>excludas</strong></span> <span class='ocrx_word' id='word_1_260' title='bbox 1350 3061 1475 3132; x_wconf 90' lang='lat' dir='ltr'><strong>propter</strong></span> <span class='ocrx_word' id='word_1_261' title='bbox 1507 3052 1632 3113; x_wconf 76' lang='lat' dir='ltr'><strong>illamzs</strong></span> 
     </span>
    </p>
   </div>
   <div class='ocr_carea' id='block_1_3' title="bbox 143 3153 1596 3243">
    <p class='ocr_par' dir='ltr' id='par_1_7' title="bbox 143 3153 1596 3243">
     <span class='ocr_line' id='line_1_28' title="bbox 143 3153 1596 3243; baseline -0.001 -28"><span class='ocrx_word' id='word_1_262' title='bbox 143 3174 146 3183; x_wconf 90' lang='lat'>·</span> <span class='ocrx_word' id='word_1_263' title='bbox 216 3240 217 3243; x_wconf 8' lang='grc' dir='ltr'><strong>Ἴ</strong></span> <span class='ocrx_word' id='word_1_264' title='bbox 278 3155 432 3241; x_wconf 88' lang='lat' dir='ltr'><strong>litteram.</strong></span> <span class='ocrx_word' id='word_1_265' title='bbox 478 3156 502 3215; x_wconf 91' lang='lat' dir='ltr'><strong>si</strong></span> <span class='ocrx_word' id='word_1_266' title='bbox 525 3157 604 3215; x_wconf 90' lang='lat' dir='ltr'><strong>enlm</strong></span> <span class='ocrx_word' id='word_1_267' title='bbox 627 3174 686 3215; x_wconf 95' lang='lat' dir='ltr'><strong>non</strong></span> <span class='ocrx_word' id='word_1_268' title='bbox 710 3154 828 3216; x_wconf 89' lang='lat' dir='ltr'><strong>exclusa</strong></span> <span class='ocrx_word' id='word_1_269' title='bbox 856 3156 960 3224; x_wconf 90' lang='lat' dir='ltr'><strong>luerit,</strong></span> <span class='ocrx_word' id='word_1_270' title='bbox 988 3156 1094 3235; x_wconf 89' lang='lat' dir='ltr'><strong>incipit</strong></span> <span class='ocrx_word' id='word_1_271' title='bbox 1121 3154 1217 3215; x_wconf 92' lang='lat' dir='ltr'><strong>hiatus</strong></span> <span class='ocrx_word' id='word_1_272' title='bbox 1239 3173 1313 3215; x_wconf 90' lang='lat' dir='ltr'><strong>esse.</strong></span> <span class='ocrx_word' id='word_1_273' title='bbox 1359 3171 1432 3232; x_wconf 84' lang='lat' dir='ltr'><strong>ergo</strong></span> <span class='ocrx_word' id='word_1_274' title='bbox 1453 3153 1513 3215; x_wconf 89' lang='lat' dir='ltr'><strong>tale</strong></span> <span class='ocrx_word' id='word_1_275' title='bbox 1535 3156 1596 3215; x_wconf 89' lang='lat' dir='ltr'><strong>erit</strong></span> 
     </span>
    </p>
   </div>
   <div class='ocr_carea' id='block_1_4' title="bbox 294 3255 1632 4053">
    <p class='ocr_par' dir='ltr' id='par_1_8' title="bbox 294 3255 1632 4053">
     <span class='ocr_line' id='line_1_29' title="bbox 294 3255 1595 3336; baseline 0 -20"><span class='ocrx_word' id='word_1_276' title='bbox 294 3255 382 3328; x_wconf 89' lang='lat' dir='ltr'><strong>illud,</strong></span> <span class='ocrx_word' id='word_1_277' title='bbox 412 3255 554 3319; x_wconf 84' lang='lat' dir='ltr'><strong>‘multille</strong></span> <span class='ocrx_word' id='word_1_278' title='bbox 577 3264 607 3319; x_wconf 92' lang='lat' dir='ltr'><strong>et</strong></span> <span class='ocrx_word' id='word_1_279' title='bbox 628 3259 749 3318; x_wconf 90' lang='lat' dir='ltr'><strong>terris’:</strong></span> <span class='ocrx_word' id='word_1_280' title='bbox 779 3258 819 3317; x_wconf 92' lang='lat' dir='ltr'><strong>ita</strong></span> <span class='ocrx_word' id='word_1_281' title='bbox 849 3257 994 3319; x_wconf 89' lang='lat' dir='ltr'><strong>scandere</strong></span> <span class='ocrx_word' id='word_1_282' title='bbox 1023 3256 1126 3319; x_wconf 86' lang='lat' dir='ltr'><strong>habes.</strong></span> <span class='ocrx_word' id='word_1_283' title='bbox 1173 3276 1242 3318; x_wconf 90' lang='lat' dir='ltr'><strong>ecce</strong></span> <span class='ocrx_word' id='word_1_284' title='bbox 1270 3274 1345 3336; x_wconf 84' lang='lat' dir='ltr'><strong>quae</strong></span> <span class='ocrx_word' id='word_1_285' title='bbox 1374 3263 1532 3317; x_wconf 75' lang='lat' dir='ltr'><strong>causaest</strong></span> <span class='ocrx_word' id='word_1_286' title='bbox 1561 3265 1595 3316; x_wconf 94' lang='lat' dir='ltr'><strong>ut</strong></span> 
     </span>
     <span class='ocr_line' id='line_1_30' title="bbox 294 3356 1593 3437; baseline -0.002 -18"><span class='ocrx_word' id='word_1_287' title='bbox 294 3376 355 3419; x_wconf 90' lang='lat' dir='ltr'><strong>non</strong></span> <span class='ocrx_word' id='word_1_288' title='bbox 377 3364 493 3419; x_wconf 89' lang='lat' dir='ltr'><strong>tantum</strong></span> <span class='ocrx_word' id='word_1_289' title='bbox 516 3378 555 3428; x_wconf 95' lang='lat' dir='ltr'><strong>m,</strong></span> <span class='ocrx_word' id='word_1_290' title='bbox 578 3358 631 3420; x_wconf 92' lang='lat' dir='ltr'><strong>sed</strong></span> <span class='ocrx_word' id='word_1_291' title='bbox 654 3368 684 3419; x_wconf 93' lang='lat' dir='ltr'><strong>et</strong></span> <span class='ocrx_word' id='word_1_292' title='bbox 705 3379 725 3420; x_wconf 94' lang='lat' dir='ltr'><strong>u</strong></span> <span class='ocrx_word' id='word_1_293' title='bbox 748 3358 902 3429; x_wconf 89' lang='lat' dir='ltr'><strong>excludas,</strong></span> <span class='ocrx_word' id='word_1_294' title='bbox 927 3377 1002 3437; x_wconf 82' lang='lat' dir='ltr'><strong>quae</strong></span> <span class='ocrx_word' id='word_1_295' title='bbox 1024 3378 1043 3420; x_wconf 91' lang='grc' dir='ltr'><strong>ιι</strong></span> <span class='ocrx_word' id='word_1_296' title='bbox 1066 3378 1133 3420; x_wconf 86' lang='grc' dir='ltr'><strong>ειιιιι</strong></span> <span class='ocrx_word' id='word_1_297' title='bbox 1148 3380 1186 3428; x_wconf 81' lang='grc' dir='ltr'><strong>,ιιι</strong></span> <span class='ocrx_word' id='word_1_298' title='bbox 1208 3359 1306 3420; x_wconf 89' lang='lat' dir='ltr'><strong>littera</strong></span> <span class='ocrx_word' id='word_1_299' title='bbox 1328 3365 1383 3426; x_wconf 85' lang='lat' dir='ltr'><strong>est,</strong></span> <span class='ocrx_word' id='word_1_300' title='bbox 1408 3366 1436 3417; x_wconf 90' lang='lat' dir='ltr'><strong>et</strong></span> <span class='ocrx_word' id='word_1_301' title='bbox 1458 3356 1593 3437; x_wconf 87' lang='lat' dir='ltr'><strong>appella-</strong></span> 
     </span>
     <span class='ocr_line' id='line_1_31' title="bbox 296 3438 1594 3541; baseline -0.001 -20"><span class='ocrx_word' id='word_1_302' title='bbox 296 3468 343 3521; x_wconf 90' lang='lat' dir='ltr'><strong>tur</strong></span> <span class='ocrx_word' id='word_1_303' title='bbox 365 3438 529 3541; x_wconf 82' lang='lat' dir='ltr'><strong>ecthlipsis,</strong></span> <span class='ocrx_word' id='word_1_304' title='bbox 559 3460 588 3521; x_wconf 95' lang='lat' dir='ltr'><strong>id</strong></span> <span class='ocrx_word' id='word_1_305' title='bbox 619 3467 664 3522; x_wconf 91' lang='grc' dir='ltr'><strong>εει</strong></span> <span class='ocrx_word' id='word_1_306' title='bbox 690 3463 917 3523; x_wconf 84' lang='grc' dir='ltr'><strong>εοιιεοιιειιιιιιιιι</strong></span> <span class='ocrx_word' id='word_1_307' title='bbox 946 3479 1051 3540; x_wconf 92' lang='lat' dir='ltr'><strong>aspere</strong></span> <span class='ocrx_word' id='word_1_308' title='bbox 1078 3480 1145 3522; x_wconf 92' lang='lat' dir='ltr'><strong>cum</strong></span> <span class='ocrx_word' id='word_1_309' title='bbox 1168 3458 1318 3522; x_wconf 88' lang='lat' dir='ltr'><strong>vocalibus</strong></span> <span class='ocrx_word' id='word_1_310' title='bbox 1346 3461 1594 3522; x_wconf 89' lang='lat' dir='ltr'><strong>concurrentium</strong></span> 
     </span>
     <span class='ocr_line' id='line_1_32' title="bbox 295 3562 1632 3641; baseline 0.004 -18"><span class='ocrx_word' id='word_1_311' title='bbox 295 3562 369 3624; x_wconf 89' lang='lat' dir='ltr'><strong>dura</strong></span> <span class='ocrx_word' id='word_1_312' title='bbox 391 3562 578 3641; x_wconf 90' lang='lat' dir='ltr'><strong>dillicilisque</strong></span> <span class='ocrx_word' id='word_1_313' title='bbox 600 3562 733 3623; x_wconf 90' lang='lat' dir='ltr'><strong>conlisio.</strong></span> <span class='ocrx_word' id='word_1_314' title='bbox 1606 3588 1632 3628; x_wconf 84' lang='lat' dir='ltr'><strong>aa</strong></span> 
     </span>
     <span class='ocr_line' id='line_1_33' title="bbox 380 3662 1594 3746; baseline -0.002 -19"><span class='ocrx_word' id='word_1_315' title='bbox 380 3666 456 3727; x_wconf 87' lang='lat' dir='ltr'><strong>Sunt</strong></span> <span class='ocrx_word' id='word_1_316' title='bbox 482 3664 532 3725; x_wconf 92' lang='lat' dir='ltr'><strong>alii</strong></span> <span class='ocrx_word' id='word_1_317' title='bbox 559 3664 618 3725; x_wconf 93' lang='lat' dir='ltr'><strong>duo</strong></span> <span class='ocrx_word' id='word_1_318' title='bbox 646 3664 805 3734; x_wconf 86' lang='lat' dir='ltr'><strong>contrarii,</strong></span> <span class='ocrx_word' id='word_1_319' title='bbox 835 3666 989 3727; x_wconf 88' lang='lat' dir='ltr'><strong>antithesis</strong></span> <span class='ocrx_word' id='word_1_320' title='bbox 1012 3672 1042 3726; x_wconf 89' lang='lat' dir='ltr'><strong>et</strong></span> <span class='ocrx_word' id='word_1_321' title='bbox 1062 3662 1252 3746; x_wconf 62' lang='lat' dir='ltr'><strong>metathelsis</strong></span> <span class='ocrx_word' id='word_1_322' title='bbox 1296 3662 1454 3725; x_wconf 89' lang='lat' dir='ltr'><strong>antithesis</strong></span> <span class='ocrx_word' id='word_1_323' title='bbox 1475 3673 1520 3725; x_wconf 89' lang='lat' dir='ltr'><strong>est</strong></span> <span class='ocrx_word' id='word_1_324' title='bbox 1541 3664 1594 3725; x_wconf 89' lang='lat' dir='ltr'><strong>lit-</strong></span> 
     </span>
     <span class='ocr_line' id='line_1_34' title="bbox 294 3764 1594 3849; baseline 0 -22"><span class='ocrx_word' id='word_1_325' title='bbox 294 3774 376 3829; x_wconf 90' lang='lat' dir='ltr'><strong>terae</strong></span> <span class='ocrx_word' id='word_1_326' title='bbox 403 3786 458 3847; x_wconf 92' lang='lat' dir='ltr'><strong>pro</strong></span> <span class='ocrx_word' id='word_1_327' title='bbox 481 3766 578 3827; x_wconf 90' lang='lat' dir='ltr'><strong>littera</strong></span> <span class='ocrx_word' id='word_1_328' title='bbox 600 3767 718 3847; x_wconf 89' lang='lat' dir='ltr'><strong>positio.</strong></span> <span class='ocrx_word' id='word_1_329' title='bbox 762 3767 820 3829; x_wconf 91' lang='lat' dir='ltr'><strong>hoc</strong></span> <span class='ocrx_word' id='word_1_330' title='bbox 846 3770 877 3829; x_wconf 93' lang='lat' dir='ltr'><strong>in</strong></span> <span class='ocrx_word' id='word_1_331' title='bbox 906 3765 1005 3828; x_wconf 88' lang='lat' dir='ltr'><strong>latinis</strong></span> <span class='ocrx_word' id='word_1_332' title='bbox 1033 3765 1217 3849; x_wconf 91' lang='lat' dir='ltr'><strong>[antithesis]</strong></span> <span class='ocrx_word' id='word_1_333' title='bbox 1247 3768 1279 3827; x_wconf 95' lang='lat' dir='ltr'><strong>in</strong></span> <span class='ocrx_word' id='word_1_334' title='bbox 1309 3764 1502 3846; x_wconf 79' lang='lat' dir='ltr'><strong>metaplasmo</strong></span> <span class='ocrx_word' id='word_1_335' title='bbox 1528 3785 1594 3827; x_wconf 91' lang='lat' dir='ltr'><strong>non</strong></span> 
     </span>
     <span class='ocr_line' id='line_1_35' title="bbox 294 3866 1593 3951; baseline -0.001 -21"><span class='ocrx_word' id='word_1_336' title='bbox 294 3871 409 3930; x_wconf 92' lang='lat' dir='ltr'><strong>invenis</strong></span> <span class='ocrx_word' id='word_1_337' title='bbox 438 3866 483 3949; x_wconf 95' lang='lat' dir='ltr'><strong>[in</strong></span> <span class='ocrx_word' id='word_1_338' title='bbox 511 3866 634 3951; x_wconf 89' lang='lat' dir='ltr'><strong>latino],</strong></span> <span class='ocrx_word' id='word_1_339' title='bbox 664 3869 716 3930; x_wconf 88' lang='lat' dir='ltr'><strong>sed</strong></span> <span class='ocrx_word' id='word_1_340' title='bbox 744 3872 860 3943; x_wconf 88' lang='lat' dir='ltr'><strong>invenis</strong></span> <span class='ocrx_word' id='word_1_341' title='bbox 887 3872 919 3931; x_wconf 91' lang='lat' dir='ltr'><strong>in</strong></span> <span class='ocrx_word' id='word_1_342' title='bbox 947 3877 1063 3932; x_wconf 86' lang='lat' dir='ltr'><strong>ornatu.</strong></span> <span class='ocrx_word' id='word_1_343' title='bbox 1108 3869 1167 3931; x_wconf 91' lang='lat' dir='ltr'><strong>hoc</strong></span> <span class='ocrx_word' id='word_1_344' title='bbox 1193 3877 1238 3930; x_wconf 90' lang='lat' dir='ltr'><strong>est</strong></span> <span class='ocrx_word' id='word_1_345' title='bbox 1265 3870 1345 3929; x_wconf 89' lang='lat' dir='ltr'><strong>enim</strong></span> <span class='ocrx_word' id='word_1_346' title='bbox 1366 3868 1446 3951; x_wconf 89' lang='lat' dir='ltr'><strong>apud</strong></span> <span class='ocrx_word' id='word_1_347' title='bbox 1468 3868 1593 3929; x_wconf 87' lang='lat' dir='ltr'><strong>Latinos</strong></span> 
     </span>
     <span class='ocr_line' id='line_1_36' title="bbox 295 3969 1593 4053; baseline 0 -21"><span class='ocrx_word' id='word_1_348' title='bbox 295 3971 360 4043; x_wconf 90' lang='lat' dir='ltr'><strong>olli,</strong></span> <span class='ocrx_word' id='word_1_349' title='bbox 389 3970 469 4052; x_wconf 88' lang='lat' dir='ltr'><strong>quod</strong></span> <span class='ocrx_word' id='word_1_350' title='bbox 497 3978 543 4032; x_wconf 90' lang='grc' dir='ltr'><strong>εει</strong></span> <span class='ocrx_word' id='word_1_351' title='bbox 567 3970 620 4034; x_wconf 90' lang='lat' dir='ltr'><strong>illi.</strong></span> <span class='ocrx_word' id='word_1_352' title='bbox 665 3979 696 4033; x_wconf 89' lang='lat' dir='ltr'><strong>et</strong></span> <span class='ocrx_word' id='word_1_353' title='bbox 722 3971 791 4051; x_wconf 90' lang='lat' dir='ltr'><strong>quid</strong></span> <span class='ocrx_word' id='word_1_354' title='bbox 821 3972 894 4033; x_wconf 90' lang='lat' dir='ltr'><strong>mihi</strong></span> <span class='ocrx_word' id='word_1_355' title='bbox 916 3972 1061 4053; x_wconf 82' lang='lat' dir='ltr'><strong>praestat?</strong></span> <span class='ocrx_word' id='word_1_356' title='bbox 1098 3972 1180 4033; x_wconf 91' lang='lat' dir='ltr'><strong>nihil.</strong></span> <span class='ocrx_word' id='word_1_357' title='bbox 1226 3990 1296 4033; x_wconf 90' lang='lat' dir='ltr'><strong>nam</strong></span> <span class='ocrx_word' id='word_1_358' title='bbox 1317 3973 1379 4032; x_wconf 91' lang='lat' dir='ltr'><strong>sive</strong></span> <span class='ocrx_word' id='word_1_359' title='bbox 1400 3970 1504 4032; x_wconf 86' lang='lat' dir='ltr'><strong>dixero</strong></span> <span class='ocrx_word' id='word_1_360' title='bbox 1525 3969 1593 4041; x_wconf 92' lang='lat' dir='ltr'><strong>olli,</strong></span> 
     </span>
    </p>
   </div>
   <div class='ocr_carea' id='block_1_5' title="bbox 365 4154 1519 4274">
    <p class='ocr_par' dir='ltr' id='par_1_9' title="bbox 365 4154 1519 4274">
     <span class='ocr_line' id='line_1_37' title="bbox 365 4154 1519 4274; baseline -0.002 -12"><span class='ocrx_word' id='word_1_361' title='bbox 365 4211 379 4262; x_wconf 94' lang='lat'>1</span> <span class='ocrx_word' id='word_1_362' title='bbox 404 4210 524 4261; x_wconf 87' lang='lat' dir='ltr'><strong>dicebant</strong></span> <span class='ocrx_word' id='word_1_363' title='bbox 546 4211 605 4261; x_wconf 85' lang='lat' dir='ltr'><strong>aula</strong></span> <span class='ocrx_word' id='word_1_364' title='bbox 618 4246 624 4261; x_wconf 90' lang='lat'><em>.</em></span> <span class='ocrx_word' id='word_1_365' title='bbox 637 4211 665 4264; x_wconf 91' lang='lat' dir='ltr'><strong>i.</strong></span> <span class='ocrx_word' id='word_1_366' title='bbox 684 4211 710 4261; x_wconf 88' lang='lat' dir='ltr'><em>P</em></span> <span class='ocrx_word' id='word_1_367' title='bbox 732 4210 849 4260; x_wconf 87' lang='lat' dir='ltr'><strong>dicebant</strong></span> <span class='ocrx_word' id='word_1_368' title='bbox 872 4154 941 4274; x_wconf 75' lang='lat' dir='ltr'><strong>apllxi</strong></span> <span class='ocrx_word' id='word_1_369' title='bbox 957 4210 982 4260; x_wconf 87' lang='lat' dir='ltr'><em>B</em></span> <span class='ocrx_word' id='word_1_370' title='bbox 998 4208 1117 4260; x_wconf 89' lang='lat' dir='ltr'><strong>dicebant</strong></span> <span class='ocrx_word' id='word_1_371' title='bbox 1137 4209 1198 4261; x_wconf 88' lang='lat' dir='ltr'><strong>allai</strong></span> <span class='ocrx_word' id='word_1_372' title='bbox 1218 4209 1240 4260; x_wconf 79' lang='lat' dir='ltr'><em>G</em></span> <span class='ocrx_word' id='word_1_373' title='bbox 1261 4208 1378 4259; x_wconf 87' lang='lat' dir='ltr'><strong>dicebant</strong></span> <span class='ocrx_word' id='word_1_374' title='bbox 1394 4209 1438 4259; x_wconf 90' lang='lat' dir='ltr'><strong>alii</strong></span> <span class='ocrx_word' id='word_1_375' title='bbox 1457 4209 1481 4257; x_wconf 88' lang='lat' dir='ltr'><strong>ai</strong></span> <span class='ocrx_word' id='word_1_376' title='bbox 1498 4210 1519 4260; x_wconf 88' lang='lat' dir='ltr'><em>S</em></span> 
     </span>
    </p>
   </div>
   <div class='ocr_carea' id='block_1_6' title="bbox 293 4277 1594 4978">
    <p class='ocr_par' dir='ltr' id='par_1_10' title="bbox 294 4277 1592 4346">
     <span class='ocr_line' id='line_1_38' title="bbox 294 4277 1592 4346; baseline -0.003 -13"><span class='ocrx_word' id='word_1_377' title='bbox 294 4283 353 4333; x_wconf 87' lang='lat' dir='ltr'><strong>3et</strong></span> <span class='ocrx_word' id='word_1_378' title='bbox 372 4281 473 4331; x_wconf 82' lang='lat' dir='ltr'><strong>incenis</strong></span> <span class='ocrx_word' id='word_1_379' title='bbox 490 4280 549 4331; x_wconf 90' lang='lat' dir='ltr'><strong>BP</strong></span> <span class='ocrx_word' id='word_1_380' title='bbox 563 4290 588 4331; x_wconf 90' lang='lat' dir='ltr'><strong>et</strong></span> <span class='ocrx_word' id='word_1_381' title='bbox 606 4282 722 4331; x_wconf 89' lang='lat' dir='ltr'><strong>inuenies</strong></span> <span class='ocrx_word' id='word_1_382' title='bbox 740 4279 784 4330; x_wconf 85' lang='lat' dir='ltr'><strong>GS</strong></span> <span class='ocrx_word' id='word_1_383' title='bbox 852 4278 948 4346; x_wconf 82' lang='lat' dir='ltr'><strong>ipsam]</strong></span> <span class='ocrx_word' id='word_1_384' title='bbox 968 4280 1075 4329; x_wconf 87' lang='lat' dir='ltr'><strong>illamC</strong></span> <span class='ocrx_word' id='word_1_385' title='bbox 1142 4277 1272 4346; x_wconf 74' lang='lat' dir='ltr'><strong>tilixerit]</strong></span> <span class='ocrx_word' id='word_1_386' title='bbox 1299 4280 1379 4343; x_wconf 78' lang='lat' dir='ltr'><strong>Verp,</strong></span> <span class='ocrx_word' id='word_1_387' title='bbox 1399 4278 1466 4329; x_wconf 81' lang='lat' dir='ltr'><strong>Aen.</strong></span> <span class='ocrx_word' id='word_1_388' title='bbox 1483 4279 1516 4328; x_wconf 86' lang='lat' dir='ltr'><strong>ttt</strong></span> <span class='ocrx_word' id='word_1_389' title='bbox 1533 4278 1592 4329; x_wconf 83' lang='lat'><strong>803</strong></span> 
     </span>
    </p>

    <p class='ocr_par' dir='ltr' id='par_1_11' title="bbox 293 4348 1593 4769">
     <span class='ocr_line' id='line_1_39' title="bbox 363 4348 1592 4417; baseline -0.003 -17"><span class='ocrx_word' id='word_1_390' title='bbox 363 4351 379 4400; x_wconf 87' lang='lat'><strong>7</strong></span> <span class='ocrx_word' id='word_1_391' title='bbox 404 4362 432 4401; x_wconf 89' lang='lat' dir='ltr'><strong>ut</strong></span> <span class='ocrx_word' id='word_1_392' title='bbox 456 4359 494 4400; x_wconf 87' lang='lat' dir='ltr'><strong>est</strong></span> <span class='ocrx_word' id='word_1_393' title='bbox 516 4351 626 4417; x_wconf 85' lang='lat' dir='ltr'><strong>phaeton</strong></span> <span class='ocrx_word' id='word_1_394' title='bbox 651 4351 758 4417; x_wconf 88' lang='lat' dir='ltr'><strong>(pheton</strong></span> <span class='ocrx_word' id='word_1_395' title='bbox 775 4350 806 4413; x_wconf 85' lang='lat' dir='ltr'><strong>S)</strong></span> <span class='ocrx_word' id='word_1_396' title='bbox 831 4350 885 4399; x_wconf 91' lang='lat' dir='ltr'><strong>neri</strong></span> <span class='ocrx_word' id='word_1_397' title='bbox 910 4365 957 4414; x_wconf 86' lang='lat' dir='ltr'><strong>pro</strong></span> <span class='ocrx_word' id='word_1_398' title='bbox 982 4364 1012 4399; x_wconf 94' lang='lat' dir='ltr'><strong>eo</strong></span> <span class='ocrx_word' id='word_1_399' title='bbox 1036 4350 1104 4411; x_wconf 90' lang='lat' dir='ltr'><strong>quod</strong></span> <span class='ocrx_word' id='word_1_400' title='bbox 1123 4358 1162 4400; x_wconf 89' lang='lat' dir='ltr'><strong>est</strong></span> <span class='ocrx_word' id='word_1_401' title='bbox 1180 4348 1290 4415; x_wconf 82' lang='lat' dir='ltr'><strong>phaeton</strong></span> <span class='ocrx_word' id='word_1_402' title='bbox 1308 4348 1417 4413; x_wconf 89' lang='lat' dir='ltr'><strong>(pheton</strong></span> <span class='ocrx_word' id='word_1_403' title='bbox 1438 4348 1497 4413; x_wconf 74' lang='lat'><strong>08)</strong></span> <span class='ocrx_word' id='word_1_404' title='bbox 1515 4349 1592 4397; x_wconf 84' lang='lat' dir='ltr'><strong>nerei</strong></span> 
     </span>
     <span class='ocr_line' id='line_1_40' title="bbox 293 4418 1592 4489; baseline -0.001 -18"><span class='ocrx_word' id='word_1_405' title='bbox 293 4420 369 4473; x_wconf 82' lang='lat' dir='ltr'><strong>Bes</strong></span> <span class='ocrx_word' id='word_1_406' title='bbox 387 4431 412 4471; x_wconf 90' lang='lat' dir='ltr'><strong>ut</strong></span> <span class='ocrx_word' id='word_1_407' title='bbox 426 4420 536 4489; x_wconf 84' lang='lat' dir='ltr'><strong>phaeton</strong></span> <span class='ocrx_word' id='word_1_408' title='bbox 555 4422 625 4471; x_wconf 86' lang='lat' dir='ltr'><strong>nerei</strong></span> <span class='ocrx_word' id='word_1_409' title='bbox 643 4436 689 4487; x_wconf 86' lang='lat' dir='ltr'><strong>pre</strong></span> <span class='ocrx_word' id='word_1_410' title='bbox 708 4420 804 4487; x_wconf 88' lang='lat' dir='ltr'><strong>phetou</strong></span> <span class='ocrx_word' id='word_1_411' title='bbox 824 4421 892 4470; x_wconf 89' lang='lat' dir='ltr'><strong>nerei</strong></span> <span class='ocrx_word' id='word_1_412' title='bbox 909 4421 945 4469; x_wconf 88' lang='lat' dir='ltr'><strong>P:</strong></span> <span class='ocrx_word' id='word_1_413' title='bbox 962 4421 997 4483; x_wconf 80' lang='lat' dir='ltr'><strong>cs.</strong></span> <span class='ocrx_word' id='word_1_414' title='bbox 1011 4420 1105 4474; x_wconf 71' lang='lat' dir='ltr'><strong>Doamt.</strong></span> <span class='ocrx_word' id='word_1_415' title='bbox 1120 4435 1148 4483; x_wconf 84' lang='lat' dir='ltr'><strong>p.</strong></span> <span class='ocrx_word' id='word_1_416' title='bbox 1163 4419 1223 4479; x_wconf 81' lang='grc'><strong>396,</strong></span> <span class='ocrx_word' id='word_1_417' title='bbox 1240 4418 1274 4470; x_wconf 85' lang='grc'><strong>21</strong></span> <span class='ocrx_word' id='word_1_418' title='bbox 1344 4418 1513 4485; x_wconf 82' lang='lat' dir='ltr'><strong>ilecthiypsis</strong></span> <span class='ocrx_word' id='word_1_419' title='bbox 1524 4432 1592 4470; x_wconf 78' lang='lat' dir='ltr'><strong>con-</strong></span> 
     </span>
     <span class='ocr_line' id='line_1_41' title="bbox 293 4486 1590 4558; baseline -0.005 -15"><span class='ocrx_word' id='word_1_420' title='bbox 293 4500 392 4545; x_wconf 79' lang='lat' dir='ltr'><strong>stanter</strong></span> <span class='ocrx_word' id='word_1_421' title='bbox 409 4492 429 4542; x_wconf 84' lang='grc'><em>0</em></span> <span class='ocrx_word' id='word_1_422' title='bbox 447 4492 558 4558; x_wconf 74' lang='lat' dir='ltr'><strong>eclypsis</strong></span> <span class='ocrx_word' id='word_1_423' title='bbox 577 4491 603 4541; x_wconf 87' lang='lat' dir='ltr'><em>B</em></span> <span class='ocrx_word' id='word_1_424' title='bbox 676 4492 716 4541; x_wconf 62' lang='lat' dir='ltr'><strong>ll,</strong></span> <span class='ocrx_word' id='word_1_425' title='bbox 729 4490 834 4555; x_wconf 85' lang='lat' dir='ltr'><strong>eclipsis</strong></span> <span class='ocrx_word' id='word_1_426' title='bbox 853 4499 892 4540; x_wconf 86' lang='grc' dir='ltr'><strong>εει</strong></span> <span class='ocrx_word' id='word_1_427' title='bbox 915 4491 1031 4553; x_wconf 87' lang='lat' dir='ltr'><strong>quotiens</strong></span> <span class='ocrx_word' id='word_1_428' title='bbox 1049 4490 1146 4540; x_wconf 80' lang='lat' dir='ltr'><strong>uocalis</strong></span> <span class='ocrx_word' id='word_1_429' title='bbox 1162 4488 1276 4539; x_wconf 87' lang='lat' dir='ltr'><strong>uocalem</strong></span> <span class='ocrx_word' id='word_1_430' title='bbox 1296 4486 1411 4539; x_wconf 85' lang='lat' dir='ltr'><strong>excludit</strong></span> <span class='ocrx_word' id='word_1_431' title='bbox 1428 4489 1513 4539; x_wconf 84' lang='lat' dir='ltr'><strong>atille</strong></span> <span class='ocrx_word' id='word_1_432' title='bbox 1535 4504 1590 4555; x_wconf 83' lang='lat' dir='ltr'><strong>ego</strong></span> 
     </span>
     <span class='ocr_line' id='line_1_42' title="bbox 294 4560 1593 4627; baseline -0.001 -16"><span class='ocrx_word' id='word_1_433' title='bbox 294 4564 332 4613; x_wconf 85' lang='lat' dir='ltr'><strong>P:</strong></span> <span class='ocrx_word' id='word_1_434' title='bbox 350 4562 481 4627; x_wconf 80' lang='lat' dir='ltr'><strong>ecthlipsis</strong></span> <span class='ocrx_word' id='word_1_435' title='bbox 499 4571 538 4612; x_wconf 86' lang='lat' dir='ltr'><strong>est</strong></span> <span class='ocrx_word' id='word_1_436' title='bbox 557 4564 674 4625; x_wconf 88' lang='lat' dir='ltr'><strong>quotiens</strong></span> <span class='ocrx_word' id='word_1_437' title='bbox 691 4561 786 4611; x_wconf 86' lang='lat' dir='ltr'><strong>vocalis</strong></span> <span class='ocrx_word' id='word_1_438' title='bbox 805 4570 986 4610; x_wconf 82' lang='lat' dir='ltr'><strong>consonantem</strong></span> <span class='ocrx_word' id='word_1_439' title='bbox 1010 4560 1122 4610; x_wconf 82' lang='lat' dir='ltr'><strong>excludit</strong></span> <span class='ocrx_word' id='word_1_440' title='bbox 1141 4561 1336 4614; x_wconf 73' lang='lat' dir='ltr'><strong>Lindemaanaa.</strong></span> <span class='ocrx_word' id='word_1_441' title='bbox 1351 4594 1357 4605; x_wconf 78' lang='grc'>.</span> <span class='ocrx_word' id='word_1_442' title='bbox 1372 4566 1431 4610; x_wconf 79' lang='lat' dir='ltr'><strong>aute</strong></span> <span class='ocrx_word' id='word_1_443' title='bbox 1448 4560 1593 4610; x_wconf 65' lang='lat' dir='ltr'><strong>macras</strong></span> 
     </span>
     <span class='ocr_line' id='line_1_43' title="bbox 294 4630 1592 4698; baseline -0.002 -16"><span class='ocrx_word' id='word_1_444' title='bbox 294 4632 443 4697; x_wconf 77' lang='lat' dir='ltr'><strong>synalipltue</strong></span> <span class='ocrx_word' id='word_1_445' title='bbox 464 4642 487 4683; x_wconf 84' lang='lat' dir='ltr'><strong>et</strong></span> <span class='ocrx_word' id='word_1_446' title='bbox 506 4632 631 4696; x_wconf 83' lang='lat' dir='ltr'><strong>ecthlipsis</strong></span> <span class='ocrx_word' id='word_1_447' title='bbox 655 4633 835 4698; x_wconf 71' lang='lat' dir='ltr'><strong>expositionmt</strong></span> <span class='ocrx_word' id='word_1_448' title='bbox 858 4631 1093 4696; x_wconf 62' lang='lat' dir='ltr'><strong>oratoriaeque</strong></span> <span class='ocrx_word' id='word_1_449' title='bbox 1115 4632 1271 4693; x_wconf 79' lang='lat' dir='ltr'><strong>metaplasmi</strong></span> <span class='ocrx_word' id='word_1_450' title='bbox 1293 4631 1406 4694; x_wconf 63' lang='lat' dir='ltr'><strong>definito</strong></span> <span class='ocrx_word' id='word_1_451' title='bbox 1423 4630 1530 4689; x_wconf 71' lang='lat' dir='ltr'><strong>eccidit,</strong></span> <span class='ocrx_word' id='word_1_452' title='bbox 1551 4644 1592 4679; x_wconf 70' lang='lat' dir='ltr'><strong>ea·</strong></span> 
     </span>
     <span class='ocr_line' id='line_1_44' title="bbox 294 4701 1593 4769; baseline -0.002 -17"><span class='ocrx_word' id='word_1_453' title='bbox 294 4719 344 4768; x_wconf 84' lang='lat' dir='ltr'><strong>qua</strong></span> <span class='ocrx_word' id='word_1_454' title='bbox 358 4702 420 4754; x_wconf 84' lang='lat' dir='ltr'><strong>baec</strong></span> <span class='ocrx_word' id='word_1_455' title='bbox 438 4719 502 4768; x_wconf 79' lang='lat' dir='ltr'><strong>qaae</strong></span> <span class='ocrx_word' id='word_1_456' title='bbox 519 4704 556 4753; x_wconf 86' lang='lat' dir='ltr'><strong>ad</strong></span> <span class='ocrx_word' id='word_1_457' title='bbox 566 4702 724 4769; x_wconf 81' lang='lat' dir='ltr'><strong>rpnatipllam</strong></span> <span class='ocrx_word' id='word_1_458' title='bbox 743 4704 884 4765; x_wconf 83' lang='lat' dir='ltr'><strong>pertinent,</strong></span> <span class='ocrx_word' id='word_1_459' title='bbox 903 4702 1021 4765; x_wconf 84' lang='lat' dir='ltr'><strong>quotiens</strong></span> <span class='ocrx_word' id='word_1_460' title='bbox 1038 4702 1133 4751; x_wconf 85' lang='lat' dir='ltr'><strong>vocalis</strong></span> <span class='ocrx_word' id='word_1_461' title='bbox 1153 4701 1266 4751; x_wconf 84' lang='lat' dir='ltr'><strong>vocalem</strong></span> <span class='ocrx_word' id='word_1_462' title='bbox 1283 4702 1404 4765; x_wconf 81' lang='lat' dir='ltr'><strong>excludit,</strong></span> <span class='ocrx_word' id='word_1_463' title='bbox 1422 4702 1509 4750; x_wconf 82' lang='lat' dir='ltr'><strong>relicta</strong></span> <span class='ocrx_word' id='word_1_464' title='bbox 1524 4708 1593 4749; x_wconf 72' lang='lat' dir='ltr'><strong>mt</strong></span> 
     </span>
    </p>

    <p class='ocr_par' dir='ltr' id='par_1_12' title="bbox 294 4769 1594 4978">
     <span class='ocr_line' id='line_1_45' title="bbox 365 4769 1594 4837; baseline -0.004 -15"><span class='ocrx_word' id='word_1_465' title='bbox 365 4772 397 4822; x_wconf 86' lang='grc'><strong>17</strong></span> <span class='ocrx_word' id='word_1_466' title='bbox 417 4774 533 4837; x_wconf 88' lang='lat' dir='ltr'><strong>quotiens</strong></span> <span class='ocrx_word' id='word_1_467' title='bbox 552 4774 617 4823; x_wconf 86' lang='lat' dir='ltr'><strong>duae</strong></span> <span class='ocrx_word' id='word_1_468' title='bbox 635 4772 736 4822; x_wconf 87' lang='lat' dir='ltr'><strong>uocales</strong></span> <span class='ocrx_word' id='word_1_469' title='bbox 755 4772 927 4823; x_wconf 83' lang='lat' dir='ltr'><strong>excluduntG</strong></span> <span class='ocrx_word' id='word_1_470' title='bbox 980 4771 1012 4821; x_wconf 79' lang='lat'><strong>21</strong></span> <span class='ocrx_word' id='word_1_471' title='bbox 1032 4771 1075 4820; x_wconf 90' lang='lat' dir='ltr'><strong>ubi</strong></span> <span class='ocrx_word' id='word_1_472' title='bbox 1093 4772 1181 4822; x_wconf 83' lang='lat' dir='ltr'><strong>tuleris</strong></span> <span class='ocrx_word' id='word_1_473' title='bbox 1200 4769 1308 4820; x_wconf 83' lang='lat' dir='ltr'><em>BGSP</em></span> <span class='ocrx_word' id='word_1_474' title='bbox 1360 4772 1550 4821; x_wconf 84' lang='lat' dir='ltr'><strong>moetacismam</strong></span> <span class='ocrx_word' id='word_1_475' title='bbox 1568 4769 1594 4818; x_wconf 90' lang='lat' dir='ltr'><em>S</em></span> 
     </span>
     <span class='ocr_line' id='line_1_46' title="bbox 295 4838 1531 4906; baseline -0.005 -14"><span class='ocrx_word' id='word_1_476' title='bbox 295 4842 502 4893; x_wconf 86' lang='lat' dir='ltr'><strong>moeetacismnm</strong></span> <span class='ocrx_word' id='word_1_477' title='bbox 514 4844 540 4893; x_wconf 88' lang='lat' dir='ltr'><em>B</em></span> <span class='ocrx_word' id='word_1_478' title='bbox 555 4844 746 4893; x_wconf 87' lang='lat' dir='ltr'><strong>meotacismum</strong></span> <span class='ocrx_word' id='word_1_479' title='bbox 759 4844 787 4901; x_wconf 79' lang='lat' dir='ltr'><strong>G,</strong></span> <span class='ocrx_word' id='word_1_480' title='bbox 805 4845 863 4893; x_wconf 82' lang='lat' dir='ltr'><strong>item</strong></span> <span class='ocrx_word' id='word_1_481' title='bbox 881 4850 970 4905; x_wconf 80' lang='lat' dir='ltr'><strong>postea</strong></span> <span class='ocrx_word' id='word_1_482' title='bbox 1020 4838 1093 4906; x_wconf 74' lang='lat' dir='ltr'><strong>nram]</strong></span> <span class='ocrx_word' id='word_1_483' title='bbox 1115 4856 1174 4889; x_wconf 88' lang='lat' dir='ltr'><strong>nam</strong></span> <span class='ocrx_word' id='word_1_484' title='bbox 1193 4839 1282 4891; x_wconf 78' lang='lat' dir='ltr'><em>BOS:</em></span> <span class='ocrx_word' id='word_1_485' title='bbox 1299 4855 1357 4890; x_wconf 87' lang='lat' dir='ltr'><strong>nam</strong></span> <span class='ocrx_word' id='word_1_486' title='bbox 1377 4843 1490 4905; x_wconf 82' lang='lat' dir='ltr'><strong>quotiens</strong></span> <span class='ocrx_word' id='word_1_487' title='bbox 1507 4838 1531 4886; x_wconf 88' lang='lat' dir='ltr'><em>P</em></span> 
     </span>
     <span class='ocr_line' id='line_1_47' title="bbox 294 4909 1333 4978; baseline -0.003 -15"><span class='ocrx_word' id='word_1_488' title='bbox 294 4913 407 4978; x_wconf 70' lang='lat' dir='ltr'><strong>actergo</strong></span> <span class='ocrx_word' id='word_1_489' title='bbox 425 4921 449 4962; x_wconf 89' lang='lat' dir='ltr'><strong>et</strong></span> <span class='ocrx_word' id='word_1_490' title='bbox 463 4912 512 4961; x_wconf 87' lang='lat' dir='ltr'><strong>tale</strong></span> <span class='ocrx_word' id='word_1_491' title='bbox 531 4913 552 4962; x_wconf 89' lang='lat' dir='ltr'><strong><em>G</em></strong></span> <span class='ocrx_word' id='word_1_492' title='bbox 619 4912 653 4963; x_wconf 76' lang='lat' dir='ltr'><strong>te</strong></span> <span class='ocrx_word' id='word_1_493' title='bbox 672 4928 721 4961; x_wconf 88' lang='lat' dir='ltr'><strong>non</strong></span> <span class='ocrx_word' id='word_1_494' title='bbox 740 4921 836 4963; x_wconf 87' lang='lat' dir='ltr'><strong>tantum</strong></span> <span class='ocrx_word' id='word_1_495' title='bbox 854 4929 878 4961; x_wconf 94' lang='lat' dir='ltr'><strong>m</strong></span> <span class='ocrx_word' id='word_1_496' title='bbox 897 4920 1013 4976; x_wconf 84' lang='lat' dir='ltr'><strong>quamet</strong></span> <span class='ocrx_word' id='word_1_497' title='bbox 1028 4914 1067 4978; x_wconf 89' lang='grc' dir='ltr'><strong>(ει</strong></span> <span class='ocrx_word' id='word_1_498' title='bbox 1082 4927 1130 4961; x_wconf 82' lang='lat' dir='ltr'><strong>om.</strong></span> <span class='ocrx_word' id='word_1_499' title='bbox 1145 4912 1214 4973; x_wconf 68' lang='lat' dir='ltr'><strong>GJ‘u</strong></span> <span class='ocrx_word' id='word_1_500' title='bbox 1228 4909 1303 4961; x_wconf 81' lang='lat' dir='ltr'><strong>Bes</strong></span> <span class='ocrx_word' id='word_1_501' title='bbox 1309 4911 1333 4960; x_wconf 92' lang='lat' dir='ltr'>P</span> 
     </span>
    </p>
   </div>
   <div class='ocr_carea' id='block_1_7' title="bbox 0 0 1768 5600">
    <p class='ocr_par' dir='ltr' id='par_1_13' title="bbox 0 0 1768 5600">
     <span class='ocr_line' id='line_1_48' title="bbox 0 0 1768 5600; baseline 0 1"><span class='ocrx_word' id='word_1_502' title='bbox 0 0 1768 5600; x_wconf 95' lang='lat' dir='ltr'><strong> </strong></span> 
     </span>
    </p>
   </div>
  </div>
 </body>
</html>
