3525 5600
308 361 372 428 380
853 361 1058 424 CONSENTII

332 483 354 524 p.
367 471 468 512 socr—ss
482 467 505 509 P.

307 557 512 624 terminatam,
532 543 538 632 Ι
563 553 594 612 in
616 551 689 612 alias
711 568 770 610 non
793 557 963 620 transeunt,
986 560 1020 611 ut
1041 569 1165 631 quaeso:
1189 569 1248 612 non
1271 553 1352 612 enim
1375 552 1502 613 dicimus
1521 556 1583 616 intio

215 733 218 740 .
307 658 375 718 infis
396 657 476 725 inlit,
500 672 609 734 quaeso
631 655 750 733 quaesis
771 655 899 732 quaesit.
936 652 1110 732 etquidem
1132 652 1169 713 dc
1192 655 1323 734 quinque
1345 653 1507 732 generibus
1525 673 1581 715 ver·

307 758 412 820 borum
435 756 532 818 lacilis
554 755 721 816 intellectus
743 762 802 825 est,
831 761 865 816 ut
886 773 942 834 per
968 773 1112 834 personas
1133 771 1238 816 eorum
1260 755 1419 816 declinatio
1439 757 1581 834 figuretur.

305 868 418 922 tantum
446 860 502 920 hoc
530 857 707 918 admonendi
734 875 851 928 sumus,
881 859 913 918 in
939 856 987 917 his
1014 860 1145 937 quinque
1172 858 1440 936 significationibus
1467 861 1581 937 primam

303 981 462 1044 personam
484 979 559 1026 casu,
577 979 636 1021 non
659 977 762 1037 egere,
787 958 944 1019 admittere
966 966 1067 1020 tamen
1088 962 1321 1020 nominativum:
1356 960 1488 1021 dicimus
1512 964 1602 1022 cuim⁵

304 1065 447 1126 verberor
479 1049 637 1131 innocens
672 1062 768 1121 servio
801 1063 845 1121 vir
877 1063 974 1122 fortis.
1019 1079 1108 1142 quem
1136 1080 1237 1122 casum
1266 1062 1358 1122 trahit
1387 1065 1480 1122 etiam
1505 1065 1584 1122 tertia

302 1186 444 1247 persona;
475 1166 602 1227 dicimus
630 1165 710 1224 enim
738 1162 915 1224 verberatur
943 1168 1102 1235 innocens,
1131 1165 1224 1225 servit
1250 1167 1297 1224 vir
1324 1165 1420 1224 lortis.
1466 1165 1583 1224 secunda

301 1287 429 1349 persona
451 1267 543 1328 trahit
565 1283 665 1327 casum
687 1267 867 1326 vocativum:
898 1265 1026 1326 dicimus
1052 1267 1133 1326 enim
1155 1265 1325 1327 verberaris
1347 1269 1507 1336 innocens,
1528 1284 1584 1326 ser-

300 1372 345 1431 vis
367 1372 412 1432 vir
434 1370 531 1431 lortis.

384 1473 463 1533 llaec
487 1471 523 1532 dc
545 1471 683 1551 personis
705 1471 785 1529 circa
807 1471 939 1548 quinque
953 1487 1066 1548 genera
1079 1469 1239 1532 verborum
1260 1471 1372 1531 dixisse
1394 1469 1513 1530 abunde
1534 1478 1615 1530 esto
1718 1478 1720 1539 ξ

300 1574 336 1635 de
368 1572 549 1654 inpersonali
583 1590 691 1650 genere
724 1570 826 1642 verbi,
859 1572 939 1651 quod
966 1572 1077 1633 nullam
1104 1574 1227 1634 omnino
1252 1590 1412 1652 personam
1445 1572 1582 1649 designat,

298 1676 371 1737 illud
395 1678 471 1736 scire
495 1673 652 1744 debemus,
676 1672 755 1753 quod
778 1691 836 1733 non
859 1673 947 1733 aliter
968 1691 1023 1754 per
1046 1675 1204 1735 varietates
1225 1691 1423 1754 personarum
1444 1673 1584 1734 declinari

298 1785 410 1858 potest,
434 1779 493 1838 nisi
516 1776 640 1838 adiectis
661 1777 871 1855 pronominum
894 1776 1013 1836 casibus
1035 1779 1237 1856 numerisque.
1270 1778 1321 1857 qui
1343 1793 1416 1854 ergo
1438 1779 1584 1855 pronomi-

297 1900 367 1941 num
395 1897 480 1940 casus
507 1881 559 1940 uni
587 1881 694 1958 cuique
723 1877 815 1938 verbo
843 1886 1070 1957 repraesentent
1097 1881 1228 1958 speciem
1253 1897 1468 1958 personarum,
1501 1897 1584 1958 quam
1718 1946 1720 1965 ἱ

296 1981 472 2043 brevissime
495 1987 598 2059 potero
621 1978 787 2041 declarabo.
832 1997 867 2039 ca
895 1998 971 2058 quae
994 1981 1025 2041 in
1047 1981 1072 2040 it
1094 1989 1204 2041 exeunt
1225 1980 1322 2042 dativo
1344 1999 1416 2042 casu
1438 1980 1582 2041 discrimi·
1595 1995 1615 2034 n
1718 1970 1720 1987 ²

296 2090 420 2152 nentur,
450 2090 483 2142 ut
510 2083 656 2160 contingit
684 2082 757 2143 mihi
787 2080 841 2141 tibi
870 2081 925 2141 illi.
970 2100 1140 2172 quaerero
1167 2083 1199 2142 in
1221 2090 1250 2142 at
1272 2089 1396 2152 exeunt,
1420 2085 1585 2143 accusativo

296 2202 366 2246 casu
389 2185 651 2254 discriminantur,
675 2191 707 2244 ut
728 2185 810 2244 iuvat
831 2201 878 2243 mo
901 2190 931 2244 tc
953 2183 1037 2244 illum
1059 2202 1114 2244 nos
1135 2203 1187 2244 vos
1208 2183 1284 2244 illos.
1313 2184 1468 2245 interdum
1490 2192 1584 2244 tamen

294 2287 481 2365 interpositis
503 2285 548 2346 vel
570 2284 756 2356 nominibus,
785 2292 819 2346 ut
840 2287 866 2345 si
890 2284 972 2345 dicas
994 2290 1070 2346 ‘stat
1091 2288 1266 2356 sententia',
1297 2286 1343 2346 vel
1364 2285 1466 2347 verbis
1488 2287 1584 2346 infini-

267 2403 271 2408 ·
295 2391 348 2457 tis,
372 2395 406 2448 ut
428 2389 452 2448 si
476 2387 558 2448 dicas
580 2386 671 2448 ‘stat
692 2405 801 2446 casus
823 2404 1010 2446 renovare
1033 2389 1185 2458 omnes',
1208 2406 1356 2467 personae
1378 2406 1433 2466 per
1455 2388 1582 2448 dativum

293 2490 551 2560 discriminantur,
575 2497 608 2550 ut
631 2496 688 2550 stat
709 2491 857 2550 sententia
880 2488 953 2549 mihi
976 2487 1033 2549 tibi
1055 2489 1098 2550 illi
1113 2488 1201 2550 nobis
1215 2488 1299 2550 vobis
1320 2489 1396 2559 illis,
1421 2496 1480 2550 stat
1501 2504 1617 2550 casuseo

292 2609 435 2653 renovare
458 2589 531 2652 mihi
555 2591 609 2651 tibi
632 2591 676 2651 illi
698 2589 786 2651 nohis
808 2588 894 2650 vohis
915 2590 985 2651 illis.
1016 2594 1146 2670 quaein
1169 2597 1200 2651 et
1219 2600 1344 2662 exeunt,
1368 2592 1517 2672 quaedam
1537 2610 1583 2652 ac·
1718 2585 1720 2588 ’

292 2696 424 2754 cusativo
451 2711 521 2754 casu
548 2692 806 2761 discriminantur,
836 2698 869 2752 ut
897 2691 983 2774 decet
1004 2711 1051 2753 me
1077 2701 1106 2753 te
1135 2693 1218 2753 illum
1241 2711 1295 2752 nos
1316 2711 1368 2753 vos
1389 2693 1471 2763 illos,
1495 2713 1583 2774 quae-

292 2795 358 2857 dam
381 2795 493 2865 dativo,
524 2802 557 2855 ut
584 2793 660 2856 libet
687 2792 761 2856 mihi
789 2792 845 2855 tihi
869 2794 912 2855 illi
935 2792 1024 2855 nobis
1046 2794 1132 2856 vobis
1153 2795 1223 2857 illis.
1268 2814 1304 2856 ea
1326 2803 1425 2858 autern
1447 2800 1583 2876 inperso

289 2897 369 2958 nalia
391 2916 466 2977 quae
489 2900 521 2957 in
543 2906 592 2957 tur
620 2904 731 2958 exeunt
752 2896 1041 2957 discriminationem
1069 2916 1265 2977 personarum
1287 2898 1391 2959 multis
1412 2900 1513 2959 modis
1534 2918 1583 2959 ex·

288 3002 455 3080 periuntur.
501 3017 568 3059 nam
595 3018 674 3060 nunc
702 2998 862 3059 ablativum
890 2998 1028 3069 trahunt,
1051 3005 1084 3059 ut
1111 3002 1227 3077 geritur
1249 3020 1266 3061 a
1287 3020 1334 3061 mc
1357 3020 1374 3060 a
1396 3007 1426 3060 tc
1449 2999 1490 3060 ab
1512 3000 1618 3069 illone

288 3120 366 3161 nunc
383 3102 581 3162 accusativum
603 3119 671 3161 curn
692 3102 930 3181 praepositione,
953 3108 987 3161 ut
1008 3104 1125 3179 geritur
1146 3120 1201 3180 per
1223 3120 1269 3162 me
1291 3121 1347 3182 per
1370 3110 1399 3162 tc
1420 3121 1477 3181 per
1500 3102 1584 3161 illurn

285 3220 341 3281 per
364 3221 418 3263 nos
440 3220 495 3281 pcr
513 3220 565 3261 vos
586 3220 640 3281 per
663 3202 745 3271 illos,
775 3211 808 3263 ut
829 3202 991 3264 Terentius
1014 3203 1099 3282 ‘per
1120 3222 1226 3283 quem
1247 3222 1309 3264 res
1331 3210 1490 3282 geretur
1512 3223 1583 3263 ma·

287 3306 409 3373 xime’,
434 3310 464 3363 et
478 3300 607 3385 Plaultus
629 3306 725 3365 ‘itur
748 3305 789 3365 ad
812 3310 885 3374 te';
908 3323 987 3366 nunc
1003 3305 1149 3393 dativum,
1166 3313 1200 3365 ut
1221 3306 1331 3366 dicitur
1353 3305 1428 3366 mihi
1452 3304 1582 3366 tibiilli.

168 3418 227 3483 382,
243 3422 274 3471 10
372 3406 546 3482 Coniugatio
576 3412 621 3465 est
649 3406 784 3467 collectio
811 3407 972 3487 quaedam,
1001 3423 1090 3486 quam
1112 3406 1219 3467 Graeci
1242 3402 1397 3487 σύστημα
1419 3408 1583 3487 appellant,

285 3506 443 3568 verborum
466 3507 557 3568 simili
580 3507 777 3568 declinatione
800 3510 1004 3597 currentium.¹
1030 3510 1255 3587 coniugationes
1281 3516 1380 3569 autem
1409 3518 1482 3571 sunt
1510 3519 1618 3576 treso

284 3610 381 3689 prima
409 3610 537 3670 secunda
565 3611 669 3679 tertia,
698 3609 808 3690 quibus
830 3611 966 3671 ordinem
988 3613 1107 3671 numeri
1130 3610 1298 3671 litterarum
1320 3612 1352 3671 in
1375 3612 1489 3691 quibus
1512 3630 1582 3690 per-

283 3713 451 3790 spiciuntur
478 3712 552 3771 ordo
579 3710 744 3772 distribuit.
789 3712 896 3775 harum
923 3713 1042 3791 regulas
1069 3716 1095 3774 si
1125 3712 1285 3791 diligenter
1308 3712 1516 3783 attendamus,
1539 3713 1581 3773 lo·

282 3812 393 3892 quendi
416 3812 584 3873 emendatio
606 3812 814 3893 subsequetur.
846 3822 877 3875 et
898 3817 1027 3894 primum
1048 3814 1121 3875 illud
1144 3818 1221 3876 scire
1244 3833 1298 3876 uos
1320 3817 1476 3884 convenit,
1502 3816 1583 3895 quod

281 3913 411 3974 litteram
434 3932 510 3993 quae
533 3916 772 3993 coniugationcm
795 3916 926 3977 declarat
948 3917 1108 3977 indicativo
1131 3917 1219 3978 modo
1240 3920 1384 3996 temporis
1406 3919 1583 3995 praesentis

280 4018 399 4076 numeri
427 4016 588 4093 singularis
617 4019 647 4077 in
675 4035 802 4098 persona
830 4018 960 4079 secunda
988 4021 1147 4095 requirere
1175 4018 1333 4087 debemus,
1362 4018 1474 4079 deiude
1498 4006 1619 4097 quodu

280 4118 409 4177 activum
437 4126 467 4177 ct
494 4118 629 4179 neutrale
660 4118 782 4179 verbum
814 4120 928 4181 similes
956 4138 1074 4199 semper
1101 4121 1220 4199 regulas
1245 4124 1278 4181 in
1311 4118 1582 4199 coniugationibus

348 4288 361 4338 1
382 4288 441 4337 indo
460 4288 482 4337 is
499 4289 518 4338 it
538 4299 581 4340 aut
599 4304 691 4353 quesso
709 4305 737 4339 as
760 4298 785 4340 et
804 4288 851 4341 M:
870 4290 925 4339 inllt
943 4306 991 4343 om.
1010 4288 1067 4341 BL
1153 4293 1169 4342 b
1189 4290 1338 4340 casusne
1426 4292 1442 4341 7
1461 4291 1582 4340 secunde

278 4372 338 4407 ivero
357 4372 467 4422 persona
487 4374 573 4408 casum
594 4359 669 4409 trahit
686 4362 832 4409 uocatiuum
848 4358 904 4409 BL
958 4360 988 4411 ll
1005 4362 1037 4410 de
1056 4361 1227 4426 inpersonclis
1242 4376 1337 4427 genere
1354 4360 1429 4424 (add.
1448 4363 1477 4409 t'n
1494 4376 1580 4425 mar-g.

277 4430 375 4492 antem)
391 4430 415 4477 L
430 4432 461 4477 de
476 4429 654 4493 impersonalis
673 4438 757 4479 cutem
773 4444 867 4494 genere
886 4430 911 4479 B
1001 4432 1033 4481 15
1054 4442 1159 4497 potuero
1178 4430 1210 4479 M
1297 4431 1328 4482 16
1347 4432 1385 4480 illi
1403 4431 1495 4480 euenit
1515 4432 1582 4479 milvi

276 4498 369 4546 tibiilli
390 4499 428 4547 L:
445 4500 529 4547 euenit
548 4500 791 4564 tricennarium
843 4500 875 4551 17
895 4508 921 4547 ut
937 4499 1008 4549 iuuat
1021 4499 1179 4551 Sicdurdua:
1199 4510 1226 4550 ut
1241 4515 1286 4551 om.
1306 4501 1399 4550 BML
1460 4500 1497 4550 19
1514 4498 1579 4567 stat]

280 4568 360 4631 Verp.
378 4566 443 4622 Aen.
464 4570 486 4617 ll
508 4569 559 4619 750
612 4566 712 4633 omncs]
730 4583 809 4620 nouos
824 4569 965 4619 Slcbardus
1025 4573 1058 4620 22
1074 4566 1156 4635 decet]
1178 4570 1301 4620 tcedetB
1370 4572 1403 4621 27
1416 4585 1466 4636 per
1483 4568 1579 4635 quern]

279 4638 378 4689 Terent.
399 4637 498 4691 Plrorrn.
511 4640 577 4701 prol.
598 4638 633 4689 28
702 4640 800 4703 geritur
819 4639 852 4688 M
936 4640 970 4690 28
987 4640 1045 4704 itur]
1065 4644 1151 4691 Plane.
1170 4642 1262 4689 Pseud
1284 4642 1294 4689 l
1314 4642 1345 4698 5,
1363 4640 1397 4690 38
1414 4642 1450 4699 (n.
1470 4642 1530 4689 452
1544 4642 1582 4700 R)

325 4722 391 4755 nnnc
404 4723 449 4772 per
461 4709 573 4757 datiuum
586 4718 614 4758 ut
630 4708 723 4757 dicitur
735 4708 873 4761 Siclmrdnc
890 4724 956 4758 cnunc
970 4726 1016 4774 per
1030 4712 1145 4760 datiuum
1161 4710 1253 4759 dicitur
1263 4711 1346 4760 BML
1396 4710 1430 4760 ab
1447 4724 1582 4761 cvcrruuc

275 4774 331 4823 BL
349 4790 460 4826 cvcmun
475 4795 541 4829 corr.
561 4792 680 4829 evcnuna
706 4778 738 4827 M
759 4779 897 4846 συζυγίαν
914 4778 1053 4831 Siodarduc
1141 4780 1176 4831 30
1195 4780 1244 4829 bae
1267 4788 1351 4831 autem
1372 4781 1582 4845 coniugatione-s

273 4854 326 4893 tres
347 4858 404 4896 suut
426 4847 478 4895 BL
550 4848 584 4897 33
605 4849 753 4909 exsequitur
768 4864 837 4897 corr.
854 4849 1017 4914 subsequitur
1036 4853 1070 4900 M
