3525 5600
793 372 865 435 ARS
1413 370 1474 436 527

175 563 280 637 inquit
301 562 376 623 ‘Atii
395 569 493 624 tomen
516 570 546 624 et
567 561 683 624 idoneis
697 562 860 623 dumtaxat
874 562 1049 623 auctoribus
1069 567 1136 624 octo
1151 567 1260 638 portes
1281 563 1376 622 secuti
1394 570 1473 637 ssent,

176 669 213 724 ut
233 663 428 726 Aristarchus
450 667 488 724 de
509 659 552 745 (a
573 661 643 726 eod.
660 659 792 746 Regin.)
815 671 894 724 etate
914 673 1020 725 nostru
1041 665 1199 738 Palemon,
1224 665 1279 739 qui
1297 664 1476 725 uocabulum

174 769 246 827 siue
267 770 498 845 appellationem
521 769 634 826 nomini
652 767 841 828 subiecerunt
862 774 1014 843 tamquam
1035 770 1149 843 species
1169 769 1261 827 eius’.
1306 767 1352 827 Dc
1372 767 1476 828 eodem

175 869 329 930 Eusebius
356 871 394 929 de
420 869 601 945 temporibus
628 872 673 928 ott
700 868 860 930 ‘Palemon
887 871 1057 930 vicentinus
1084 871 1212 943 insiqnis
1236 869 1352 930 Romae
1371 885 1474 945 prorn-

174 975 310 1032 maticus
331 972 471 1045 babetur,
496 973 550 1046 qui
570 973 777 1045 interropotus
805 987 824 1031 a
857 973 994 1048 consule,
1021 972 1097 1047 quid
1122 973 1204 1032 inter
1223 978 1340 1046 puttam
1362 977 1392 1031 et
1411 973 1474 1032 stit-

172 1074 241 1132 tum
263 1076 433 1152 interesset,
460 1079 562 1148 qtttta,
594 1073 651 1150 ait,
679 1079 753 1146 stat,
783 1075 866 1133 stillo
887 1074 982 1146 cadit.
1027 1073 1141 1134 dicitnr
1161 1073 1212 1133 bic
1233 1074 1271 1134 ab
1292 1074 1475 1151 Hieronymo
1526 1109 1532 1118 ·

174 1175 353 1235 Herennius
376 1170 566 1255 (haberemus
588 1191 669 1234 corr.
692 1175 829 1236 beremus
856 1170 929 1236 cod.
952 1167 1086 1255 Regin.)
1108 1175 1261 1238 Palemon.
1305 1175 1475 1236 Polemonis

171 1280 376 1351 prammatici
400 1279 591 1338 uetustissimi
617 1277 655 1337 de
677 1277 820 1353 partibus
848 1278 995 1337 orationis
1020 1276 1107 1337 tiber.
1155 1276 1262 1337 Omnia
1288 1278 1411 1337 uomina
1432 1310 1474 1320 -

166 1380 352 1455 plenissimo
382 1380 475 1440 dicta.
521 1377 624 1451 τελως
651 1377 857 1459 παλεμωνης.
889 1411 926 1422 -
956 1378 1054 1454 Asper
1077 1383 1297 1455 prammaticus
1316 1381 1393 1440 ciuis
1413 1379 1473 1439 Ito-

172 1498 289 1543 manus
310 1489 442 1558 tempore
464 1480 610 1542 Antonini
631 1481 807 1558 pbilosopbi
829 1480 894 1554 suit
920 1483 1087 1556 imperante
1114 1480 1261 1556 Auqusto,
1286 1481 1324 1540 de
1344 1496 1404 1556 quo
1422 1482 1473 1540 Iu·

172 1586 238 1645 iius
274 1584 462 1660 Capitolinus
495 1577 565 1662 (vit.
590 1579 711 1644 Antan.
736 1577 815 1664 phil.
838 1600 867 1642 c.
890 1579 926 1665 2)
948 1583 1007 1644 boc
1028 1585 1088 1657 ait,
1124 1582 1211 1644 ‘usus
1238 1590 1283 1642 est
1308 1589 1474 1658 praeterea

172 1687 377 1762 quottidionis
398 1687 605 1760 qrammaticis
626 1686 729 1745 latinis
748 1683 851 1744 Trosio
866 1686 967 1760 Aspre
987 1691 1017 1745 et
1037 1685 1151 1746 Potono
1172 1691 1201 1744 et
1216 1684 1385 1746 Eutbocbio
1399 1688 1472 1745 Pro-

171 1791 278 1848 culo'.
320 1785 385 1860 suit
407 1795 436 1846 et
457 1789 536 1847 atter
557 1789 668 1863 Asper,
694 1789 746 1861 qui
765 1789 864 1846 minor
891 1790 1063 1876 appellatus
1084 1793 1143 1861 est,
1162 1789 1346 1862 paulopost
1366 1787 1472 1849 Hiero·

171 1907 308 1968 nqmum.
352 1905 419 1950 cum
446 1890 545 1950 Paulo
572 1889 699 1950 diacono
726 1897 755 1948 et
779 1892 980 1964 prommutico
1007 1891 1038 1949 in
1065 1905 1125 1950 uno
1151 1889 1257 1950 codice
1278 1891 1474 1950 uetustissimo

170 1995 293 2052 inueni.
336 1987 371 2052 in
399 1986 546 2071 margine
573 1985 638 2050 alia
665 2008 763 2050 manu
789 1985 959 2073 adscripta
985 1996 1062 2052 sunt
1082 1985 1179 2066 haec,
1202 1991 1301 2067 Asper
1322 1991 1473 2052 Antonino

171 2095 232 2154 Pio
261 2097 333 2170 imp.
356 2093 471 2154 Romae
495 2095 602 2168 floruit
607 2127 618 2167 ,-
648 2109 732 2168 quem
755 2096 798 2152 ito
820 2095 945 2167 erudiit,
975 2100 1009 2154 ut
1024 2097 1129 2153 'statuo
1151 2092 1189 2152 ab
1210 2109 1245 2153 eo
1267 2094 1397 2154 donatus
1417 2099 1470 2168 est,

168 2199 358 2272 scripsitque
382 2195 477 2254 matta
503 2196 651 2255 librorum
674 2175 828 2256 uolumina
855 2199 887 2256 in
907 2196 1124 2270 prcmmctica,
1149 2211 1227 2271 quae
1248 2197 1375 2270 iqnauia
1396 2197 1472 2255 mut·

168 2305 277 2360 torum
303 2298 470 2358 secutorum
499 2297 619 2357 deleuit.
663 2313 752 2372 eques
775 2296 840 2369 suit
872 2297 1035 2358 Romanus.
1081 2296 1140 2356 Ars
1166 2306 1210 2357 est
1239 2296 1374 2357 -bubo
1400 2315 1472 2358 uua.

168 2395 247 2462 cod.
278 2395 394 2478 Regin.
425 2393 506 2458 1818
534 2399 689 2459 quenalis
716 2402 777 2459 cte.
808 2393 866 2480 (of.
894 2393 968 2460 eod.
990 2393 1098 2459 Vatic.
1129 2393 1225 2480 1492)
1254 2434 1295 2443 -
1317 2399 1469 2460 Polemon.

170 2502 286 2562 Omnia
309 2504 431 2564 nomina
452 2533 495 2544 —
517 2501 610 2562 dicta.
636 2533 677 2546 -
700 2503 794 2577 Aspri
813 2503 940 2562 maioris
959 2502 1163 2577 prammoticu
1177 2517 1260 2562 more
1273 2504 1472 2563 uetustissimo

167 2607 294 2680 incipit.
326 2607 385 2663 Ars
407 2610 449 2663 est
471 2635 512 2646 -
533 2603 609 2662 bubo
629 2619 701 2663 uua.
749 2597 820 2663 sola
841 2599 943 2687 Aspri
964 2619 1019 2664 ars
1039 2606 1209 2686 praeterea
1230 2606 1281 2662 est
1302 2598 1337 2662 in
1357 2599 1471 2665 codice

169 2701 334 2770 Gothano
359 2701 418 2764 117
441 2701 519 2764 item
542 2699 713 2766 chartaceo
736 2709 879 2766 exeunte
906 2701 1020 2787 quinto
1049 2699 1174 2766 decimo
1197 2699 1326 2766 saeculo
1349 2703 1470 2787 scripto
1544 2759 1548 2766 .

167 2814 254 2893 post
276 2804 406 2870 Phocoe
429 2802 469 2867 de
491 2802 622 2895 nomine
644 2813 678 2868 et
699 2804 801 2870 verbo
824 2802 944 2867 librum
966 2803 991 2867 f.
1006 2803 1058 2885 44,
1081 2810 1190 2884 incipit
1202 2824 1255 2868 urs
1269 2810 1356 2884 aspri
1366 2825 1469 2884 pram-

167 2914 292 2972 matici.
331 2911 390 2971 Ars
411 2917 454 2970 est
475 2942 518 2955 -
539 2910 615 2970 babo
637 2926 708 2970 uua.
747 2915 927 2991 sequuntur
949 2904 1067 2971 deinde
1089 2910 1372 2984 decimacionem,
1396 2912 1469 2972 Ver·

165 3016 243 3074 bum
268 3012 388 3086 finitum
415 3014 546 3073 uotiuum
573 3014 732 3086 sinputore
757 3018 787 3071 et
809 3014 933 3087 plurale
959 3014 1101 3088 temporis
1123 3015 1295 3088 praesentis
1322 3020 1399 3074 meto
1426 3046 1469 3058 —

165 3116 352 3177 metendum
366 3121 423 3189 est,
453 3108 591 3173 Maximi
613 3107 776 3174 Victorini
804 3108 846 3173 de
873 3117 944 3174 arte
971 3109 1185 3193 grammatica
1206 3118 1240 3174 et
1262 3108 1304 3174 de
1326 3111 1469 3175 carmine

131 3284 134 3289 ,
166 3213 308 3279 heroice
341 3221 509 3297 excerpta,
542 3210 692 3276 Metrorii
722 3210 777 3298 qui
808 3209 927 3275 dicitur
956 3210 1040 3276 liber
1073 3210 1114 3275 de
1145 3210 1300 3278 finalibus
1308 3211 1351 3296 *).
1394 3222 1470 3300 post

261 3416 289 3484 ⁸¹)
311 3419 427 3470 Praeter
444 3417 531 3469 libros
548 3432 631 3483 supra
649 3416 784 3468 indicatos
802 3417 831 3467 in
849 3416 947 3468 codice
964 3417 1150 3483 Neapolitano
1168 3418 1355 3471 bibliothecae
1372 3421 1468 3485 regiae

165 3508 208 3557 lv
230 3506 255 3555 A
275 3505 309 3555 34
331 3504 473 3555 undecimo
495 3504 541 3555 vel
564 3501 723 3553 duodecimo
747 3500 860 3553 saeculo
883 3503 1001 3568 scripto,
1025 3503 1104 3555 cuius
1125 3505 1292 3556 mentionem
1310 3506 1367 3556 ieci
1384 3521 1469 3571 supra

166 3610 193 3659 p.
216 3592 286 3653 330,
306 3592 334 3639 at
350 3588 423 3639 hunc
441 3588 523 3653 Aspri
543 3586 642 3637 librum
666 3592 695 3638 et
716 3586 800 3638 aliam
824 3586 1001 3639 Palaemonis
1018 3593 1106 3639 artem
1125 3590 1160 3639 ab
1179 3605 1213 3640 ea
1232 3606 1313 3654 quam
1332 3589 1468 3641 edidimus

167 3677 316 3727 diversam
336 3678 429 3725 extare
448 3672 546 3724 scribit
563 3671 697 3723 Ianellius
716 3672 802 3725 catal.
820 3671 948 3723 biblioth.
968 3689 1036 3724 mus.
1055 3673 1174 3725 Boubon.
1192 3691 1218 3740 p.
1237 3676 1270 3725 28
1289 3676 1351 3725 ‘Ars
1369 3675 1468 3726 Palae-

166 3762 273 3813 monis.
309 3758 432 3809 Titulus:
458 3758 490 3807 ln
511 3760 608 3809 nomine
626 3756 737 3808 Sanctae
759 3758 907 3809 ltinitotis:
929 3760 1025 3824 Incipit
1043 3759 1098 3809 Ars
1114 3760 1283 3814 Palaemonis.
1319 3761 1415 3825 anue
1435 3763 1467 3812 lb

165 3847 299 3915 paginae
317 3843 480 3909 implentur,
500 3844 573 3893 inter
589 3857 660 3907 quas
678 3847 784 3903 tamen,
804 3858 857 3909 qua
876 3858 980 3894 caussa
998 3844 1103 3908 nescio,
1121 3858 1176 3893 una
1194 3844 1294 3895 relicta
1311 3850 1351 3895 est
1368 3859 1467 3896 vacua.

166 3934 270 3984 Prima
289 3930 379 3981 libelli
390 3927 477 3980 verba
490 3928 573 3978 haec:
592 3928 737 3993 Appressus
756 3931 854 3995 quidem
872 3934 947 3980 tuctu
963 3930 1125 3980 traditionem
1141 3931 1318 3994 maqistrorum
1335 3931 1367 3980 de
1384 3932 1467 3981 mulda

163 4032 260 4085 pauca
279 4030 485 4067 commemorare:
503 4030 559 4063 nnrn
576 4015 640 4063 sicut
658 4014 815 4065 abscondere
831 4015 936 4079 aliquod
951 4013 1039 4064 bouum
1055 4016 1223 4079 pedariorum
1240 4030 1296 4065 ease
1314 4030 1364 4065 non
1381 4015 1466 4066 dubito

168 4108 229 4156 etc.
254 4100 298 4153 Ad
316 4101 421 4151 calcem
438 4098 522 4149 haec:
541 4099 610 4149 linit
628 4099 683 4149 Ars
700 4100 868 4149 Palaemonis.
894 4100 972 4162 Quae
990 4098 1116 4165 prolecto
1134 4098 1191 4149 alia
1209 4104 1252 4150 est
1270 4098 1304 4148 ab
1322 4114 1366 4162 ea,
1386 4114 1467 4164 quam

166 4189 280 4256 primus
304 4184 391 4236 edidit
413 4184 542 4235 Iovianus
565 4184 706 4235 Pantanus
728 4186 831 4247 noster,
854 4164 1013 4234 tum'Adam
1034 4182 1134 4234 Petrus
1151 4171 1284 4235 Basileae
1303 4184 1376 4234 1527.
1413 4185 1467 4247 Qui

166 4289 241 4326 vero
259 4272 401 4337 Epitomes
419 4274 531 4321 nostrae
551 4273 647 4320 auctor
664 4269 709 4332 sit,
729 4268 795 4319 mihi
807 4268 941 4319 hactenus
959 4270 1156 4333 inconpertum.
1181 4266 1355 4319 Christianus
1374 4273 1466 4321 tamen

167 4359 227 4409 fuit
250 4356 396 4422 religione.
432 4354 508 4421 Opus
532 4356 603 4405 enim
631 4353 792 4419 adgreditur
814 4354 957 4403 ambiente
978 4353 1094 4411 Gbrsstos
1121 4357 1150 4403 et
1171 4352 1207 4404 ad
1229 4369 1304 4405 oram
1326 4354 1391 4405 libri
1412 4369 1465 4406 vox

167 4444 335 4494 Cleristianus
353 4438 516 4506 adscripta’;
536 4440 604 4495 ibid
622 4456 648 4506 p.
661 4442 693 4490 29
711 4440 774 4489 ‘Ars
785 4438 1084 4503 Asperigrammatiei.
1106 4438 1203 4489 Habes
1215 4438 1289 4504 apud
1305 4438 1465 4491 Putschium

166 4546 195 4595 p.
218 4528 288 4577 1716
307 4521 424 4591 (laeti).
458 4526 490 4575 Iu
509 4524 609 4575 Codice
628 4526 735 4590 Aspri’.
772 4524 820 4575 sed
838 4525 867 4574 in
884 4522 936 4574 hec
954 4523 1050 4575 codiee
1068 4538 1149 4590 quam
1166 4523 1245 4575 fidem
1263 4524 1367 4576 habeat
1383 4526 1466 4591 Aspri

166 4627 283 4678 nomep,
301 4610 347 4661 vel
364 4624 427 4660 num
447 4610 518 4660 idem
535 4610 606 4660 liber
623 4612 668 4673 sit,
688 4626 768 4675 quem
786 4608 933 4660 Putschius
951 4608 1048 4673 edidit,
1066 4609 1134 4660 mihi
1150 4624 1204 4660 nen
1223 4615 1341 4660 constat.
1364 4609 1464 4661 Palae·

168 4696 249 4749 moni
267 4699 361 4746 autem
380 4693 504 4745 inlibris
527 4710 609 4744 manu
632 4695 743 4761 scriptis
766 4693 896 4744 tribuitur
918 4708 963 4744 ars
982 4710 1015 4744 ex
1033 4700 1093 4746 arte
1109 4694 1224 4746 Maximi
1240 4695 1377 4746 Victorini
1394 4711 1464 4760 quae

166 4781 257 4848 vulgo
276 4780 364 4831 fertur
383 4780 530 4845 e‘xcerpta,
549 4780 578 4830 in
597 4778 689 4831 codice
707 4778 834 4829 Parisino
853 4780 920 4831 7659
937 4793 1012 4831 saec.
1029 4780 1068 4844 X,
1092 4781 1112 4835 f.
1130 4782 1163 4831 62
1185 4781 1275 4846 incipit
1292 4796 1337 4830 ars
1351 4783 1465 4847 potamo-
1532 4773 1534 4777 ’

167 4871 211 4920 nis
231 4868 265 4919 de
283 4868 388 4917 metrico
404 4866 560 4917 institutione
578 4866 610 4917 de
629 4873 759 4917 eamnetro
776 4880 853 4916 uersu
869 4880 915 4915 seu
931 4865 1042 4926 heroico,
1060 4870 1089 4917 at
1104 4866 1135 4916 in
1152 4864 1247 4917 codice
1258 4864 1465 4919 vindobonensi
