3525 5600
301 372 361 438 158
864 375 1020 438 POMPEI!

324 483 482 538 pilii-dil„

299 572 440 625 extraneo
462 564 581 642 generi,
605 563 656 623 sed
677 571 791 624 mutum
809 563 897 623 modo
914 573 1031 634 nostro,
1056 571 1089 625 ιιι
1110 566 1135 624 si
1158 563 1237 625 dicas
1259 565 1370 644 ‘equus
1392 563 1601 648 velocissimus

299 673 342 725 est
365 669 542 745 eaprrorunr';
566 683 624 725 non
641 684 763 744 possum
779 663 879 726 dicere
902 665 1013 744 ‘etvetus
1036 664 1235 728 velocissimus
1250 667 1384 728 eanrrm'.
1415 683 1472 744 per
1491 683 1600 743 super-

298 764 417 827 lativum
440 774 552 827 tantum
576 767 664 826 modo
687 773 790 828 nostro
813 768 917 845 generi
940 767 1145 846 praeferimur.

178 881 285 937 tome
383 869 423 930 lie
446 888 569 930 rrvrmoro
593 870 759 946 quaesitum
784 877 835 930 est.
882 871 1089 950 conparativus
1117 869 1225 948 gradus
1253 871 1300 931 cui
1329 887 1453 931 numero
1486 868 1599 928 servit?

178 949 238 1064 ἐξὲξ
251 951 284 1065 ἐξ
298 972 504 1050 conparatione
530 972 663 1048 iungitur
691 989 816 1032 nunrcro
843 970 986 1048 singulari
1015 979 1044 1033 et
1076 971 1199 1052 plurali,
1235 971 1350 1036 doctior.
1380 971 1447 1042 illo,
1478 970 1625 1030 doctiora

231 1054 238 1077 ‘
296 1071 369 1140 iliis;
393 1076 502 1153 ‘equus
526 1073 655 1134 velocior
677 1083 722 1134 est
744 1072 896 1135 canibus'.
938 1072 1135 1153 superlativus
1158 1091 1228 1135 vero
1251 1072 1356 1152 plurali
1381 1091 1511 1134 numero
1537 1080 1600 1131 tan·

297 1180 357 1234 tum
385 1177 491 1244 servit,
520 1183 552 1235 ut
579 1183 649 1254 puta
679 1181 794 1255 ‘equus
822 1175 1024 1236 velocissimus
1053 1179 1231 1254 equorum’;
1260 1193 1319 1236 nim
1348 1193 1468 1254 possum
1495 1173 1600 1233 dicere

297 1279 409 1356 ‘eqnns
438 1276 638 1339 velocissimus
665 1280 760 1357 equi'.
807 1289 836 1338 et
862 1295 895 1337 re
919 1295 986 1337 vera
1015 1279 1044 1338 in
1068 1295 1101 1338 re
1124 1296 1198 1357 qrrae
1220 1275 1369 1338 individua
1393 1286 1437 1338 est
1458 1282 1601 1337 servatur

291 1376 372 1460 ,llaec
394 1378 510 1456 regula;
534 1381 559 1441 si
583 1398 630 1439 res
651 1378 701 1440 illa
724 1378 872 1439 individua
896 1388 940 1438 est
962 1379 1151 1450 naturaliter,
1175 1396 1283 1439 servas.
1330 1378 1482 1438 hominem
1509 1397 1599 1439 nnm-

298 1481 367 1556 qnid
401 1488 485 1560 protes
518 1480 669 1541 dividere?
702 1500 718 1540 e
751 1483 899 1542 constrario
933 1481 1050 1560 plebem
1084 1481 1202 1549 dividis;
1236 1499 1357 1560 possum
1392 1498 1462 1558 ergo
1495 1479 1636 1541 dicerem

298 1581 505 1643 ‘stultissimus
534 1591 578 1642 est
604 1558 726 1662 plebis'.
772 1582 858 1662 plebs
887 1581 956 1642 licet
978 1585 1016 1644 sii
1038 1584 1155 1644 numeri
1179 1581 1350 1660 singulariS,
1376 1589 1473 1661 potest
1497 1590 1600 1642 tamen

298 1704 361 1744 esse
384 1685 500 1746 dividua
529 1693 559 1746 et
587 1693 685 1765 potest
706 1685 841 1764 recipere
863 1683 1007 1764 pluralem
1032 1703 1198 1745 nanterum.
1244 1684 1387 1745 lrarbemus
1409 1685 1439 1744 in
1462 1683 1600 1761 Vergilio

298 1787 527 1847 ‘fortissime
555 1787 676 1865 gentis
705 1786 874 1866 Tydide'.
922 1787 1099 1849 fortissimus
1127 1785 1323 1866 superlativus
1351 1793 1408 1856 est,
1446 1803 1524 1862 gens
1555 1795 1602 1845 est.

298 1891 414 1949 numeri
443 1887 615 1966 singularis,
643 1887 696 1948 sed
726 1896 824 1948 tamen
848 1896 892 1949 est
914 1887 1065 1950 intellectu
1090 1887 1219 1969 pluralis.
1264 1887 1460 1967 superlativus
1483 1887 1600 1965 gradus

297 1989 386 2050 debet
406 1990 525 2070 quidem
548 1992 629 2068 iungi
652 1998 765 2052 tantum
782 1989 787 2073 Ι
805 2006 929 2052 numero
951 1989 1073 2070 plurali,
1101 1989 1153 2050 sed
1177 1992 1308 2070 exceptis
1330 1990 1386 2051 iilis
1409 1989 1597 2056 nominihus,
1614 2011 1635 2048 ιι

296 2111 373 2171 (rarae
395 2100 465 2152 siant
487 2093 689 2154 enuntiatione
711 2091 887 2170 singularia,
904 2092 1056 2153 intellectu
1079 2091 1212 2172 pluralia.
1244 2093 1269 2152 si
1292 2095 1370 2153 enim
1393 2092 1448 2152 isia
1471 2091 1598 2151 nomina

298 2195 408 2254 tuerint
436 2193 553 2275 [etiam]
584 2195 785 2255 enuntiatione
812 2193 986 2272 singularia,
1010 2193 1162 2255 intellectu
1184 2192 1323 2274 pluralia,
1347 2195 1479 2272 iungitur
1505 2195 1598 2253 etiam

297 2297 432 2372 genetivo
455 2296 612 2374 singulari,
637 2303 669 2356 ut
690 2297 769 2376 apud
791 2298 889 2375 ipsum
913 2294 1075 2373 Vergilium
1099 2298 1265 2357 invenimus
1288 2293 1344 2357 allo
1367 2294 1432 2356 loeo
1462 2295 1599 2356 ‘ditis-

298 2398 413 2458 simus
441 2400 549 2477 agri’.
595 2417 665 2476 ager
694 2400 799 2477 recipit
826 2399 1010 2459 divisionem.
1056 2417 1123 2459 nam
1157 2398 1282 2458 dicimus
1315 2415 1386 2476 ager
1414 2397 1596 2476 Carnpamrs,

279 2498 348 2559 ⁴sed
371 2502 473 2579 utique
494 2503 525 2560 in
548 2500 708 2581 Campania
730 2520 790 2562 non
813 2519 889 2561 unrrs
912 2519 982 2578 ager
1004 2507 1063 2568 ost,
1088 2499 1140 2559 scd
1164 2500 1263 2568 multi;
1287 2497 1436 2568 similiter,
1460 2500 1486 2560 si
1511 2499 1633 2558 dicaseo

296 2619 367 2678 ager
383 2602 513 2673 Siculus,
538 2621 608 2680 ager
624 2602 760 2665 Gallicus.
789 2605 856 2663 ideo
877 2603 1041 2663 ditissimus
1063 2603 1126 2680 agri
1150 2603 1284 2663 dicimus.
1324 2599 1460 2662 similiter
1484 2599 1597 2660 Roma·

297 2722 367 2763 num
401 2723 507 2782 genus:
542 2704 600 2766 hoo
631 2705 797 2766 Romanum
830 2723 923 2784 genus
957 2705 1072 2764 numeri
1107 2713 1150 2764 est
1182 2703 1299 2784 quidem
1327 2703 1505 2782 singularia,
1542 2702 1596 2762 sed

296 2814 396 2866 tamen
418 2805 571 2868 intellectu
593 2807 716 2886 plurale.
753 2808 821 2868 ideo
843 2808 874 2868 in
898 2808 1029 2868 historiis
1051 2808 1217 2868 invenimus
1241 2807 1413 2867 ‘llomani
1436 2808 1597 2885 generis

297 2908 601 2979 disertissimus’,
630 2910 841 2971 disertissimus
870 2909 956 2969 liuius
978 2910 1103 2970 Romani
1132 2911 1259 2987 generis.
1306 2927 1377 2987 ergo
1404 2928 1436 2969 ea
1460 2910 1594 2975 nomina,

296 3028 371 3091 quae
394 3012 595 3072 enuntiatione
618 3021 686 3071 sunt
707 3012 880 3090 singularia,
905 3010 1055 3071 intellectu
1070 3009 1209 3089 pluralia,
1232 3017 1357 3089 possunt
1372 3008 1407 3070 ad
1423 3028 1455 3069 se
1471 3009 1595 3069 trahere
1609 3030 1632 3069 aa

296 3113 384 3173 etiarn
406 3123 564 3174 numerum
587 3112 740 3193 pluralem.

380 3214 445 3285 Quo
472 3215 559 3275 modo
595 3218 814 3295 conparativum
844 3214 972 3275 diximus
1001 3216 1071 3294 poni
1098 3233 1153 3293 pro
1180 3216 1322 3293 positivo,
1351 3216 1393 3273 sic
1422 3214 1593 3274 invenimus

297 3318 430 3387 nomina,
459 3324 492 3377 ut
518 3319 582 3397 ipse
610 3318 805 3398 superlativus
826 3320 968 3397 positivus
992 3318 1042 3385 sit,
1073 3326 1104 3377 ut
1126 3319 1155 3378 in
1179 3316 1229 3376 tali
1252 3315 1432 3384 elocutione,
1458 3316 1595 3395 luppiter

275 3422 428 3499 ⁴optimus
455 3421 608 3481 rrraximus.
652 3422 783 3499 optimus
810 3428 840 3479 et
868 3422 1013 3480 maximus
1040 3417 1211 3499 superlativi
1233 3404 1316 3488 suni}
1347 3417 1399 3478 sed
1422 3426 1520 3499 tamen
1546 3420 1596 3477 isti

296 3520 466 3601 superlativi
495 3539 554 3582 non
582 3522 678 3583 solum
710 3521 880 3601 superlativi
912 3540 970 3582 non
1005 3528 1088 3591 sunt,
1123 3521 1174 3581 sed
1204 3540 1259 3581 nec
1286 3521 1483 3601 comparativi,
1509 3516 1513 3600 1
1537 3519 1631 3579 sedan

296 3632 411 3684 tantum
434 3622 522 3683 modo
545 3624 669 3703 positivi.
715 3643 773 3704 qua
794 3625 929 3685 rational
952 3625 1034 3703 quia,
1058 3625 1084 3683 si
1107 3632 1185 3682 esset
1208 3624 1340 3704 luppiter
1363 3640 1440 3683 unus
1463 3631 1492 3681 et
1515 3619 1593 3681 alter

296 3734 409 3786 tantum
434 3752 451 3783 a
485 3728 556 3787 item
584 3726 659 3786 bene
689 3724 870 3795 diceremus„
901 3729 926 3787 si
955 3734 1055 3787 essent
1083 3735 1143 3785 tres
1166 3724 1257 3785 loves.
1303 3744 1368 3785 cum
1392 3732 1490 3785 autern
1513 3742 1593 3785 unus

296 3828 350 3899 sit,
374 3846 431 3907 qua
454 3829 665 3908 conparatione
688 3830 902 3907 praeferimus?
931 3846 1002 3905 orgo
1024 3828 1148 3887 dicimus
1170 3826 1236 3887 illos
1258 3826 1366 3905 gradus
1388 3844 1442 3906 pro
1467 3826 1592 3905 positivo

296 3948 373 3991 esse.
406 3930 488 3991 vides
512 3949 583 4009 ergo
606 3924 746 4011 quoniam
769 3930 864 3990 malac
887 3938 956 3990 suari
977 3928 1046 3989 illae
1069 3928 1251 3989 elocutiones
1275 3936 1304 3989 et
1326 3938 1427 3989 curtae
1450 3936 1480 3988 et
1502 3928 1590 3987 semi-

296 4032 417 4113 plenae,
448 4050 520 4111 quas
547 4042 662 4113 ponunt
688 4032 856 4093 scholastici
883 4030 1128 4101 indictionibus,
1157 4030 1209 4091 sed
1232 4033 1290 4091 iam
1313 4048 1366 4109 per
1390 4030 1537 4090 licentiam
1562 4036 1629 4090 etas

364 4242 381 4290 4
400 4239 436 4289 De
452 4246 557 4289 numero
577 4256 624 4291 om.
638 4238 667 4298 0,
683 4239 748 4289 tituli
763 4239 817 4287 loeo
835 4236 991 4299 adscriptam
1008 4243 1047 4286 eat
1064 4237 1089 4285 ia
1108 4236 1133 4285 B
1204 4234 1237 4285 10
1256 4233 1356 4300 plebem
1376 4234 1476 4285 diuides
1494 4233 1519 4283 A
1721 4168 1722 4241 l

296 4308 554 4361 latoravssimaec:
574 4308 734 4373 Verp.Aea.
754 4307 818 4357 196
865 4322 947 4372 genus
965 4305 1177 4372 eorr.gentisA
1231 4304 1310 4370 tgtide
1328 4305 1413 4355 ABG
1484 4306 1516 4355 17
1533 4306 1589 4355 iun-

294 4388 390 4445 guntur
408 4381 484 4429 etiam
503 4378 585 4429 ABG
655 4378 688 4429 18
705 4380 825 4443 genetiuo
845 4377 969 4443 singulari
987 4385 1011 4425 et
1029 4376 1148 4425 abiatiuis
1165 4376 1267 4425 casibus
1287 4384 1314 4423 nt
1332 4374 1400 4441 opud
1420 4376 1444 4424 A
1515 4374 1588 4424 ditis-

295 4448 387 4516 simus]
414 4451 494 4515 Verp.
514 4448 582 4500 Aea.
603 4445 682 4499 1343
767 4448 950 4500 20uuusom.
970 4448 1005 4510 A,
1025 4447 1086 4495 add.
1105 4444 1139 4495 a*
1209 4446 1240 4497 21
1261 4444 1317 4519 ideo
1337 4444 1487 4507 named
1555 4443 1589 4494 ‘26

297 4536 427 4569 numerum
443 4520 567 4585 pluralem
586 4519 773 4569 Lindemuanus
789 4532 921 4567 narmerum
935 4517 1091 4583 singularem
1106 4516 1192 4567 BGu:
1209 4519 1309 4567 literram
1326 4516 1433 4566 sedecim
1450 4516 1510 4577 sere
1526 4516 1588 4563 litte-

295 4606 381 4640 rarum
396 4590 472 4641 dubet
486 4590 512 4638 A
582 4588 617 4639 28
634 4596 661 4637 nt
678 4589 734 4653 ipse
751 4588 877 4653 positiuus
895 4588 1066 4652 superlativus
1086 4588 1119 4637 sit
1137 4586 1219 4636 ABG
1269 4584 1300 4637 31
1321 4586 1424 4635 uberius
1441 4586 1589 4649 exposuisse

294 4663 393 4710 videtur
405 4664 590 4725 pr‘amrrmtieua,
603 4659 703 4725 quando
719 4660 903 4722 comparatione
916 4657 1006 4707 melior
1026 4666 1050 4709 et
1068 4658 1158 4719 uanior,
1176 4658 1276 4722 pumrdo
1289 4657 1459 4719 superlativus
1476 4658 1588 4721 optimus

295 4739 320 4781 ei
339 4732 465 4781 reteximus
479 4734 510 4781 de
528 4731 589 4783 Iove
604 4734 681 4780 loeaun
697 4729 810 4783 liaberet.
834 4731 921 4794 itaque
936 4730 1049 4777 lacunam
1068 4728 1184 4781 indicaui.
1207 4735 1315 4779 ceterum
1331 4725 1431 4775 breuius
1447 4724 1526 4776 scribi
1538 4740 1588 4789 po-

293 4808 361 4849 terat
378 4804 429 4863 itu,
453 4803 513 4866 qnia
529 4804 550 4852 ei
568 4816 618 4851 non
636 4809 704 4851 esset
720 4801 834 4865 luppiter
856 4813 922 4847 unias
941 4806 965 4847 et
982 4798 1045 4847 alter
1066 4806 1172 4860 lavatum,
1192 4798 1217 4846 id
1235 4808 1273 4847 est
1291 4798 1313 4846 si
1332 4805 1418 4845 essent
1436 4804 1488 4845 tres
1506 4795 1586 4857 loves,

295 4872 359 4920 bene
376 4872 518 4922 diceremus

1721 5278 1722 5313 ι

1721 5432 1722 5457 l
