3525 5600
332 455 395 520 620
881 455 1061 518 bldCllllBll

357 579 379 619 p.
393 567 451 606 erac.
465 567 490 606 aa
503 556 525 605 ι’.

332 650 394 706 siva
422 646 457 705 de
486 647 588 705 activis
615 647 656 706 ita
683 648 863 714 lornrautur,
893 653 934 714 ut,
957 647 1071 723 primae
1100 661 1243 722 personae
1266 643 1378 702 activae
1401 642 1426 700 si
1449 639 1535 700 addas
1558 657 1618 718 μαι

332 748 481 827 syllabam,
504 749 652 826 passivum
675 749 807 809 eiusdem
829 749 974 826 temporis
995 747 1095 814 iacias,
1121 739 1180 806 ἐὰν
1193 741 1280 804 ποιῶ
1294 739 1355 804 ἐὰν
1376 740 1518 820 ποιῶμαι
1541 733 1619 820 [ἐὰν

313 846 502 929 ,uanosque
526 842 585 909 ἐὰν
605 847 864 929 πεποιήκωμαι],
889 840 949 908 ἐὰν
971 843 1100 926 ποιήσω
1124 840 1185 907 ἐὰν
1207 840 1406 925 ποιήσωμαι.
1444 846 1514 903 item
1530 844 1619 903 activi

232 1008 236 1014 .
331 955 418 1013 tertia
440 952 568 1011 secunda
591 953 698 1031 passivi
721 961 774 1020 est,
799 944 860 1012 ἐὰν
882 949 968 1010 ποιῶ
992 941 1052 1010 ἐὰν
1073 947 1171 1028 ποιῇς
1194 941 1255 1008 ἐὰν
1277 946 1368 1027 ποιῇ,
1392 939 1454 1006 ἐὰν
1474 944 1620 1022 ποιῶμαι

226 1774 273 1821 lb‘l
287 1773 317 1820 V.

331 1046 391 1116 ἐὰν
413 1053 502 1134 ποιῇ.
547 1054 620 1114 baec
642 1053 746 1113 eadem
768 1055 856 1113 activi
879 1053 968 1112 tertia
991 1051 1090 1112 addita
1113 1050 1172 1111 sibi
1194 1068 1249 1110 ται
1272 1048 1382 1129 syllaba
1397 1050 1543 1127 passivam
1559 1055 1645 1114 ter-5

330 1159 400 1216 tiam
423 1157 504 1223 lacit,
528 1149 589 1216 ἐὰν
612 1155 692 1235 ποιῇ
715 1148 776 1216 ἐὰν
797 1154 940 1234 ποιῆται.
986 1153 1091 1214 Gracci
1114 1155 1145 1212 in
1168 1153 1357 1212 coniunctim
1378 1151 1465 1210 modo
1487 1159 1620 1226 tempora

331 1258 400 1318 leina
427 1259 620 1333 corriungunt.
665 1259 819 1336 proprium
847 1256 1019 1316 Latinorum
1048 1260 1093 1314 est
1119 1260 1153 1313 ut
1179 1254 1265 1313 niodo
1288 1253 1446 1324 indicativa
1475 1269 1528 1330 pro
1550 1269 1621 1310 cun-

329 1361 482 1427 iuuctivis,
523 1358 610 1418 modo
642 1361 827 1418 coniunctiva
860 1374 915 1436 pro
943 1357 1113 1417 indicativis
1138 1364 1265 1436 ponant:
1295 1355 1400 1416 Cicero
1417 1337 1470 1414 ¹de
1504 1351 1622 1430 legibus

330 1463 417 1521 tertio
440 1463 518 1540 ‘qui
541 1462 684 1539 poterit
707 1463 830 1520 socios
852 1460 969 1519 tueri’
992 1479 1011 1515 e·
1041 1457 1121 1518 idem
1143 1457 1248 1518 Cicero
1276 1459 1307 1517 in
1328 1459 1427 1536 primu
1450 1455 1487 1515 de
1510 1474 1542 1515 re
1568 1473 1622 1534 pu·

330 1562 406 1622 blica
435 1561 621 1622 ‘libenter
649 1560 734 1630 tibi,
769 1561 888 1630 Laeli,
925 1562 979 1620 uti
1009 1577 1087 1620 cum
1117 1559 1314 1620 desideras
1341 1557 1511 1639 equidem
1538 1575 1659 1624 con-10

330 1665 509 1724 uessero'.

416 1765 458 1824 lie
480 1767 609 1844 optativo
632 1766 729 1841 prodo.
760 1765 796 1824 dc
818 1764 874 1825 lroc
896 1762 984 1824 inodo
1005 1767 1139 1844 quaestio
1161 1781 1267 1841 graeca
1290 1765 1462 1842 praecessit,
1485 1764 1510 1822 si
1533 1779 1625 1840 prac-

332 1870 453 1928 teritum
476 1875 593 1946 tempus
621 1869 714 1945 pdssit
737 1865 741 1946 l
766 1866 938 1935 admittere,
963 1884 1030 1926 cum
1052 1875 1118 1925 vota
1146 1883 1201 1945 pro
1224 1863 1312 1924 rebus
1340 1872 1391 1925 aut
1413 1862 1626 1942 praesentibus

331 1979 380 2029 aut
407 1970 517 2028 luturis
544 1967 658 2028 soleant
685 1969 805 2046 agitari,
834 1986 890 2027 uec
917 1969 947 2028 in
976 1969 1106 2046 speciem
1129 1969 1243 2046 possint
1270 1975 1449 2026 transactam
1471 1967 1626 2032 revocari;

330 2073 611 2150 pronuntiatumque
634 2078 681 2129 est
701 2072 896 2149 praeteritum
918 2087 1034 2150 quoque
1058 2077 1173 2148 tempus
1188 2071 1300 2148 optanti
1316 2071 1527 2137 necessarium,
1552 2069 1626 2147 quia
1642 2099 1663 2134 u

330 2191 418 2252 saepe
440 2175 471 2232 in
492 2171 664 2251 longinquis
685 2172 758 2250 quid
778 2173 912 2232 evenerit
933 2174 1099 2231 nescientes
1122 2180 1258 2250 optamus
1279 2170 1412 2230 evenisse
1435 2171 1514 2249 quod
1535 2169 1629 2230 nobis

331 2274 506 2334 corninodet.
537 2275 588 2351 qui
611 2275 691 2332 euim
707 2273 893 2352 Olympiacae
916 2272 1029 2352 palmae
1052 2272 1234 2334 desiderium
1260 2271 1363 2332 lrabuit
1391 2272 1472 2332 domi
1487 2271 1630 2332 residens

331 2379 409 2455 ipse,
444 2383 589 2436 certatum
616 2393 708 2453 equos
734 2393 803 2434 suos
830 2393 898 2435 cum
926 2377 1080 2452 aurigante
1110 2375 1171 2434 lilio
1193 2376 1289 2443 misit,
1321 2380 1471 2434 transacto
1493 2375 1552 2434 iam
1577 2374 1628 2433 die

330 2481 380 2556 qui
403 2479 559 2537 certamini
588 2485 682 2536 status
703 2486 763 2547 cst,
786 2481 899 2538 exitum
927 2477 1023 2537 adbuc
1045 2479 1180 2537 nesciens
1209 2486 1239 2536 et
1266 2475 1448 2536 desiderium
1471 2479 1549 2535 votis
1574 2475 1628 2536 ad·

331 2582 443 2646 iurans,
466 2578 538 2657 quid
561 2578 640 2638 aliud
662 2579 762 2638 dicero
785 2578 1000 2640 existimandus
1022 2587 1066 2638 est
1088 2597 1176 2658 quam
1207 2571 1319 2638 cneco
1347 2571 1419 2649 υἱός
1440 2595 1508 2657 μου
1530 2595 1628 2638 νενι-
1641 2606 1664 2645 a,

331 2677 445 2761 quoc‘t
488 2680 562 2740 baec
585 2690 615 2738 et
636 2681 770 2759 quaestio
791 2689 821 2742 et
843 2682 950 2743 solutio
972 2699 1040 2741 cum
1063 2681 1208 2741 latinitate
1231 2682 1397 2740 eommunis
1419 2687 1473 2748 est,
1498 2681 1571 2758 quia
1595 2682 1626 2738 in

331 2802 418 2845 causa
447 2785 511 2862 pari
539 2783 612 2843 baec
636 2802 690 2843 ror
718 2802 782 2843 esse
806 2782 931 2843 deberet
959 2785 1098 2863 optantis,
1123 2783 1253 2843 ‘trtiuam
1276 2781 1354 2843 lilius
1381 2798 1465 2841 meus
1488 2782 1626 2841 ricerit'.

330 2885 381 2944 sed
410 2888 469 2945 rari
493 2885 650 2945 latinarum
680 2888 789 2946 artium
819 2894 954 2946 auctores
977 2886 1161 2947 admiserunt
1189 2887 1220 2945 in
1242 2886 1370 2964 optativo
1393 2870 1630 2944 declinationem

330 2989 484 3065 praeteriti
512 2988 653 3065 perlecti,
679 2989 790 3047 utinam
817 2990 951 3047 vicerim.
997 2990 1027 3048 in
1055 2987 1112 3047 buc
1139 2990 1219 3047 eninr
1247 2986 1334 3047 modo
1356 2986 1455 3047 Latini
1488 2994 1629 3065 tempora

330 3088 510 3149 Graecorum
526 3108 607 3149 mure
621 3090 813 3166 coniungunt,
829 3091 1028 3168 inpcrluctum
1041 3108 1107 3149 cum
1121 3091 1279 3169 praesenti,
1296 3088 1629 3168 plusquamperfectum
1643 3122 1666 3157 ες,

330 3209 396 3249 cum
419 3192 562 3270 perlecto,
589 3201 618 3249 et
640 3190 696 3250 lroc
712 3190 867 3267 adsignant
882 3189 997 3251 duobus
1013 3190 1268 3259 antecedentibus,
1291 3190 1370 3269 quod
1386 3192 1416 3249 in
1433 3192 1630 3249 coniunctim

330 3294 483 3371 praeteriti
507 3294 666 3371 inperleeti
688 3294 760 3359 luit,
788 3294 901 3353 utinam
923 3292 1068 3369 legerem.
1093 3293 1148 3353 boc
1171 3290 1285 3353 duobus
1307 3290 1512 3370 sequentibus,
1543 3292 1630 3369 quod

329 3396 359 3453 iu
382 3396 570 3454 ‹rouiunctivo
597 3393 879 3473 plusquamperfecti
907 3395 976 3464 luit,
1013 3396 1126 3454 utinam
1155 3386 1308 3470 legissem,
1341 3401 1372 3452 et
1398 3392 1454 3452 hoc
1482 3392 1556 3453 dant
1581 3394 1630 3453 lu-

330 3504 409 3563 tuno,
432 3496 511 3575 quod
534 3495 638 3556 babuit
660 3498 867 3555 coniunctivae
890 3498 1065 3574 praesentis,
1091 3499 1203 3556 utinam
1225 3496 1331 3573 legam.
1360 3503 1429 3555 sunt
1447 3502 1546 3554 tamen
1573 3498 1629 3573 qni

330 3600 362 3657 in
389 3600 553 3675 praeterito
587 3600 719 3677 perlecto
747 3597 954 3675 adquiescant,
983 3601 1096 3659 utinam
1127 3597 1266 3675 legerim,
1299 3614 1427 3676 quorum
1457 3598 1632 3656 sententiae
1645 3638 1667 3667 „a

330 3718 436 3775 graeca
459 3702 544 3768 ratio,
568 3718 655 3778 quain
678 3699 928 3779 supradiximus
953 3700 1125 3778 opitulatur.
1154 3702 1185 3759 in
1208 3716 1316 3777 graecu
1338 3700 1469 3777 optativo
1490 3716 1571 3776 quae
1598 3702 1632 3757 in

329 3820 366 3879 μι
388 3810 498 3862 exeunt
519 3803 613 3861 activa
636 3810 748 3861 tantum
770 3812 854 3871 sunt,
883 3819 957 3879 quae
987 3802 1017 3861 in
1045 3821 1111 3881 μην
1138 3802 1253 3881 passiva
1280 3808 1394 3859 tantum
1423 3799 1468 3858 rel
1498 3802 1633 3877 passicis

330 3904 456 3972 similia,
486 3898 615 3982 λέγοιμι
644 3902 812 3982 λεγοίμην.
858 3902 910 3961 sed
939 3922 1013 3981 qnae
1037 3906 1067 3963 in
1090 3922 1133 3981 ην
1166 3910 1275 3975 exeunt
1308 3900 1506 3980 praecedente
1530 3903 1630 3961 vocali

330 4006 416 4063 modo
439 4007 544 4074 activa,
568 4006 653 4065 rrrodo
677 4008 791 4084 passiva
813 4013 897 4073 sunt;
921 4012 950 4063 et
972 4007 1072 4065 actico
1094 4022 1153 4064 non
1176 4007 1234 4064 nisi
1256 4022 1292 4063 ex
1309 4003 1370 4064 illis
1385 4002 1486 4063 verbis
1502 4004 1631 4063 veniunt

330 4124 404 4185 quac
427 4108 458 4165 in
481 4126 517 4185 μι
539 4115 656 4175 exeunt,
680 4104 785 4186 φαίην
799 4104 908 4185 δοίην,
931 4108 1046 4185 passiva
1068 4112 1165 4165 autern
1188 4106 1276 4166 etde
1299 4105 1405 4165 iisdem
1422 4104 1523 4165 verbis
1538 4108 1627 4167 liunt
1642 4140 1665 4175 a.

331 4218 364 4266 ut
385 4206 694 4289 dodatqvaedec'qu,
718 4208 805 4267 etde
828 4206 1007 4267 exeuntibus
1030 4210 1059 4267 in
1077 4218 1114 4286 ca,
1139 4214 1170 4267 ut
1185 4207 1324 4286 νυγείην
1339 4204 1491 4286 daper‘qv.
1528 4210 1630 4267 activa

398 4464 413 4512 9
432 4466 546 4511 lucrinum
564 4463 721 4527 neplepentiu
733 4463 906 4525 exrerptoria,
924 4467 949 4508 ut
962 4462 1069 4523 uidetur,
1083 4464 1235 4511 catantiarum
1247 4462 1363 4509 indicaui.
1376 4462 1420 4523 qui
1432 4462 1523 4525 poterit
1535 4463 1629 4510 socios

331 4532 404 4588 trieri,
422 4532 443 4579 si
461 4531 578 4579 dilectum
592 4546 675 4579 rerum
688 4530 786 4578 utilium
800 4543 824 4577 ct
835 4528 961 4577 inutilium
976 4542 1026 4579 nori
1040 4528 1151 4580 babebit.
1163 4545 1220 4578 ecce.
1231 4528 1296 4581 not,
1306 4528 1493 4593 infrequentia
1501 4528 1629 4578 librorum

331 4602 363 4647 de
375 4600 471 4661 lepidus
481 4601 567 4663 poeiaeit
579 4598 694 4648 Halmius
705 4614 732 4662 p.
746 4600 796 4647 923
847 4599 872 4645 iu
885 4596 966 4661 primo
984 4596 1016 4645 de
1033 4612 1061 4645 re
1077 4596 1188 4661 publica]
1208 4599 1247 4660 13,
1261 4599 1294 4646 20
1309 4596 1417 4645 libenter
1428 4597 1481 4655 tibi,
1494 4595 1577 4658 laeli,
1601 4612 1630 4645 ut

330 4668 362 4713 «lc
381 4683 410 4715 eo
429 4669 541 4715 disseras
560 4666 676 4727 equidem
694 4678 841 4713 somersetam
913 4666 945 4712 14
961 4665 1050 4727 agitari
1069 4664 1148 4713 Ianua
1166 4664 1266 4712 accitarri
1283 4664 1307 4713 Ρ
1374 4664 1400 4713 ln
1420 4665 1504 4729 specle
1522 4666 1628 4729 possint

331 4745 456 4784 transacto
469 4737 493 4783 Ρ
554 4737 584 4783 18
599 4736 681 4783 missit
696 4734 731 4781 P:
748 4734 861 4793 fortusse
878 4732 983 4783 miserit.
1002 4734 1146 4781 ‘dicendum
1162 4740 1218 4781 crat
1235 4740 1278 4781 aut
1296 4742 1329 4779 et·
1349 4733 1418 4781 misit
1433 4739 1476 4780 aut
1486 4732 1522 4778 si·
1537 4731 1628 4780 misit’

331 4802 411 4851 Ianus
479 4804 511 4851 21
530 4801 740 4850 etoiisolutiol'
793 4800 998 4864 aspicerem?
1052 4797 1139 4867 sutri]
1158 4802 1220 4849 ctP
1268 4802 1301 4848 at
1318 4812 1342 4848 et
1359 4816 1408 4849 nun
1424 4802 1469 4848 nisi
1480 4799 1521 4847 P:
1537 4802 1627 4847 activa

330 4872 430 4919 addidit
442 4870 531 4921 Iuniae.
546 4871 660 4930 fortusse
677 4877 759 4918 taraco
777 4872 852 4933 pluro
870 4869 902 4916 de
920 4871 1011 4917 uotiuis
1029 4870 1148 4931 optativis
1166 4872 1204 4916 uel
1220 4871 1382 4933 excerptoris
1404 4870 1443 4917 uel
1457 4868 1627 4917 librarioru

332 4941 406 5001 crclpu
424 4946 483 4986 unte
502 4950 527 4985 ct
543 4942 675 5000 perierunt
