3525 5600
697 406 870 470 REGVLAE
1359 408 1421 472 511

1223 528 1246 569 p.
1259 515 1360 558 som-oe
1374 516 1397 557 r.

137 611 190 654 non
219 595 442 672 praestantiter.
493 595 537 654 sic
565 610 637 671 ergo
664 592 870 664 observemm,
900 603 933 656 ut
960 613 1015 654 nec
1037 595 1217 675 euphoniam
1240 596 1424 676 applicemus

138 679 169 739 ad
183 677 316 755 regulam
332 686 383 740 aut
398 677 577 758 euphoniam
591 680 762 739 reiciamus.
799 697 867 740 nam
890 679 1052 758 euphonia,
1076 681 1108 742 id
1130 688 1176 743 est
1193 683 1323 742 suavitas
1345 681 1422 742 bene

137 763 269 831 sonandi,
293 763 420 825 admissa
443 772 488 825 est
503 763 540 824 ad
562 763 685 824 latinum
701 782 883 833 sermonem,
907 773 940 825 ut
955 783 1059 845 aspera
1075 773 1237 846 temperet;
1260 775 1290 827 et
1305 765 1342 826 ab
1358 774 1421 827 arte

137 857 162 910 et
177 849 290 909 ratione
306 867 457 910 recessum
473 856 533 918 est,
557 847 609 908 ubi
631 851 775 929 asperitas
790 849 959 910 ullendebat
974 851 1122 921 auditum,
1146 854 1224 912 sicut
1238 851 1343 912 Cicero
1360 849 1363 932 l
1380 855 1440 926 ait,

115 937 386 1012 t‘impetratum
404 942 461 995 est
477 952 492 993 a
509 935 655 994 ratione
671 929 879 1013 utpe'ceare
895 937 1098 996 suavitatis
1120 955 1230 997 causa
1253 937 1420 997 liceret'.

136 1019 182 1079 sed
198 1021 350 1080 tamenin
371 1021 474 1098 paneis
490 1019 616 1080 admissa
632 1018 780 1097 euphonia
796 1027 850 1080 est.
888 1038 956 1080 nam
979 1023 1055 1081 ratio
1078 1021 1210 1100 locuples
1226 1028 1271 1082 est
1293 1029 1324 1082 et
1345 1023 1421 1082 iuris

136 1104 276 1166 latissimi.
321 1123 391 1166 sane
419 1111 521 1164 contra
544 1103 597 1164 has
616 1103 736 1181 regulas
764 1107 923 1166 auctoritas
945 1123 1016 1166 ausa
1038 1114 1083 1166 est
1105 1113 1135 1167 et
1157 1109 1187 1166 in
1209 1108 1312 1186 paucis
1334 1125 1420 1186 prae-

135 1191 271 1267 sumpsit,
295 1198 327 1250 ut
349 1190 463 1250 diceret
477 1190 582 1250 Cicero
602 1188 787 1260 humaniter,
811 1209 877 1250 cum
900 1189 1027 1250 humane
1049 1191 1150 1254 dicere
1172 1190 1289 1261 debuit,
1313 1198 1343 1250 et
1364 1191 1420 1252 Te·

134 1275 244 1334 rentius
267 1276 397 1335 ‘vitam
420 1292 530 1355 parce
554 1291 592 1334 ac
615 1273 762 1334 duriter
784 1275 935 1352 agebat'
958 1294 1013 1354 pro
1039 1276 1123 1336 dure.
1167 1278 1219 1338 sed
1242 1284 1340 1337 tamen
1362 1278 1420 1357 ipsi

104 1368 267 1421 ¹relictores
294 1360 458 1421 modestius
486 1366 516 1420 et
545 1377 612 1419 cum
641 1359 766 1438 quodam
795 1359 908 1439 pudore
933 1368 1036 1421 contra
1064 1361 1197 1438 regulam
1219 1380 1312 1440 pauca
1334 1380 1420 1440 prae·

134 1453 330 1525 sumpserunt.
368 1462 434 1506 nant
457 1452 486 1505 et
507 1444 583 1505 ialso
598 1444 738 1504 dixerunt
759 1463 814 1523 pro
836 1446 910 1506 lalse
933 1453 964 1506 et
985 1446 1153 1508 necessario
1175 1465 1229 1526 pro
1252 1449 1419 1506 rrrcnssarie

134 1538 161 1590 et
180 1530 283 1591 sedulo
310 1548 365 1610 pro
392 1530 495 1590 sedule
518 1535 548 1590 et
576 1547 644 1590 raro
666 1547 721 1608 pro
743 1547 809 1590 rare
834 1537 864 1590 et
891 1529 998 1590 crebro
1025 1548 1080 1609 pro
1101 1531 1206 1591 crebre
1230 1539 1260 1592 et
1281 1537 1344 1591 tuto
1365 1549 1420 1610 pro
1483 1583 1488 1590 .

135 1622 207 1686 tute;
236 1618 280 1676 sic
302 1623 332 1676 et
352 1615 409 1675 alia
434 1623 532 1676 tamen
554 1633 648 1694 pauca
671 1632 730 1674 non
752 1614 891 1685 licenter,
915 1616 967 1676 sed
991 1616 1158 1676 verecunde
1179 1624 1331 1695 usurpata.

213 1700 289 1760 Sane
312 1709 381 1762 sunt
404 1699 544 1761 adverbia
566 1708 595 1760 et
618 1716 672 1779 per
693 1699 767 1760 alias
788 1699 917 1779 syllabas
939 1702 1093 1770 exeuntia,
1123 1720 1139 1761 a
1161 1701 1253 1762 londo
1275 1702 1418 1768 funditus,

101 1793 147 1846 ¹⁵a
168 1786 249 1846 caelo
271 1784 412 1855 caelitus,
436 1804 451 1846 a
474 1784 572 1845 radice
595 1785 752 1854 radicitus,
776 1803 791 1844 a
814 1785 1020 1864 penetralibus
1041 1785 1113 1846 locis
1134 1788 1269 1865 penitus,
1293 1789 1418 1865 astirpe

132 1874 280 1950 stirpitus:
310 1873 381 1931 item
410 1872 520 1940 inim,
550 1871 654 1937 avico
676 1870 808 1939 vicatim,
833 1869 869 1930 ah
893 1874 969 1932 ostio
991 1872 1134 1936 ostiatim,
1159 1891 1176 1932 a
1198 1873 1270 1931 riris
1291 1873 1417 1931 viritim:

131 1959 198 2017 item
223 1977 239 2018 a
261 1956 353 2016 nimiu
375 1957 480 2026 nimis,
504 1962 536 2015 ut
558 1958 613 2015 ‘ne
628 1955 700 2034 quid
715 1956 830 2016 nimis':
853 1964 964 2016 exeunt
985 1958 1016 2016 in
1039 1975 1105 2025 ens,
1130 1965 1162 2016 ut
1178 1974 1297 2025 reeens,
1321 1957 1351 2016 id
1374 1964 1420 2016 est

131 2044 241 2102 recenti
270 2049 419 2120 tempore,
449 2040 589 2117 Virgilius
611 2039 706 2100 ‘solo
729 2057 860 2100 reeens
882 2045 991 2111 orto’,
1016 2040 1045 2101 id
1068 2049 1114 2101 est
1136 2043 1251 2101 recenti
1274 2048 1417 2120 tempore.

131 2145 198 2204 ergo
220 2125 411 2205 haecomnia
434 2123 573 2186 adverbia
595 2133 664 2186 sunt
686 2125 751 2185 sine
774 2124 952 2186 dilicrentia.
997 2128 1068 2186 item
1091 2128 1171 2187 inter
1193 2128 1272 2186 intro
1288 2133 1317 2185 et
1339 2130 1419 2186 intus

96 2213 182 2272 utor
209 2213 347 2272 interest:
376 2214 455 2271 intro
484 2212 515 2270 in
542 2219 623 2271 mutu
650 2218 709 2279 est,
740 2211 818 2270 intus
846 2211 974 2281 insitu,
1003 2217 1035 2271 ut
1058 2212 1211 2282 introeo,
1240 2212 1319 2271 intus
1341 2230 1416 2272 sum.

130 2306 172 2357 est
194 2297 273 2357 enim
295 2304 391 2357 motus
414 2314 463 2368 eo,
487 2314 552 2356 sum
575 2297 651 2356 situs
673 2302 727 2356 est.

211 2382 263 2442 Est
290 2384 379 2444 etiam
414 2381 556 2460 quaedam
590 2379 757 2440 obscuritas
788 2381 818 2439 in
851 2379 1001 2440 adverbiis
1028 2381 1158 2440 secundo
1191 2383 1279 2441 tertio
1311 2388 1418 2460 quarto

128 2469 229 2547 quinto
250 2474 334 2528 sexto
356 2475 385 2526 et
407 2465 568 2528 seeundum
591 2467 712 2526 tertium
734 2473 872 2544 quartum
894 2466 1028 2545 quintum
1050 2473 1182 2536 sextum,
1204 2474 1238 2526 ut
1260 2474 1329 2545 puta
1351 2466 1416 2526 ‘se-

128 2553 223 2613 cundo
244 2553 339 2614 iactus
367 2558 412 2612 est
439 2550 559 2611 consul’
589 2559 619 2612 et
641 2550 821 2610 ‘secundum
844 2550 901 2610 iuit
928 2550 1058 2612 consul’.
1107 2551 1238 2611 secundo
1260 2559 1357 2611 autem
1380 2552 1417 2612 ad

94 2643 116 2682 2⁵
127 2639 262 2698 ordinem
288 2639 435 2717 pertinet,
464 2635 627 2696 secundum
655 2635 691 2696 ad
720 2653 891 2695 numerum:
923 2643 955 2696 ut
981 2643 1052 2715 puta
1080 2653 1147 2696 cum
1175 2636 1242 2696 diro
1270 2628 1416 2696 ‘secundo

128 2725 221 2785 lactus
244 2729 290 2783 est
312 2722 442 2791 eonsul',
466 2723 609 2801 pertinet,
634 2726 666 2780 ut
689 2719 763 2788 dixi,
787 2721 824 2780 ad
846 2721 1000 2789 ordinem,
1023 2721 1102 2802 quod
1119 2723 1216 2801 primo
1231 2721 1305 2781 alter
1321 2722 1417 2782 iactus

126 2812 164 2869 sit
186 2817 216 2869 et
238 2810 282 2870 sic
310 2808 383 2869 alter
411 2807 556 2877 secundo:
580 2825 646 2867 cum
676 2812 773 2866 autem
796 2806 924 2867 dicimus
938 2807 1099 2867 secundum
1115 2807 1218 2868 consul
1233 2807 1278 2867 vel
1294 2809 1415 2867 tertium

126 2894 169 2953 rel
193 2900 331 2973 quartum
354 2894 398 2953 vel
421 2895 557 2973 quintum
580 2892 624 2951 vel
648 2899 778 2961 sextum,
807 2891 843 2951 ad
866 2910 1023 2951 numerum
1045 2894 1191 2971 pertinet,
1219 2892 1296 2971 quod
1319 2895 1416 2953 sexies

126 2980 216 3040 luerit
238 2978 351 3039 consul.
401 2979 469 3039 inde
498 2978 602 3037 Cicero
630 2977 665 3037 de
689 2976 782 3037 Marto
804 2978 848 3037 sic
870 2979 927 3046 ait,
956 2981 1115 3037 ‘sextum
1138 2975 1293 3046 consul’,
1317 2977 1415 3037 idest

92 3066 174 3143 oqui
204 3083 255 3125 sex
283 3062 452 3124 consulatus
480 3065 604 3131 meruit,
634 3070 663 3122 et
693 3063 907 3141 ‘septimum
935 3061 1090 3131 consul',
1124 3062 1202 3140 quod
1231 3069 1278 3122 est
1305 3064 1414 3141 septies

125 3149 310 3211 consulatum
333 3151 451 3209 meruit.
495 3147 551 3208 hoc
573 3148 666 3208 Varro
689 3147 825 3207 distinxit
846 3148 876 3206 in
904 3146 991 3207 libris
1018 3164 1219 3207 numerorum.
1264 3155 1293 3208 et
1314 3154 1414 3209 cetera

124 3236 182 3295 iam
206 3235 293 3314 plana
316 3236 437 3295 suntin
461 3232 609 3294 adverbiis
631 3240 662 3293 et
683 3251 718 3293 ex
743 3228 745 3313 1
770 3231 925 3311 quibusvis
947 3230 1061 3293 artibus
1082 3232 1236 3293 intellectu
1256 3232 1366 3293 facilia.

627 3396 693 3439 mutu
711 3396 746 3438 DE
764 3396 909 3439 novennio

209 3488 388 3551 Aduerbium
411 3496 457 3549 est
478 3506 547 3567 pars
569 3489 727 3558 orationis,
750 3506 825 3567 quae
848 3488 962 3549 adiecta
983 3486 1074 3547 verbo
1088 3488 1333 3565 significationem
1349 3490 1414 3549 eius

88 3574 262 3654 ³⁵explanat
289 3582 375 3653 atrpuu
403 3574 521 3653 implet,
551 3580 584 3633 ut
605 3572 705 3633 scribo
733 3573 824 3643 bene,
854 3572 919 3651 lego
942 3575 1062 3652 optime.
1112 3571 1254 3633 adverbio
1275 3574 1414 3634 accidunt

121 3660 298 3737 significatio
324 3661 418 3737 ligura
446 3659 564 3737 gratim.
614 3656 753 3719 adverbia
779 3665 830 3719 aut
857 3677 873 3718 a
896 3677 928 3719 se
951 3665 1126 3727 nascuntur,
1154 3666 1187 3718 ut
1214 3657 1280 3718 heri
1309 3678 1412 3738 nuper,

122 3752 172 3805 aut
206 3743 244 3805 ab
275 3745 342 3806 aliis
375 3751 543 3813 transeunt,
565 3752 610 3803 'ut
642 3745 727 3804 docte
760 3746 910 3823 sapienter
937 3742 974 3803 ab
1003 3762 1038 3803 eo
1066 3743 1145 3822 quod
1172 3751 1218 3804 est
1248 3744 1351 3804 doctus
1384 3753 1414 3803 et

120 3848 252 3909 sapiens.

208 3913 422 3977 Aduerbiorum
450 3914 682 3992 significationes
709 3921 778 3975 sunt
806 3914 927 3975 multae.
977 3920 1046 3974 sunt
1074 3915 1153 3973 enim
1182 3920 1233 3973 aut
1259 3915 1411 3992 temporis,

85 4002 153 4061 ⁴⁰ut
175 4000 244 4061 heri
271 4018 380 4079 nuper;
409 4008 459 4083 aut
486 4018 644 4078 personae,
673 4006 707 4059 ut
733 4016 849 4060 mecum
876 4008 992 4070 tecum;
1020 4007 1071 4061 aut
1097 3999 1167 4068 loci,
1198 4007 1230 4059 ut
1256 3999 1305 4059 hic
1331 4000 1410 4060 istie.

190 4272 318 4339 {irrepere
335 4280 459 4339 temperet
475 4271 500 4321 F
549 4264 655 4335 ts'ieut]
676 4272 714 4321 sic
730 4268 776 4327 Fe
830 4270 1015 4337 bimperatum
1031 4268 1069 4320 F:
1087 4269 1217 4320 Oioorut.
1235 4269 1279 4331 47,
1300 4267 1350 4319 157

119 4358 229 4409 pedeure
247 4360 323 4395 eausa
341 4344 474 4393 suauitatis
489 4357 566 4391 eausa
585 4342 608 4391 F
687 4340 703 4391 o
721 4341 815 4391 amisse
834 4340 860 4389 F
942 4348 967 4390 et
982 4342 1044 4390 uiris
1063 4339 1179 4390 latissimi
1192 4338 1217 4389 F
1233 4348 1257 4389 et
1275 4341 1337 4389 uiris
1356 4339 1412 4389 lati·

120 4414 238 4464 nissimis
254 4428 270 4471 ς
340 4413 356 4462 7
374 4414 531 4479 presumpsit
549 4410 688 4477 (euperem.
705 4410 744 4471 ut)
767 4411 861 4460 diceret
878 4409 910 4464 F.
928 4412 1044 4473 sortasse
1067 4409 1240 4475 praesumpsit
1257 4410 1341 4459 dicere

119 4482 136 4531 9
155 4484 238 4532 uitam
256 4492 342 4548 pareat
356 4484 452 4535 duriter
470 4482 563 4549 agebat
581 4481 673 4531 ducere
691 4480 772 4546 (corr,
793 4479 949 4545 producere)
972 4482 1008 4532 F:
1033 4480 1135 4530 Terent.
1163 4480 1238 4533 lndr.
1255 4480 1265 4528 1
1286 4480 1309 4539 1,
1328 4480 1362 4529 47

122 4553 153 4604 13
172 4550 270 4621 minen]
296 4565 346 4605 tam
365 4552 390 4603 F
475 4560 588 4601 neretum
612 4552 644 4601 de
666 4550 827 4614 usurpetaF
914 4550 946 4601 15
963 4566 980 4600 a
1002 4550 1159 4601 neutralibus
1177 4549 1202 4599 F
1281 4550 1312 4597 ab
1330 4551 1411 4615 stirpe

118 4623 236 4687 stirpiter
252 4625 277 4673 F
344 4622 376 4674 19
395 4622 519 4689 Virgilius
537 4648 569 4657 —
589 4630 702 4685 tempore
718 4635 763 4673 om.
783 4620 817 4670 F:
840 4622 919 4684 Verp.
936 4636 1024 4685 peorp,
1047 4620 1081 4669 111
1101 4619 1150 4670 156
1211 4616 1244 4669 19
1260 4616 1326 4685 sine]
1348 4632 1410 4669 sane

118 4693 144 4741 F
216 4694 274 4743 item
297 4694 363 4743 intro
382 4702 406 4743 et
424 4694 493 4743 intus
511 4691 560 4741 hoc
578 4700 617 4742 est
637 4690 662 4739 F
729 4691 762 4739 22
783 4689 808 4737 in
826 4690 956 4740 aduerhiis
975 4690 1007 4740 de
1030 4690 1141 4739 seeundo
1161 4689 1205 4746 ἲς
1275 4690 1409 4739 2411191-

118 4762 223 4813 nundus
240 4762 287 4813 luit
305 4763 331 4812 F
398 4763 431 4815 26
451 4762 583 4812 consulut
602 4760 655 4809 dixi
675 4760 700 4808 F
766 4758 800 4809 29
818 4768 919 4809 sextium
938 4758 1038 4827 consul]
1065 4760 1117 4810 Cic.
1140 4760 1237 4811 iuPis.
1257 4758 1287 4823 9,
1307 4758 1341 4809 20

118 4830 153 4883 110
172 4834 220 4897 qui
242 4849 288 4883 sex
309 4832 452 4884 consolatos
470 4842 494 4883 et
510 4832 646 4897 septimum
665 4829 751 4880 consul
765 4830 800 4879 F:
819 4830 872 4879 Cir.
891 4832 924 4881 de
941 4838 993 4881 nat.
1011 4831 1082 4883 deor.
1102 4830 1136 4879 111
1155 4828 1198 4891 32,
1217 4827 1250 4878 81
1300 4826 1406 4896 septies]

118 4900 258 4969 septimum
276 4918 293 4958 ς
364 4902 395 4954 31
417 4898 507 4967 Varro]
527 4902 563 4965 rs.
583 4902 646 4953 ueri.
666 4908 731 4953 noct.
749 4906 794 4949 att.
814 4898 836 4949 11
857 4900 870 4949 1
942 4900 976 4951 32
995 4896 1083 4967 plana]
1104 4900 1179 4965 plenu
1197 4899 1243 4949 F.
