3525 5600
690 394 762 457 ms
791 395 919 457 33-3
1326 359 1332 366 ’
1385 387 1455 454 tot.

192 519 209 558 p.
224 506 281 544 3133.
295 505 320 555 ee
335 503 358 546 r.
1267 512 1289 554 p.
1303 501 1346 542 133.
1360 501 1386 540 33
1401 498 1423 538 t..

169 591 259 667 potest
282 586 393 644 venire.
435 583 513 645 13313
535 603 651 664 quoque
675 583 799 644 verbum
821 603 837 644 a
860 584 979 646 nomine
1001 582 1111 651 lanius,
1134 581 1213 661 quod
1234 581 1314 642 idem
1336 580 1448 642 Tereu-
1475 647 1479 652 ,
1553 599 1559 624 r

170 691 222 750 tius
244 689 275 748 in
297 687 400 748 eadem
416 686 559 748 Eunucho
581 685 736 765 pluraliter
758 704 812 766 per
834 703 995 765 apocopam
1017 686 1130 764 posuit,
1153 684 1251 744 ‘coci
1274 682 1351 744 1331
1372 684 1386 742 1
1391 700 1448 744 ar·

169 791 293 858 tores',
317 807 375 850 333
398 796 445 850 331
466 788 589 850 dubium
611 790 687 849 lieri.
724 787 868 868 quidquid
890 788 982 865 igitur
1004 786 1128 848 verbum
1150 788 1182 846 in
1204 785 1397 846 indesinens
1419 791 1449 844 et

169 891 313 971 praedicta
335 909 440 952 carens
463 890 686 960 observatione,
716 891 747 951 id
770 897 816 952 est
838 890 901 951 sire
923 892 1041 969 penitus
1064 889 1178 965 origine
1201 887 1330 948 nominis
1351 887 1448 965 priva·

148 1003 224 1054 11331
248 1000 308 1062 331,
332 994 393 1052 sive
416 1011 431 1054 a
455 994 573 1054 nomine
597 993 762 1054 derivatum
777 1011 837 1052 uon
852 991 944 1052 habet
957 991 1121 1053 adhaerens
1142 989 1202 1051 sibi
1225 1007 1332 1051 nomeu
1354 989 1449 1048 omni·

168 1095 219 1156 bus
240 1095 336 1156 modis
359 1104 389 1155 31
412 1096 489 1156 31133
512 1095 585 1157 (1333
608 1093 737 1174 syllabas
759 1100 790 1154 et
817 1094 1000 1173 paenultima
1028 1092 1140 1174 syllaba
1167 1094 1198 1152 in
1226 1094 1237 1152 i
1264 1109 1371 1170 puram
1398 1090 1449 1150 de-

168 1201 277 1267 313333,
312 1205 434 1277 quartae
467 1215 532 1258 esse
565 1197 784 1274 coniugationis
817 1196 882 1256 siue
916 1195 1008 1256 dubio
1042 1195 1243 1273 cognoscitur.
1287 1194 1372 1254 cuius
1404 1193 1448 1252 rei
1533 1207 1538 1218 ·

168 1299 295 1378 axenipla
318 1305 387 1360 sunt
408 1299 496 1369 haee,
521 1297 619 1360 ambio
642 1297 752 1368 ambis,
781 1296 923 1377 superbio
945 1297 1099 1377 superbis,
1127 1299 1229 1358 sancio
1250 1296 1363 1365 sancis,
1386 1311 1448 1356 sar·

167 1404 209 1461 cio
230 1403 339 1470 sarcis,
362 1401 456 1462 larcio
479 1399 603 1480 expedio
625 1399 757 1480 impedio
779 1400 901 1461 fastidio
916 1399 1022 1460 condio
1038 1398 1173 1460 custodio
1195 1398 1300 1458 erudio
1323 1396 1450 1457 oboedio

137 1506 248 1581 ovagio
276 1505 429 1583 praesagio
457 1503 531 1563 33113
559 1502 672 1582 sepelio
699 1501 820 1563 stabilio
844 1503 848 1584 1
872 1502 975 1563 mollio
997 1501 1092 1562 bullio
1113 1501 1229 1562 dormio
1250 1501 1377 1560 redimio
1399 1518 1450 1560 ex·

168 1608 263 1666 inanio
286 1607 401 1666 insanio
422 1605 501 1666 lenio
524 1605 609 1666 venio
632 1605 761 1681 insignio
783 1605 854 1666 finio
876 1604 982 1665 binnio
1003 1605 1099 1664 tinnio
1121 1605 1249 1682 grunnio
1271 1603 1374 1662 munio
1396 1620 1449 1680 pu·

167 1708 212 1768 313
238 1709 340 1787 saepio
368 1710 451 1787 sopio
478 1707 556 1767 ferio
578 1709 717 1786 cooperio
739 1709 842 1785 aperio
864 1706 965 1784 garrio
987 1705 1112 1783 ligurrio
1134 1706 1233 1766 esurio
1255 1707 1356 1765 nutrio
1378 1705 1449 1764 mic·

168 1811 240 1870 turio
269 1811 372 1889 prurio
400 1811 534 1888 parturio
562 1807 668 1870 haurio
702 1809 810 1870 inretio
839 1810 937 1870 sentio
964 1810 1060 1885 gestio
1092 1809 1187 1868 restio
1219 1807 1321 1868 ellutio
1353 1807 1451 1866 servio

166 1914 274 1980 333313,
299 1910 435 1972 blandior
458 1911 619 1980 blanditie,
643 1909 744 1970 ordior
759 1910 882 1980 ordiris,
907 1911 1020 1988 largior
1041 1910 1175 1988 largiris,
1199 1911 1310 1970 sortior
1323 1907 1450 1976 sortiris,

135 2017 276 2094 opertior
298 2015 429 2094 partiris.
474 2013 547 2074 baec
575 2015 654 2073 enim
683 2014 781 2072 omnia
809 2013 858 2073 331
885 2014 1037 2092 primitiva
1058 2019 1128 2072 sunt
1149 2019 1181 2072 31
1202 2019 1305 2073 333331
1326 2011 1450 2087 origine,

167 2117 207 2176 rel
230 2116 349 2178 aliunde
372 2114 503 2176 derivata
526 2133 584 2176 non
608 2113 817 2176 anominibus
832 2132 892 2174 uon
907 2115 1005 2174 minus
1020 2113 1180 2193 trisyllabis
1201 2114 1212 2172 i
1233 2131 1339 2193 puram
1361 2129 1451 2190 pacu-

167 2219 298 2279 ultimam
320 2236 439 2298 semper
461 2216 642 2278 habentibus
664 2219 796 2278 3331331.
830 2225 932 2278 tamen
956 2212 969 2297 11
992 2222 1133 2278 notantur
1153 2233 1262 2295 pauca,
1285 2231 1361 2294 quae
1383 2231 1451 2293 spe·

166 2322 239 2380 ciem
261 2319 400 2381 habentia
423 2337 512 2398 supra
536 2319 698 2388 dictorum,
727 2323 794 2380 cum
817 2320 958 2380 similiter
980 2317 1126 2380 deberent
1147 2336 1213 2378 esse
1235 2325 1359 2398 quartae
1381 2334 1451 2377 oon·

166 2423 335 2498 iugationis,
365 2422 401 2484 ad
429 2423 547 2482 tertiam
575 2429 744 2500 correptam
771 2421 865 2483 solam
888 2422 1065 2501 perveniunt
1086 2422 1338 2498 coniugationem.
1382 2424 1453 2480 sunt

132 2532 261 2584 33331331
289 2522 334 2584 331
363 2543 379 2584 3
407 2524 453 2584 331
482 2526 491 2584 1
519 2523 626 2584 breves
653 2530 721 2584 ante
749 2525 796 2584 cio
824 2523 920 2584 solnm
948 2531 978 2582 et
1000 2543 1016 2583 3
1039 2522 1084 2582 331
1107 2541 1127 2583 3
1149 2530 1216 2583 3313
1238 2523 1289 2601 pio
1311 2521 1452 2582 similiter

165 2625 318 2696 babentia,
352 2635 384 2686 ut
417 2627 492 2686 iacio
525 2627 603 2687 13313
631 2627 744 2706 aspicio
772 2624 859 2686 elicio
886 2622 990 2685 inlicio
1017 2624 1138 2703 pellicio
1169 2625 1320 2689 interlicio
1353 2624 1452 2684 3111313

165 2730 249 2808 capio
270 2730 353 2808 sapio
376 2728 477 2808 cupio,
507 2735 538 2790 et
564 2736 720 2810 praeterea
742 2726 822 2788 lodio
844 2729 928 2807 fugio
949 2729 1034 2807 pario
1056 2729 1159 2807 quatio
1181 2729 1319 2788 concutio
1341 2725 1452 2786 morior

164 2832 273 2909 patior,
303 2839 333 2891 31
360 2830 511 2891 interdurn
538 2832 619 2891 orior
646 2838 675 2891 et
703 2832 813 2911 potior,
838 2829 1451 2909 313333133311331333113333333113.

165 2932 218 2993 alia
242 2951 312 2994 vero
335 2934 431 2994 omnia
460 2932 564 3003 verba,
593 2950 668 3013 quae
696 2932 788 2995 vocali
818 2939 922 2993 carent
951 2940 1019 2993 3313
1040 2951 1058 2991 3
1080 2932 1214 3001 linalem,
1238 2930 1364 2992 duarum
1386 2938 1450 2991 tan·

131 3041 228 3095 utum
256 3035 342 3095 modo
365 3043 436 3096 sunt
457 3036 713 3113 coniugationum,
737 3034 767 3095 id
796 3042 840 3095 cst
862 3036 977 3113 primae
999 3042 1030 3093 31
1052 3036 1177 3105 1331133;
1200 3032 1251 3095 sed
1275 3033 1451 3112 plerumque

165 3138 276 3214 primae
297 3144 367 3197 sunt
389 3156 464 3217 (prae
487 3138 658 3199 derivantur
681 3156 697 3199 a
719 3135 900 3197 nominibus.
935 3154 1023 3196 omne
1045 3136 1124 3198 enim
1147 3134 1270 3197 verbum
1293 3154 1310 3195 a
1332 3136 1451 3196 nombre

164 3238 342 3309 clericatum,
371 3241 397 3299 si
426 3260 484 3301 non
513 3241 550 3301 sit
578 3240 780 3300 meditativum
810 3238 855 3299 331
884 3238 1084 3299 inchoativum
1112 3239 1158 3299 331
1191 3238 1451 3317 frequentativum,

164 3358 239 3419 quae
261 3344 345 3420 quasi
367 3343 512 3422 speciales
534 3341 644 3402 babent
666 3342 889 3419 coniugationes
910 3341 1061 3420 proprias,
1085 3347 1116 3400 et
1136 3358 1191 3401 uec
1204 3340 1236 3401 iu
1252 3358 1288 3401 eo
1302 3340 1452 3409 desinens,

165 3451 198 3501 ut
220 3442 382 3512 secundae,
406 3443 452 3504 vel
476 3445 506 3503 in
530 3462 568 3503 uo
589 3444 789 3523 primitivum,
813 3448 845 3503 ut
865 3444 988 3511 tertiae,
1017 3442 1064 3503 331
1091 3444 1123 3503 13
1151 3443 1181 3502 13
1202 3444 1268 3503 3133
1289 3441 1454 3522 praedictis

130 3542 438 3615 331333333113311333,
463 3552 495 3605 ut
517 3552 640 3625 quartae
664 3546 717 3615 sit,
734 3547 846 3623 primae
862 3544 1038 3625 plerumque
1053 3545 1271 3622 coniugationis
1292 3545 1452 3605 invenitur.

250 3646 306 3707 Sed
333 3648 402 3726 quia
431 3654 500 3707 sunt
527 3654 557 3707 et
584 3666 600 3707 3
628 3646 800 3708 nominibus
827 3645 918 3707 verba
945 3656 976 3707 et
1003 3666 1019 3707 3
1042 3646 1141 3707 verbis
1169 3647 1289 3707 nomina
1310 3645 1453 3716 derivata,

164 3764 240 3825 quae
267 3754 389 3827 possunt
417 3750 448 3809 in
477 3748 601 3809 dubium
630 3752 747 3818 venire,
777 3750 861 3827 prius
883 3749 959 3809 mibi
981 3748 1096 3809 ridetur
1119 3749 1155 3809 de
1178 3748 1234 3809 bac
1256 3747 1369 3828 aliquid
1392 3767 1453 3809 am·

165 3847 321 3925 biguitate,
346 3852 371 3910 si
394 3852 520 3931 possim,
544 3850 703 3913 disserere.
747 3852 847 3931 itaque
875 3849 1030 3911 sciendum
1058 3849 1219 3929 estquod,
1243 3850 1320 3910 sicut
1341 3867 1452 3919 rerum,

163 3968 314 4029 quaequae
343 3955 417 4023 sint,
447 3956 490 4013 313
520 3954 609 4015 etiarn
637 3953 766 4014 ubertati
797 3970 902 4012 333331
930 3952 1052 4014 studens
1080 3960 1186 4013 natura
1213 3960 1274 4013 tarn
1304 3951 1393 4012 verba
1416 3952 1453 4012 de

127 4051 335 4115 333331311333
363 4073 450 4135 quam
480 4056 516 4115 de
544 4055 644 4116 verbis
672 4056 790 4115 nomina
819 4057 995 4135 procreavit.
1041 4064 1070 4115 et
1096 4054 1188 4115 multa
1215 4053 1335 4133 quidem
1358 4072 1452 4133 paene

164 4151 201 4211 de
232 4155 353 4232 singulis
380 4158 533 4217 nominum
562 4156 823 4218 terminationibus
851 4160 968 4235 genunt,
1005 4174 1080 4237 quae
1108 4158 1224 4235 primae
1252 4156 1452 4235 coniugationi

237 4394 251 4440 ’1
269 4394 293 4441 13
312 4394 401 4443 eodem
417 4394 457 4444 P:
478 4392 668 4454 3311336
721 4394 808 4459 posuit
828 4404 855 4443 ut
873 4394 928 4444 coci
946 4344 1031 4443 qimi
1050 4396 1077 4446 B
1094 4395 1222 4460 poenitet
1240 4394 1308 4445 33331
1327 4393 1403 4445 13311

166 4460 271 4511 13313333
290 4463 357 4527 quod
376 4478 425 4514 333
440 4464 496 4513 ΒΡ
564 4462 764 4529 bpenultimam
783 4464 909 4528 syllabam
927 4465 983 4514 BP
1053 4464 1085 4516 12
1102 4460 1232 4530 cooperio]
1253 4464 1341 4529 operio
1360 4466 1402 4515 Bt

161 4530 763 4599 331313313-311311333313131311131131318
833 4531 866 4585 13
882 4534 962 4583 333113
982 4550 1028 4584 ora.
1044 4534 1070 4584 B
1140 4533 1227 4582 3113113
1245 4532 1364 4599 §siligio
1382 4551 1450 4587 corr.

165 4600 262 4665 effugio
280 4602 312 4666 B,
328 4620 375 4657 333.
391 4602 429 4653 P:
447 4604 534 4654 edatio
551 4613 611 4665 poet
625 4605 698 4670 sopio
716 4604 816 4655 131311
888 4604 920 4656 15
939 4604 1038 4669 origiue
1057 4602 1188 4655 nominum
1206 4611 1239 4660 te
1321 4603 1354 4655 19
1371 4604 1452 4655 solani

166 4671 366 4737 coniugationem
390 4675 517 4739 pertinent
535 4674 560 4724 B
646 4674 678 4726 19
700 4681 759 4723 3331
777 4680 860 4723 autern
879 4674 963 4723 31133
988 4672 1055 4722 3311
1077 4674 1129 4723 ΒΡ
1147 4683 1207 4724 3331
1229 4681 1313 4723 autem
1337 4675 1415 4724 uerba
1438 4693 1453 4722 a

165 4737 207 4787 331
229 4740 267 4803 is
280 4750 433 4793 sputantem
452 4744 502 4794 3113
521 4744 654 4795 uerbauel
673 4759 687 4793 a
708 4744 746 4793 uel
766 4744 803 4792 it
875 4744 909 4794 20
928 4744 1013 4793 breuis
1029 4743 1054 4792 P
1122 4742 1214 4793 313113
1233 4759 1247 4793 3
1266 4742 1306 4791 331
1326 4759 1342 4791 3
1361 4746 1387 4793 P

165 4809 201 4858 22
216 4816 242 4859 et
259 4820 386 4875 praetcrea
399 4822 458 4864 3331
475 4813 545 4865 fodio
559 4814 585 4863 B
651 4813 882 4867 3433313338
940 4813 975 4864 19
991 4821 1019 4862 31
1037 4814 1205 4865 3113311331)
1274 4810 1309 4865 ab
1326 4814 1453 4867 iuvenitur

165 4892 214 4932 333.
232 4879 291 4945 BP,
308 4883 370 4937 add.
388 4885 420 4948 ts
484 4884 517 4935 32
536 4884 631 4950 aliquid
650 4886 684 4935 31.
698 4899 763 4935 man.
782 4884 844 4937 add.
864 4886 889 4935 P
