3525 5600
883 339 1058 404 stubam!

923 541 1010 608 ans

759 762 761 765 .
840 683 1099 780 dlllblldll

740 826 743 830 ⁴
790 855 931 908 nouam
950 854 1152 906 savarovus

484 990 1102 1068 CONSTANTINOPOLITANI
1130 989 1458 1066 GRAMMATICI

899 1181 1051 1192 0——

729 1301 778 1362 ui:
800 1300 982 1364 PARTIBVS
1005 1299 1206 1362 catalonis

410 1421 526 1483 Probus
548 1429 577 1482 et
593 1422 699 1489 Varro,
724 1419 799 1482 altar
821 1439 924 1481 eorum
946 1422 976 1480 in
999 1420 1073 1482 duas
1095 1427 1194 1500 partes
1216 1419 1320 1480 scribit
1347 1417 1531 1498 etreliquas
1547 1417 1616 1480 sub·

324 1525 417 1584 iactas
431 1524 510 1595 lacit,
526 1523 600 1584 alter
613 1525 643 1582 in
659 1533 808 1602 quattuor,
825 1531 916 1602 prout
933 1524 1057 1604 quisque
1072 1524 1168 1602 potuit
1180 1524 1300 1582 sentire.
1325 1540 1379 1582 uos
1397 1539 1466 1582 vero
1481 1523 1618 1582 convenit

324 1626 430 1687 Donati
452 1628 538 1703 sequi
560 1627 774 1686 auctoritatem.
798 1626 889 1702 igitur
911 1633 978 1686 octo
994 1633 1093 1704 partes
1109 1625 1250 1685 orationis
1266 1641 1330 1684 esse
1347 1622 1480 1684 dicimus.
1505 1642 1615 1684 nomen

325 1726 436 1788 dictum
464 1730 547 1807 quasi
576 1734 729 1794 notamen,
760 1725 837 1804 quod
865 1745 916 1787 res
945 1725 1030 1788 nobis
1058 1736 1143 1787 notas
1171 1726 1291 1794 eiiciat;
1325 1742 1505 1805 pronomen,
1536 1725 1614 1806 quod

323 1827 436 1909 inpleat
458 1831 584 1890 nominis
607 1831 715 1898 vicem:
740 1827 878 1898 verbum,
903 1828 981 1907 quod
1003 1828 1195 1898 verberatos
1218 1835 1312 1889 motus
1327 1826 1443 1906 linguae
1459 1827 1614 1895 reductus;
1633 1853 1656 1890 ro

325 1929 513 2002 adverbium,
548 1931 627 2010 quod
655 1929 752 1992 verbis
779 1930 926 1991 adiectum
954 1933 1006 2000 sit;
1036 1933 1231 2006 participium
1253 1948 1289 1998 ιις
1323 1931 1505 1998 coniunctio,
1535 1931 1614 2010 quod

324 2034 484 2110 coniungat
505 2032 579 2094 duas
600 2041 714 2113 partes;
727 2033 936 2111 praepositio,
960 2051 1035 2112 quae
1057 2031 1193 2093 omnibus
1213 2031 1347 2112 partibus
1368 2039 1570 2113 praeponatur
1585 2040 1616 2092 et

324 2133 380 2195 sibi
402 2136 474 2215 ipsi;
498 2135 674 2204 interiectio,
698 2151 774 2213 quae
797 2153 833 2194 ex
855 2135 961 2196 allecta
983 2136 1113 2196 nascitur
1136 2136 1252 2196 meotis.
1353 2199 1359 2206 ,

861 2304 909 2364 on
932 2303 1076 2384 uonrrun

220 2443 308 2504 soso
404 2425 578 2505 Proprie:
603 2427 739 2504 proprie,
764 2430 795 2484 ut
809 2424 903 2484 Roma
919 2423 1049 2492 Tiberis;
1073 2427 1285 2494 communiter,
1301 2435 1334 2484 ut
1349 2422 1420 2485 urbs
1435 2424 1556 2486 flumen,
1575 2461 1613 2469 -
1632 2439 1656 2477 15

293 2526 468 2588 6Nomini
490 2535 578 2608 quot
600 2527 794 2588 accidunt?
817 2526 941 2606 qualitas
957 2525 1077 2596 accidit,
1102 2533 1135 2586 ut
1156 2529 1282 2587 sciamus
1301 2522 1305 2608 Ι
1326 2525 1412 2604 quale
1435 2543 1544 2588 noman
1567 2528 1614 2596 sit,

320 2627 515 2690 masculinum
529 2649 568 2690 au
583 2629 772 2699 femininum,
796 2629 840 2707 vel
862 2631 1016 2708 proprium
1032 2646 1068 2689 an
1084 2625 1308 2708 appellativum:
1332 2633 1519 2706 conparatis,
1545 2630 1615 2707 quia

320 2729 494 2811 appellativa
515 2733 636 2792 nomina
652 2738 862 2812 conparantur,
890 2731 1009 2811 propria
1033 2749 1206 2812 numquam:
1230 2749 1338 2809 genus,
1360 2738 1391 2792 ut
1411 2731 1616 2793 discernamus

320 2850 423 2902 sexum
445 2852 601 2906 numerus,
618 2835 669 2912 qui
684 2852 775 2894 unum
793 2841 822 2895 ct
836 2832 939 2913 plures
954 2833 1151 2895 demonstrat:
1177 2841 1206 2895 et
1222 2835 1385 2895 communis
1401 2842 1446 2895 est
1460 2852 1613 2904 numerus,

320 2937 372 3015 qui
388 2941 417 2995 et
432 2934 526 2997 dualis
536 2935 647 2997 dicitur
662 2935 741 3015 apud
754 2934 892 3005 Graecos,
912 2942 944 2996 ut
955 2938 1070 3015 species
1084 2937 1174 2997 iacies
1184 2954 1248 2997 res:
1268 2936 1371 3014 ligura,
1389 2937 1456 3016 quia
1468 2936 1613 3016 simplicia
1629 2952 1656 2991 so

292 3038 439 3100 anomina
456 3038 585 3116 conponi
599 3044 740 3116 possunt;
765 3057 867 3108 casus,
883 3037 989 3117 quibus
1005 3041 1125 3099 nomina
1141 3038 1338 3099 declinantur.
1358 3072 1392 3081 -
1410 3038 1612 3119 bipertita:

320 3140 351 3199 in
375 3138 448 3200 duas
470 3146 571 3219 partes
593 3139 695 3201 divisa.
718 3139 917 3200 -Nomen
942 3148 1013 3201 cst:
1037 3139 1198 3201 notandum,
1221 3140 1298 3217 quod
1327 3138 1465 3222 prolf'pria
1495 3143 1614 3202 nomina

292 3239 465 3321 apluralcm
482 3260 542 3302 non
558 3240 678 3304 babent.
695 3276 734 3285 -
749 3240 1042 3321 appellativum:
1066 3241 1273 3322 appellativum
1299 3250 1342 3303 est
1364 3260 1522 3303 commune
1545 3261 1613 3303 cum

276 3358 305 3405 ιι
319 3341 429 3403 multis.
442 3378 475 3386 -
487 3342 736 3424 appellativa:
750 3342 926 3423 appellativa
936 3354 1154 3425 comparantur,
1166 3346 1286 3425 propria
1299 3346 1463 3426 comparari
1473 3364 1532 3405 non
1544 3364 1614 3424 pos·

302 3450 396 3538 ‘suut
412 3479 455 3487 —
470 3444 679 3506 llumtanat:
703 3453 816 3506 mabam
832 3444 920 3505 modo
935 3443 1016 3506 sola·
1033 3480 1069 3490 -
1088 3445 1330 3517 Qualitatcm:
1353 3447 1382 3506 in
1399 3446 1539 3525 qualitate
1555 3446 1614 3507 duo
1628 3460 1654 3499 25

319 3545 493 3626 principalia
509 3547 678 3625 quaerenda
693 3554 772 3616 sunt,
790 3549 880 3608 animi
897 3554 927 3607 et
941 3549 1084 3626 corporis,
1102 3554 1131 3607 et
1147 3566 1238 3609 unum
1252 3550 1444 3616 extrinsecus,
1461 3547 1587 3615 divitiae,
1609 3544 1613 3629 Ι

319 3648 447 3726 dignitas
462 3650 520 3718 rei:
544 3650 575 3709 in
591 3651 755 3727 quantitate
771 3668 878 3719 unum,
902 3667 989 3727 quam
1006 3668 1131 3729 magnus
1146 3658 1196 3709 aut
1213 3667 1300 3726 quam
1314 3650 1420 3711 brevis.
1454 3668 1521 3709 nam
1545 3647 1614 3708 ideo

319 3748 394 3809 dixit
415 3748 611 3822 ‘dumtaxat',
634 3751 664 3811 id
688 3760 732 3813 est
754 3750 832 3823 sola,
856 3755 925 3831 quia
940 3750 1031 3813 multa
1047 3750 1102 3811 alia
1117 3760 1186 3812 suot
1201 3754 1320 3811 nomina
1336 3750 1520 3831 appellativa,
1538 3768 1613 3830 quae

275 3870 305 3917 ιι
319 3849 488 3929 qualitatem
505 3859 556 3912 aut
571 3855 762 3932 quantitatem
779 3872 839 3914 non
854 3854 1011 3933 recipiunt.
1029 3886 1060 3896 -
1080 3852 1259 3933 Compara
1270 3856 1380 3913 tirus:
1398 3853 1614 3932 comparativus

349 3972 538 3979 ,φφ--

385 4038 448 4089 God.
473 4036 553 4088 Besa.
579 4042 588 4089 l
611 4040 697 4092 2-3.
789 4042 801 4091 l
826 4041 885 4101 s·²
915 4056 956 4091 ars
983 4040 1092 4089 cledonii
1118 4038 1123 4101 Ι
1152 4042 1248 4089 romani
1279 4040 1403 4089 servatoris
1429 4036 1433 4100 Ι
1460 4040 1613 4089 costantino-

318 4109 423 4173 politaui
439 4110 443 4172 Ι
459 4110 628 4175 grammatici.
645 4108 650 4174 Ι
665 4113 761 4159 receati
775 4126 848 4159 raaaa
862 4110 1016 4172 adscriptam
1034 4118 1073 4160 est
1091 4110 1122 4159 ad
1141 4111 1218 4159 lidum
1284 4112 1306 4169 f.
1326 4108 1359 4158 2*
1377 4110 1479 4173 (incipit
1499 4110 1561 4161 add.
1577 4110 1612 4161 al.

316 4180 396 4240 raca.)
416 4179 561 4243 explanatio
580 4180 657 4229 tatius
676 4180 739 4230 anis
756 4178 761 4243 Ι
776 4180 874 4242 (donati
893 4181 954 4231 add.
968 4184 1002 4231 al.
1017 4184 1095 4237 aran.)
1113 4180 1215 4229 collecta
1232 4196 1263 4229 ex
1281 4180 1391 4229 diuersis
1407 4179 1412 4239 Ι
1428 4194 1484 4228 crini
1499 4181 1591 4229 ceteris
1609 4180 1611 4241 Ι

317 4248 349 4296 da
375 4249 488 4312 partibus
511 4250 631 4299 orationis
653 4252 658 4311 Ι
680 4252 776 4314 probos
799 4260 823 4300 et
847 4264 923 4299 crasso
951 4249 1031 4313 (corr,
1062 4253 1160 4300 recenti
1176 4266 1249 4299 rrvaau
1273 4266 1305 4297 ex
1332 4250 1419 4309 basso)
1448 4248 1612 4298 alterautrurn

318 4318 396 4379 (carr.
416 4321 529 4369 arnan.
548 4318 613 4369 alter
630 4322 729 4381 eorum)
749 4319 772 4367 in
795 4320 859 4369 duaa
878 4330 963 4385 partes
1019 4318 1051 4370 10
1070 4320 1206 4369 redductus
1278 4320 1307 4370 ll
1327 4321 1360 4369 ait
1379 4319 1507 4369 conluntio
1549 4336 1553 4343 ’
1581 4320 1612 4369 lt

318 4402 350 4437 oa
370 4382 466 4439 noaino
485 4404 530 4441 ara.
605 4388 636 4439 15
662 4390 781 4455 propriae
804 4391 922 4455 propriae
992 4405 1053 4455 urps
1125 4388 1157 4440 16
1183 4387 1253 4454 quot]
1274 4389 1341 4453 qood
1415 4389 1445 4439 17
1464 4391 1613 4453 conparatio

317 4474 364 4510 om.
435 4460 469 4511 ‘26
487 4458 646 4523 principialia
708 4459 742 4510 28
758 4458 827 4525 quia]
848 4474 924 4522 quam

387 4632 403 4681 ὅ
427 4631 490 4681 alter
507 4633 646 4682 orationem
668 4634 692 4680 iu
712 4634 820 4683 coniecit
837 4632 959 4695 Hapeaas
1030 4630 1126 4697 scribit]
1152 4632 1267 4681 discribit
1290 4631 1395 4680 coniecit
1419 4630 1558 4679 Wilmanas
1580 4632 1614 4681 de

323 4702 403 4748 l'arr.
422 4701 480 4750 libr.
497 4718 600 4767 prarmn.
617 4718 645 4766 p.
662 4704 728 4761 alr,
747 4705 790 4766 qai
807 4702 934 4751 Varronis
953 4701 984 4750 de
1002 4703 1166 4767 qrnnrrnatica
1182 4701 1247 4752 libro
1264 4700 1327 4749 llaec
1346 4701 1433 4750 cribrat
1452 4700 1484 4749 ia.
1505 4717 1531 4763 p.
1552 4702 1609 4751 115.

318 4778 438 4837 quattuor
451 4781 542 4833 partes
558 4776 681 4823 orationis
692 4776 764 4835 ponit
783 4774 870 4822 Varro
887 4771 919 4820 da
934 4772 950 4819 l.
969 4774 986 4823 l.
1009 4773 1065 4821 Vlll
1083 4772 1115 4823 44
1136 4786 1162 4835 ρ.
1182 4773 1233 4822 424
1252 4770 1298 4837 Sp.
1318 4768 1378 4820 etX
1400 4770 1431 4821 17
1445 4787 1473 4836 p.
1493 4770 1545 4821 554
1564 4770 1609 4833 Sp.

320 4840 402 4892 Probi
418 4841 504 4892 aurio
519 4842 583 4892 ande
597 4845 677 4907 petita
696 4844 794 4895 sitnon
812 4848 913 4895 constat
