3525 5600
806 385 876 448 ARS
1423 387 1486 457 383

1288 511 1308 552 p.
1323 500 1424 541 ‘loll-'13
1437 499 1461 546 P.

205 581 293 658 ipsam
317 578 558 654 coniugationem
581 578 611 636 in
634 575 780 637 secundae
803 595 947 656 personae
970 576 1080 637 litteris
1095 581 1306 640 consistentem
1321 599 1357 640 ex
1373 584 1486 660 primae

202 697 343 762 personae
372 679 457 740 modo
486 685 516 739 et
544 681 657 740 ratione
687 679 825 749 formari,
849 679 927 758 quod
950 697 1038 758 quam
1061 679 1235 742 brevissime
1257 689 1362 760 potero
1384 687 1487 762 paucis

203 782 362 844 ostendam.
407 784 546 860 quotiens
571 779 574 860 ζ
599 783 712 860 primae
736 782 955 858 coniugationis
976 781 1107 842 litteram
1128 782 1267 844 habitura
1290 792 1335 844 est
1357 786 1486 846 secunda

201 903 338 966 persona,
362 885 459 964 prima
481 901 607 964 persona
630 891 696 944 autc
720 903 737 944 o
761 883 893 945 ultimam
915 892 966 943 aut
987 891 1184 944 consonantes
1205 885 1341 955 habebit,
1366 893 1399 946 ut
1421 906 1486 948 amo

178 995 283 1048 seanto
306 995 337 1048 et
359 986 483 1056 similia;
507 992 558 1046 aut
580 1005 595 1046 e
618 992 686 1046 ante
709 1005 726 1046 o
748 984 886 1054 habebit,
910 993 944 1045 ut
958 987 1057 1047 calceo
1072 986 1199 1056 calceaS,
1224 1006 1335 1051 nauseo
1350 1008 1484 1060 nauseas,

71 1071 73 1098 ⁵
200 1097 247 1150 aut
268 1091 292 1159 i,
324 1096 357 1148 ut
383 1089 461 1149 lanio
488 1088 596 1158 lanias,
626 1095 676 1149 aut
698 1108 717 1149 ιι
740 1107 794 1168 pro
823 1090 1011 1156 consonanti,
1041 1095 1075 1148 ut
1101 1089 1207 1150 adiuvo
1236 1090 1370 1161 adiuvas,
1395 1099 1485 1152 autu

199 1211 251 1272 pro
272 1192 380 1260 vocali,
405 1196 438 1250 ut
459 1209 551 1252 vacuo
573 1209 693 1260 vacuas,
717 1191 827 1252 lluctuo
849 1190 989 1259 lluctuas,
1012 1192 1100 1251 sinuo
1121 1194 1232 1252 sinuas.
1277 1196 1415 1272 quotiens
1438 1214 1483 1255 se-

199 1295 309 1355 cxmdae
340 1295 557 1370 coniugationis
583 1292 721 1353 habitura
750 1299 795 1352 est
823 1292 954 1353 litteram
981 1293 1109 1354 secunda
1131 1312 1273 1374 persona,
1297 1297 1393 1374 prima
1415 1315 1483 1376 per-

199 1416 266 1458 sona
289 1375 397 1458 e'ante
420 1414 438 1454 o
461 1395 593 1456 ultimam
615 1394 751 1465 habebit,
776 1401 807 1455 ut
829 1394 915 1454 rideo
936 1413 1052 1456 moneo.
1097 1397 1128 1455 in
1151 1395 1206 1456 hac
1228 1397 1356 1457 secunda
1380 1401 1482 1458 coniu-

167 1503 315 1578 rogatione
339 1499 395 1559 hoc
417 1516 525 1558 novum
547 1504 607 1568 est,
631 1499 709 1578 quod
733 1498 763 1558 iu
786 1499 950 1578 praeterito
978 1497 1111 1576 perfecto
1139 1506 1169 1556 et
1195 1497 1484 1580 plusquamperfecto

197 1601 341 1682 quaedam
364 1578 461 1661 verba
475 1603 600 1661 formam
623 1600 743 1678 regulae
766 1619 825 1661 uon
848 1608 979 1670 servant,
1003 1600 1055 1661 sed
1077 1601 1175 1679 potius
1197 1601 1410 1683 consuetudine
1433 1603 1483 1664 de·

197 1705 355 1766 elidantur.
401 1704 551 1764 interdum
579 1704 658 1762 enirn
686 1704 812 1764 formam
842 1702 985 1763 exhibent
1012 1705 1211 1782 passivorum,
1234 1703 1326 1764 utab
1349 1706 1484 1785 eoquod

197 1815 240 1868 est
273 1805 389 1884 gaudeo
421 1809 538 1883 gavisus
571 1823 650 1874 sum,
681 1805 820 1865 similiter
848 1811 876 1865 et
904 1809 1023 1883 gavisus
1050 1822 1146 1874 eram,
1176 1823 1243 1865 oum
1270 1805 1367 1885 aliqua
1393 1807 1484 1868 multa

196 1915 353 1988 praeterea
382 1908 469 1968 rerba
498 1910 584 1968 istius
612 1908 831 1984 coniugationis
857 1909 984 1968 sormam
1006 1907 1125 1985 regulae
1149 1925 1219 1968 suae
1242 1907 1423 1979 custodiant,
1452 1918 1485 1970 ut

163 2011 284 2072 issedeo
308 2011 387 2080 sedi,
412 2029 516 2071 moneo
539 2012 652 2070 monui.
696 2011 835 2088 quotiens
864 2027 934 2069 vero
962 2013 1067 2070 tertiae
1090 2011 1309 2087 coniugationis
1330 2018 1484 2090 correptae

195 2115 326 2175 litteram
350 2112 519 2174 exhibitura
546 2119 592 2172 est
614 2111 742 2172 secunda
766 2129 908 2192 persona,
939 2120 1010 2172 tunc
1037 2115 1151 2192 primae
1174 2130 1319 2191 personae
1341 2131 1359 2172 o
1382 2112 1484 2174 ultima

195 2217 294 2276 littera
323 2223 374 2275 aut
403 2234 418 2274 a
446 2214 677 2275 consonantibus
691 2214 917 2293 'praecedetur,
948 2220 980 2274 ut
1001 2213 1067 2290 lego
1088 2214 1177 2291 legis,
1201 2222 1271 2293 peto
1293 2217 1371 2294 petis
1392 2222 1422 2276 et
1444 2219 1484 2276 si·

195 2319 292 2387 inilia,
324 2324 374 2376 aut
402 2316 438 2377 ab
469 2319 477 2376 i
505 2317 550 2376 rel
578 2335 597 2376 u
626 2315 790 2385 vocalibus
820 2323 853 2377 ut
882 2319 968 2395 rapio
990 2318 1084 2394 rapis,
1108 2316 1200 2376 induo
1222 2315 1330 2376 induis.
1376 2319 1406 2377 in
1429 2318 1484 2378 hac

194 2421 403 2496 coniugatione
427 2417 499 2478 illud
521 2435 629 2479 novum
651 2420 765 2488 evenit,
790 2418 867 2498 quod
891 2417 1035 2497 quaedam
1062 2416 1152 2477 verba
1174 2420 1205 2478 in
1228 2418 1323 2479 forma
1350 2421 1484 2498 perlecta

159 2521 359 2582 aoseeundum
392 2520 638 2581 consuetudinem
671 2523 770 2600 potius
802 2538 892 2599 quam
926 2519 1088 2580 secuudum
1121 2519 1255 2597 regulam
1287 2520 1482 2582 declinantur.

81 2639 92 2656 ⁴
193 2643 260 2684 nam
284 2641 353 2683 eum
374 2623 441 2700 lego
463 2639 535 2700 rego
558 2630 587 2682 et
609 2640 709 2702 pungo
731 2639 868 2700 expungo
893 2621 1002 2682 similia
1025 2623 1098 2690 sint,
1123 2622 1210 2682 aliter
1232 2628 1320 2702 atque
1343 2623 1430 2683 aliter
1452 2626 1483 2683 in

191 2727 365 2807 praeteritis
394 2723 579 2804 temporibus
606 2724 786 2785 atteruntur:
824 2723 939 2784 iaciunt
966 2724 1046 2783 enim
1074 2723 1132 2802 legi
1161 2724 1306 2803 legeram,
1330 2727 1394 2784 rexi
1415 2743 1483 2784 rex·

192 2848 289 2897 cram,
321 2830 432 2907 pupugi
461 2846 657 2907 pupugeram,
693 2829 821 2907 expunxi
855 2843 1065 2905 expunxeram.
1109 2828 1246 2905 quotiens
1274 2846 1344 2888 vero
1375 2830 1482 2889 tertiae

192 2932 414 3008 coniugatiouis
436 2930 597 3010 productae
621 2930 719 2991 littera
741 2931 840 2991 lutura
862 2931 954 2989 estin
978 2928 1105 2989 secuuda
1128 2947 1270 3009 persona,
1294 2937 1365 2991 tunc
1387 2934 1482 3011 prima

156 3052 179 3091 ss
192 3051 322 3113 persona
346 3038 412 3093 ante
436 3050 453 3091 o
481 3032 614 3093 ultimam
642 3040 730 3093 aute
759 3030 896 3102 babebit,
920 3039 953 3091 ut
975 3031 1048 3091 adeo
1070 3032 1197 3110 prodeo,
1222 3039 1271 3092 aut
1293 3035 1317 3102 i,
1341 3040 1375 3093 ut
1396 3034 1483 3094 audio

191 3136 305 3196 nutrio.
351 3136 381 3193 in
409 3134 465 3194 hac
492 3136 701 3211 coniugatione
730 3136 787 3195 tria
810 3152 885 3193 nova
907 3140 990 3193 sunt:
1018 3151 1124 3203 uuum,
1148 3133 1226 3213 quod
1248 3152 1315 3194 omn
1337 3138 1481 3215 praeteri-

191 3246 254 3299 tum
284 3236 451 3316 perlectum
479 3235 593 3303 adiecta
622 3236 657 3296 ad
686 3238 893 3315 imperativum
926 3237 955 3294 ri
989 3234 1098 3314 syllaba
1127 3236 1230 3305 iaciat,
1262 3242 1294 3296 ut
1321 3236 1369 3297 adi
1397 3238 1482 3317 prodi

191 3340 260 3401 audi
292 3340 389 3407 nutri,
421 3337 498 3397 adivi
526 3337 642 3416 prodivi
670 3338 767 3399 audivi
794 3339 924 3407 nutrivi,
961 3337 1141 3398 consuetudo
1169 3337 1324 3399 breuitatis
1351 3358 1437 3400 causa
1467 3360 1482 3398 v

188 3444 322 3504 litteram
351 3438 508 3501 subtrahit
541 3445 571 3498 et
599 3442 608 3500 i
636 3440 765 3503 litteram
795 3440 928 3501 ultimam
955 3442 1100 3519 geminat,
1132 3446 1165 3499 ut
1192 3441 1252 3502 adii
1279 3443 1378 3521 prodii
1401 3444 1481 3504 audii

153 3557 177 3599 ao
191 3546 302 3613 nutrii,
327 3560 402 3622 quac
424 3542 523 3603 littera
546 3561 638 3623 aeque
662 3550 692 3603 et
713 3546 744 3604 in
766 3544 1057 3623 plusquamperfecto
1072 3542 1272 3613 subtrahitur,
1295 3554 1329 3605 ιιι
1351 3545 1482 3606 adieram

189 3646 364 3726 prodieram
392 3644 544 3705 audieram
573 3647 753 3715 nutrieram;
783 3653 812 3705 et
840 3646 918 3724 qnod
945 3645 1120 3725 plerumque
1142 3646 1360 3723 coniugationis
1381 3647 1482 3708 littera

189 3755 342 3815 mutatur,
371 3754 405 3805 ut
426 3746 498 3807 salio
523 3744 643 3826 [desilio
666 3764 724 3807 nou
748 3744 842 3827 saluo]
874 3765 933 3807 non
957 3745 1079 3816 saliere,
1108 3746 1159 3806 sed
1183 3748 1298 3808 saluere
1321 3750 1424 3819 iaciat,
1448 3756 1482 3810 ut

190 3850 337 3929 Virgilius
370 3848 539 3908 ‘saluere
574 3866 640 3928 per
668 3852 790 3909 utres'
819 3856 849 3907 et
877 3848 1054 3909 ‘desiluit
1080 3848 1253 3910 Turnus².
1298 3853 1371 3910 item
1403 3850 1479 3929 quod

260 4108 278 4157 2
298 4114 403 4171 potuero
424 4104 456 4155 M
505 4104 522 4155 3
538 4104 698 4168 quotiens-
711 4104 769 4163 384,
784 4104 816 4155 10
832 4104 922 4153 adeam
939 4102 1015 4152 adibo
1028 4103 1127 4154 Choria.
1143 4121 1170 4167 p.
1187 4105 1245 4160 176,
1258 4103 1274 4153 3
1287 4132 1319 4140 -
1327 4122 1355 4170 p.
1375 4105 1432 4161 178,
1447 4106 1481 4156 33

189 4180 273 4228 Dium.
286 4192 316 4239 p.
336 4174 394 4235 346,
414 4176 448 4225 30
466 4202 499 4211 -
514 4192 543 4239 p.
563 4174 623 4232 351,
641 4174 657 4225 3
727 4174 743 4225 6
762 4181 803 4222 sut
820 4190 836 4223 u
856 4173 1000 4238 provocati
1019 4204 1053 4213 -
1070 4176 1158 4223 sinuas
1175 4190 1223 4225 om.
1244 4174 1277 4223 M
1290 4174 1430 4225 sectaretur

189 4244 274 4307 Beati
297 4247 331 4295 sit
347 4244 407 4296 ML
460 4244 522 4294 out
539 4259 630 4295 moneo
648 4244 723 4293 uideo
740 4244 766 4293 iu
784 4242 832 4293 hac
845 4258 907 4307 ergo
925 4244 1171 4309 coniugationeBL
1230 4241 1337 4310 llnon]
1361 4246 1480 4295 neoBL

262 4314 296 4367 13
312 4312 408 4381 aliqua]
430 4315 541 4377 alioquin
561 4314 586 4363 B
603 4312 655 4362 alia
672 4314 809 4364 Siobardue
869 4314 902 4364 14
919 4314 1065 4363 custodiunt
1082 4323 1110 4363 ut
1125 4315 1202 4365 sedeo
1215 4328 1306 4364 moneo
1320 4314 1376 4364 sedi
1394 4315 1479 4365 monui

191 4387 224 4437 M
299 4385 331 4436 16
349 4384 470 4435 babetura
488 4383 598 4434 secunda
622 4382 654 4432 M
740 4384 770 4434 17
789 4392 832 4433 aut
851 4384 1047 4433 consonantibus
1067 4384 1100 4434 M
1106 4384 1130 4431 L
1216 4383 1249 4435 ltt
1267 4384 1334 4445 quod
1356 4387 1480 4447 quaedam

189 4466 251 4507 sunt
277 4456 356 4505 uerba
374 4456 399 4504 iu
419 4453 500 4503 iorrno
519 4452 631 4518 perlecta
653 4454 731 4516 (quaa
752 4452 813 4505 odd.
836 4455 870 4502 at.
890 4468 956 4503 man.
979 4454 1016 4515 B)
1035 4454 1174 4504 seeundum
1195 4453 1404 4504 cousuetudinem
1425 4455 1480 4503 BL

190 4525 261 4591 qnod
281 4525 405 4589 quaedam
424 4525 450 4573 iu
469 4523 548 4573 torma
565 4522 676 4589 perlecta
694 4524 834 4573 secundum
852 4522 1060 4571 consuetudinem
1078 4526 1117 4573 soi
1131 4524 1164 4573 M
1212 4524 1245 4575 21
1265 4532 1290 4572 et
1301 4538 1348 4575 om.
1364 4525 1422 4574 Bb

190 4592 253 4662 siut]
273 4604 334 4645 suut
346 4594 406 4644 Bar
458 4594 491 4645 23
512 4594 627 4659 pupuogi
645 4607 821 4659 pupunxeram
840 4592 922 4656 (com
937 4594 1124 4659 pupuogeram)
1142 4594 1256 4659 expungi
1272 4608 1445 4659 expungeram
1457 4596 1481 4644 L

261 4666 296 4715 24
317 4665 439 4731 producta
458 4664 525 4721 BL,
544 4668 569 4713 ιἰι
587 4678 665 4729 marg.
686 4664 746 4713 add.
768 4664 801 4713 M
855 4663 889 4713 ’16
906 4676 963 4711 curn
980 4678 1026 4716 ona,
1046 4662 1079 4711 M
1130 4664 1164 4716 29
1181 4662 1305 4713 abstrahit
1321 4662 1377 4727 M,
1403 4663 1436 4715 31
1456 4674 1481 4713 et

190 4736 260 4799 quod
275 4733 424 4801 plerumque
442 4760 476 4770 -
494 4734 529 4785 33
542 4734 642 4782 Turnus
659 4734 740 4785 Dium.
756 4752 783 4799 p.
803 4730 862 4793 374,
882 4733 978 4783 6-12
1030 4732 1108 4799 quod]
1127 4735 1323 4796 quamquamh
1392 4732 1426 4783 32
1442 4736 1477 4784 di·

190 4806 251 4854 silio
270 4804 448 4855 Bhtdesilio
468 4818 516 4854 nou
535 4804 607 4851 saluo
625 4818 669 4855 ona.
691 4804 724 4854 M
774 4803 834 4853 lacit
852 4803 878 4852 B
935 4800 969 4854 33
987 4796 1096 4869 saluere]
1123 4806 1201 4867 Verg.
1218 4818 1305 4868 georg.
1324 4800 1411 4855 11384

191 4875 291 4925 disiluit
307 4872 330 4923 B
337 4875 382 4923 M:
405 4874 483 4939 Verg.
504 4874 568 4924 Aen.
586 4872 608 4921 X
627 4874 678 4925 453
748 4876 807 4923 item
825 4874 946 4936 estquod
964 4875 987 4923 L
1004 4874 1063 4923 item
1080 4884 1118 4924 est
1136 4888 1201 4937 quae
1215 4874 1240 4923 B
