3525 5600
663 327 898 390 COMMENTVM
1371 326 1432 390 143

1248 449 1269 488 p.
1283 437 1370 478 tot—os
1384 435 1406 474 L.
1481 442 1487 452 ’

155 514 287 577 noment’
318 513 407 575 debet
436 512 441 596 Ι
470 513 520 576 ille
548 515 730 595 respondere
757 517 927 596 ‘proprium
937 521 955 574 ².
1002 514 1096 576 debeo
1123 517 1310 594 interrogare
1340 521 1432 595 ‘quae

153 637 212 697 pars
231 618 379 696 propriit'
409 626 439 679 et
465 617 557 679 debet
584 617 634 678 ille
664 618 764 678 dicere
786 621 979 695 ‘agnomen'.
1024 619 1088 697 ipse
1112 627 1156 678 εει
1178 617 1252 678 ordo
1274 636 1362 678 verus
1384 637 1430 678 εε-

152 719 269 780 cuudum
290 720 562 797 interrogationem.
607 722 692 800 prius
721 729 767 781 est
795 722 874 780 euim
897 728 930 780 ut
951 720 1032 780 dicas
1054 719 1132 799 quod
1156 727 1200 780 est
1221 719 1379 796 gencrale,
1403 728 1433 780 ει

152 829 255 901 postea,
283 830 316 882 ut
337 820 418 882 dicas
445 821 524 901 quod
553 830 598 882 est
619 821 758 902 speciale.
803 830 952 892 ceterum,
975 823 1000 881 si
1023 829 1052 881 te
1073 823 1238 900 interroget
1259 822 1431 883 ‘Africanus

132 939 216 1003 aquae
235 941 304 1002 pars
324 925 503 985 orationisl'
527 932 558 986 ει
578 933 611 985 tu
633 923 713 984 dicas
735 927 933 1002 ‘agnomen’,
962 922 999 983 ab
1021 925 1089 984 imis
1111 925 1246 1002 coepisti,
1275 943 1335 985 non
1357 924 1431 986 mibi

152 1026 238 1086 dixisti
259 1027 325 1105 quia
348 1045 457 1087 nomen
480 1035 541 1095 est,
565 1025 672 1087 deinde
694 1045 754 1087 uon
776 1026 850 1086 mibi
873 1024 988 1096 dixisti,
1018 1033 1118 1086 utrum
1140 1027 1293 1105 proprium
1316 1029 1368 1095 sit,
1393 1045 1430 1088 au

152 1125 357 1207 appellativum,
380 1127 434 1188 sed
456 1127 554 1188 dixisti
576 1127 656 1208 quod
679 1136 743 1189 erat
763 1129 866 1189 imum.
901 1145 972 1204 erqo
994 1129 1037 1188 sic
1060 1126 1151 1188 debes
1174 1127 1283 1198 dicere,
1308 1132 1429 1190 ‘nomen

152 1239 200 1298 est,
222 1239 265 1290 est
285 1238 385 1290 autem
406 1231 577 1311 proprium,
600 1250 671 1310 pars
692 1237 793 1291 autem
814 1231 930 1310 proprii
952 1231 1081 1290 nominis
1105 1237 1149 1290 est
1172 1247 1319 1309 agnomen
1328 1235 1348 1291 ’.
1386 1233 1430 1292 sic

150 1330 275 1393 similiter
296 1340 326 1392 et
347 1330 469 1410 reliqua.

122 1484 140 1520 ιι
223 1467 411 1546 Diximnsde
433 1468 563 1546 propriis
584 1467 764 1528 nominibus.
795 1487 874 1529 nunc
896 1477 995 1529 autern
1017 1467 1167 1528 videamus
1190 1469 1306 1547 species
1329 1467 1427 1548 appel·
1442 1483 1502 1546 429,
1518 1485 1547 1532 15

151 1568 306 1638 latinorum,
329 1588 401 1648 quas
423 1569 550 1629 diximus
572 1588 637 1631 esse
659 1571 763 1648 viginti
784 1580 815 1630 et
840 1577 963 1650 septem.
1010 1578 1079 1630 sunt
1101 1570 1221 1630 nomina
1244 1568 1429 1649 appellativa,

150 1689 215 1750 quae
246 1669 431 1750 appellantur
462 1670 644 1750 corporalia:
676 1670 831 1751 corporale
863 1672 941 1752 quod
970 1671 1096 1732 dicimus
1123 1672 1166 1732 sic
1194 1671 1347 1732 delinitum
1377 1680 1429 1740 est,

150 1771 291 1852 corporale
313 1773 459 1853 estquod
481 1772 598 1834 ridetur
621 1781 650 1832 et
671 1775 812 1852 tangitur,
835 1783 867 1835 ut
889 1783 968 1835 terra
991 1772 1099 1834 humus
1121 1775 1209 1834 ensis.
1241 1783 1310 1835 suni
1332 1775 1429 1835 incor-

150 1875 263 1953 poralia,
285 1893 362 1954 quae
384 1893 440 1936 nec
462 1874 556 1936 videri
578 1893 634 1935 nec
655 1878 736 1954 tangi
758 1883 896 1954 possunt,
920 1884 953 1937 ut
974 1879 1069 1955 pietas
1091 1875 1200 1936 iustitia
1223 1875 1361 1954 dignitas.

120 2025 140 2064 ιι
224 2011 295 2072 Sunt
320 2013 436 2091 primae
463 2013 632 2091 positionis:
668 2013 781 2092 primae
802 2013 959 2092 positionis
981 2013 1119 2072 dicuntur
1142 2013 1263 2072 nomina
1287 2031 1361 2090 quae
1384 2029 1399 2070 a
1426 2011 1475 2096 [ιι

150 2120 240 2173 ιιειιιεε
266 2114 309 2173 sic
335 2121 406 2174 sunt
432 2114 525 2184 lacta,
553 2121 586 2174 ut
611 2121 684 2193 puta
705 2133 805 2184 mons,
829 2132 846 2174 a
869 2123 974 2176 natura
996 2116 1038 2175 sic
1061 2123 1118 2183 est;
1147 2113 1262 2183 schola,
1286 2133 1301 2174 a
1325 2121 1429 2175 natura

147 2215 184 2274 sic
204 2221 254 2275 est.
295 2216 350 2275 ista
378 2215 555 2295 principalia
583 2215 732 2277 dicuntur.
779 2215 886 2277 exinde
908 2217 984 2277 liunt
1005 2215 1164 2276 derivativa
1188 2223 1217 2275 et
1240 2215 1429 2276 diminutiva:

148 2315 307 2390 derivativa,
338 2336 355 2377 a
382 2328 484 2377 monte
516 2326 689 2388 monuuus,
722 2337 739 2378 a
772 2320 854 2380 tonte
883 2319 1036 2386 fontanum
1067 2317 1258 2397 diminutiva,
1283 2335 1299 2378 a
1328 2324 1429 2377 monte

148 2417 327 2489 monticulus,
350 2437 367 2479 a
390 2421 471 2504 lonte
493 2419 663 2481 fonticulus.
709 2419 761 2480 sed
788 2419 931 2480 derivatio
960 2421 1087 2480 nominis
1109 2418 1317 2480 deductionem
1340 2417 1430 2479 habet

117 2521 204 2581 usim
228 2539 326 2590 sensu,
356 2520 513 2581 diminutio
540 2540 660 2582 sensum
687 2521 833 2583 diminuit.
877 2521 935 2582 hoc
962 2523 1087 2584 interest
1112 2523 1190 2582 inter
1217 2520 1428 2581 derivationem

148 2631 173 2682 et
192 2621 427 2693 diminutionem,
457 2623 537 2700 quod
561 2623 703 2684 derivatio
730 2643 838 2685 nomen
862 2624 949 2692 lacit,
978 2643 1038 2685 non
1061 2632 1111 2684 aut
1133 2624 1226 2684 maius
1250 2623 1427 2692 autminus,

147 2725 191 2784 sed
213 2743 317 2786 nomen
339 2726 418 2786 lacit.
449 2743 550 2795 mons,
573 2734 733 2787 montanus
755 2727 852 2788 dictus
874 2733 930 2786 est.
967 2725 1111 2806 numquid
1135 2732 1292 2786 montanus
1315 2732 1359 2784 est
1380 2731 1430 2783 aut

147 2829 190 2905 rpri
216 2830 306 2887 maior
334 2837 380 2888 εει
406 2836 458 2889 aut
485 2830 535 2908 qui
561 2830 660 2891 minor
687 2832 750 2889 esti
779 2849 854 2899 non,
884 2828 936 2889 sed
966 2846 1073 2891 nomen
1096 2828 1194 2888 habet.
1241 2827 1428 2887 econtrario

147 2929 289 2990 diminutio
311 2948 373 2990 nou
395 2930 489 2991 solum
513 2950 622 2992 nomen
645 2933 729 3002 lacit,
758 2932 811 2992 sed
835 2938 865 2991 ει
885 2938 1006 2993 sen'sum
1029 2930 1180 3000 diminuit,
1207 2936 1329 3006 utputa
1352 2928 1427 2997 lons,

117 3031 292 3092 ulonticulus
314 3038 344 3093 et
365 3050 476 3093 nomen
499 3039 544 3093 est
565 3040 595 3093 et
615 3051 721 3107 sensus
735 3033 907 3095 diminutus.
939 3032 1012 3093 baec
1034 3034 1098 3111 ipsa
1121 3031 1276 3092 diminutio
1299 3032 1429 3111 plerum·

147 3151 197 3210 que
220 3134 336 3203 crescit;
360 3152 420 3195 nou
443 3153 576 3215 semper,
599 3134 652 3196 sed
674 3134 850 3215 plerumque
872 3136 990 3196 crescit.
1022 3134 1198 3211 aliquotiens
1220 3151 1277 3193 uua
1301 3135 1428 3194 diminu-

147 3235 181 3293 tio
208 3243 263 3305 est,
291 3234 469 3315 aliquotiens
495 3235 585 3306 duae,
615 3236 792 3316 aliquotiens
813 3246 890 3307 tres,
915 3236 1062 3317 quemad
1087 3236 1206 3297 modum
1228 3237 1362 3316 potueris
1384 3237 1428 3295 in-

148 3336 245 3396 reuire.
287 3344 320 3396 ut
348 3344 420 3415 puta
447 3356 541 3416 agnus
568 3338 733 3419 principale
761 3346 817 3400 est:
848 3340 895 3399 iac
918 3338 1140 3405 diminutivum,
1164 3336 1313 3416 agnellum
1338 3336 1427 3409 aliud,

147 3436 309 3514 agnicellus;
329 3436 409 3499 aliud
433 3438 653 3511 diminutivum,
677 3439 881 3519 agnicellulus.
916 3449 1000 3521 potes
1023 3441 1155 3501 invenire
1177 3441 1207 3499 iu
1230 3440 1377 3499 inlinitum
1400 3445 1435 3507 ει,

119 3538 241 3599 umultas
262 3538 499 3622 diminuitiones,
522 3561 597 3621 quae
619 3544 779 3623 praecipue
801 3538 887 3622 apiae
908 3552 977 3603 sunt
997 3541 1106 3621 lyricis.
1151 3540 1202 3602 sed
1226 3542 1302 3601 scire
1326 3540 1427 3611 debes,

147 3642 192 3711 ait,
213 3644 351 3720 quoniam
373 3641 448 3705 baec
468 3645 532 3723 ipsa
555 3644 713 3705 diminutio
735 3644 790 3704 bac
812 3653 877 3705 arte
900 3644 1035 3705 iacienda
1059 3653 1118 3713 est,
1149 3650 1196 3713 ut,
1220 3643 1337 3723 quando
1361 3662 1428 3703 seu·

147 3761 190 3803 sus
213 3745 367 3814 minuitur,
397 3753 511 3807 crescat
538 3764 681 3808 numerus
708 3745 897 3826 syllabarum.
942 3762 1011 3827 pura
1042 3764 1127 3807 mons
1155 3764 1211 3806 una
1234 3743 1343 3824 syllaba
1369 3752 1427 3805 est:

148 3844 317 3907 monticellus
339 3850 442 3918 crevit,
466 3855 604 3928 quattuor
625 3856 695 3909 suut
717 3847 860 3927 syllabae:
884 3847 1105 3910 monticellulus
1127 3848 1257 3928 quinque
1278 3856 1348 3909 sunt
1369 3846 1426 3927 syl-

146 3942 227 4008 labae.
270 3948 323 4009 sed
350 3951 491 4029 quoniam
518 3952 629 4013 scimus
655 3952 727 4011 istas
755 3968 804 4012 res
831 3968 891 4011 non
914 3968 1000 4031 posse
1027 3968 1146 4031 semper
1169 3952 1358 4029 contingere,
1381 3950 1425 4011 id·

205 4172 287 4237 iipse
306 4181 345 4222 εει
363 4172 426 4222 ordo
444 4171 535 4223 Bca:
552 4182 592 4222 est
607 4186 654 4225 om.
669 4170 694 4221 A
765 4170 868 4235 3quod
882 4179 922 4223 est
945 4172 1057 4238 speciale
1073 4169 1157 4223 sca·
1177 4188 1242 4235 quae
1261 4180 1299 4221 est
1317 4172 1427 4238 speciale

147 4239 168 4285 A
211 4245 371 4291 coaeterum
389 4245 412 4291 ei
431 4252 456 4293 te
475 4244 614 4308 interrogat
632 4241 762 4291 africanus
779 4258 845 4305 quae
859 4258 920 4308 pars
934 4242 1056 4292 orationis
1075 4252 1113 4292 εει
1129 4250 1153 4291 et
1171 4258 1235 4307 puer
1252 4242 1320 4292 dicat
1336 4256 1428 4292 nornen

148 4337 175 4346 —
191 4322 227 4359 εει
243 4311 353 4377 speciale
370 4320 497 4362 caeterum
517 4313 540 4363 εἰ
563 4321 588 4362 ιε
607 4313 746 4375 interroget
764 4311 893 4361 africanus
912 4328 977 4376 quae
995 4326 1055 4378 pars
1074 4312 1194 4363 orationis
1211 4322 1250 4363 ast
1267 4321 1292 4361 ει
1312 4320 1340 4361 ιιι
1358 4312 1427 4362 dicas

148 4382 293 4440 repetitum
309 4397 375 4447 quoe
389 4390 467 4432 antea
486 4385 583 4446 scripta
599 4391 674 4433 eraut
688 4382 713 4430 A
769 4382 801 4431 17
822 4384 868 4431 ista
889 4382 930 4433 Oa
949 4384 984 4431 ita
1001 4380 1040 4446 13,
1056 4398 1102 4433 orn.
1119 4383 1144 4431 A
1197 4381 1230 4433 18
1243 4382 1395 4432 diminutius
1412 4396 1427 4430 ε

148 4458 220 4499 monte
232 4452 385 4502 monticulus
402 4452 499 4502 alonte
518 4450 757 4503 fonticulusBCa*
772 4452 926 4503 diminutius
941 4466 956 4501 a
974 4450 1043 4501 l'ontc
1062 4451 1199 4502 louticulus
1218 4468 1233 4499 a
1252 4461 1337 4503 monte
1355 4466 1427 4503 mou·

148 4518 227 4570 tiendus
243 4522 268 4571 A
338 4521 372 4573 ²3
391 4522 473 4572 minor
487 4531 525 4571 εει
542 4522 609 4573 Bc.-
627 4531 666 4571 est
685 4536 732 4576 orn.
750 4522 775 4570 A
845 4522 878 4573 27
899 4532 950 4572 tres
969 4522 1183 4585 quemadmodum
1200 4522 1315 4587 potueris
1333 4522 1357 4628 pl
1375 4533 1427 4572 tres

1344 4602 1345 4605 ’
1361 4600 1409 4631 ilci!

149 4648 168 4685 et
182 4642 388 4702 quemadmodum
407 4643 521 4709 potueris
539 4642 565 4693 B
571 4644 628 4695 Ca:
646 4644 742 4709 poteris
756 4646 861 4696 coniecit
872 4644 1058 4693 Lindemannna
1118 4640 1152 4693 30
1168 4651 1241 4708 aptae
1257 4652 1320 4693 sunt.
1333 4600 1427 4708 aliquis

150 4708 276 4775 :illyricis
293 4714 381 4763 eodan
399 4729 481 4778 manu,
503 4714 654 4776 vividetur,
672 4712 862 4779 superscripto)
880 4702 955 4779 apide
972 4722 1031 4762 sunt
1050 4713 1135 4777 lyricis
1154 4712 1216 4775 (non
1234 4714 1295 4767 add.
1311 4713 1337 4776 b)
1351 4714 1427 4763 nullis

413 4792 442 4821 uo

151 4828 249 4897 Baptae
269 4844 329 4884 aaut
343 4834 432 4898 lyricis
443 4793 526 4885 nnullis
541 4835 562 4885 G
577 4843 661 4900 potest
674 4836 701 4884 iu
715 4836 821 4899 reliquis
838 4836 862 4885 L
932 4805 963 4887 :ti
984 4834 1085 4897 quaudo
1104 4836 1128 4883 A
1148 4843 1242 4898 quanto
1258 4834 1329 4885 BCa
