3525 5600
310 354 351 418 86
879 352 1032 414 l'tlllll'llll

310 541 486 630 posthunc
502 540 668 625 adscripta
683 549 760 605 sunt
775 537 954 622 significari
971 535 1071 602 volui.
1102 537 1136 599 iu
1159 537 1273 601 eodem
1296 537 1407 602 codiee
1429 541 1457 602 01
1475 543 1602 627 quando

310 653 404 709 vetus
434 643 596 728 scriptura
623 663 688 705 000
714 640 911 727 adparebat,
941 639 994 706 vel
1023 640 1153 726 punctis
1182 640 1296 725 positis
1324 639 1451 706 litteras
1482 642 1603 708 deletos

308 746 455 810 indicavi
469 743 523 808 rel
539 765 673 829 eaquae
688 741 766 806 olim
786 743 910 828 scripta
925 763 997 806 esse
1012 739 1213 806 ridebantur
1228 763 1301 804 eum
1317 743 1411 826 signo
1426 744 1604 830 iuterroga-

310 847 409 912 tionis
432 846 576 913 exhibui.
606 844 763 909 maiorem
778 865 890 908 curam
908 845 978 908 iure
993 841 1205 930 postulabant
1233 866 1270 906 ea
1293 867 1376 932 quae
1399 868 1441 909 ex
1463 847 1605 934 antiquis

311 949 525 1035 scriptoribus
548 948 650 1012 citata
676 945 731 1012 vel
754 969 795 1010 ex
816 947 962 1031 priorum
990 946 1276 1030 grammaticorum
1306 944 1456 1012 doctrina
1477 949 1608 1034 prolata

311 1061 398 1115 sunt.
435 1052 469 1114 in
490 1048 541 1112 his
564 1049 677 1133 igitur,
702 1059 735 1113 et
757 1047 864 1134 siquid
887 1058 1056 1134 praeterea
1078 1048 1161 1112 hanc
1185 1046 1386 1132 diligentiam
1410 1041 1619 1136 requi1·ebat‚'

313 1155 427 1218 curavi
448 1162 485 1217 ut
505 1148 586 1215 nihil
608 1150 695 1238 quod
717 1150 751 1214 10
772 1149 866 1215 libris
889 1173 988 1214 manu
1011 1151 1141 1237 scriptis
1165 1161 1252 1216 esset
1275 1149 1488 1218 omitteretur.

394 1255 531 1318 Praeter
557 1253 617 1317 hos
646 1253 747 1319 libros
775 1252 881 1322 tribus
910 1275 990 1316 usus
1015 1275 1085 1318 sum
1109 1252 1199 1334 aliis,
1223 1253 1398 1336 inquibus
1422 1254 1610 1340 fragmenta

311 1357 364 1424 vel
387 1365 542 1441 excerpta
562 1355 711 1442 Pompeii
734 1357 857 1440 scripta
879 1365 964 1419 sunt.
1002 1377 1078 1419 nam
1100 1355 1134 1418 in
1157 1355 1263 1440 prima
1276 1351 1361 1418 libri
1384 1367 1477 1440 parte
1500 1358 1610 1424 adfuit

311 1459 418 1525 codex
438 1459 642 1523 Larentinus
665 1457 739 1543 (L),
766 1455 808 1521 de
830 1480 894 1543 quo
918 1456 1042 1521 dietum
1065 1467 1114 1522 est
1137 1455 1201 1520 vol.
1224 1455 1273 1519 IV
1296 1457 1400 1542 praef.
1424 1481 1456 1544 p.
1480 1459 1609 1524 XLIX.

312 1564 347 1626 in
368 1562 430 1627 hoe
452 1581 530 1646 pars
556 1558 633 1624 libri
659 1559 736 1624 inde
765 1559 807 1625 ab
835 1559 930 1624 initio
953 1581 1058 1645 usque
1081 1558 1123 1622 ad
1145 1580 1217 1622 eam
1239 1567 1365 1644 partem
1388 1583 1472 1646 quae
1495 1572 1546 1626 est
1569 1563 1612 1626 de
1637 1545 1644 1569 ⁸

312 1664 414 1729 verbo
437 1663 561 1748 scripta
583 1671 634 1726 est
655 1670 773 1726 octavo
795 1660 944 1741 saeculo,
968 1660 993 1724 f.
1011 1664 1027 1722 1
1052 1666 1156 1724 Purrcr
1178 1667 1320 1726 00010010
1342 1666 1469 1727 1000100
1490 1670 1612 1742 quidem

315 1805 350 1816 -
376 1765 400 1829 f.
424 1765 466 1828 20
494 1769 616 1843 deponat
641 1773 739 1828 uatem
766 1767 843 1828 illud
868 1768 950 1842 quod
975 1769 1006 1825 10
1034 1767 1089 1826 dus
1115 1769 1187 1826 exit.
1232 1763 1290 1826 sed
1318 1763 1397 1827 haec
1426 1766 1537 1829 omnia
1564 1767 1614 1830 ita

312 1876 441 1932 mutata
468 1877 501 1931 et
527 1866 561 1928 10
589 1875 754 1952 postrema
781 1864 923 1930 maxime
951 1877 1045 1950 parte
1073 1864 1346 1950 inconpcndium
1369 1864 1612 1950 redacturum,

313 1981 350 2034 ut
372 1992 438 2034 non
460 1980 528 2034 tam
549 1989 607 2055 pro
629 1967 758 2052 integro
780 1965 930 2053 exemplo
953 1966 1029 2031 libri
1045 1967 1233 2053 Pompeiani
1249 1989 1347 2053 quam
1369 1989 1428 2052 pro
1444 1972 1612 2056 excerptis

313 2070 466 2136 habenda
487 2071 563 2134 sint.
594 2067 699 2134 codex
721 2079 829 2134 autem
851 2091 915 2154 quo
939 2069 967 2134 is
991 2071 1046 2154 qui
1067 2069 1148 2133 haee
1171 2078 1327 2154 excerpta
1342 2071 1515 2156 conposuit
1530 2095 1612 2136 usus

313 2183 364 2238 est
385 2182 422 2237 ut
442 2173 485 2236 ad
501 2170 800 2238 Wolfeubuttelani
814 2169 937 2235 codicis
961 2171 1158 2256 scripturam
1180 2171 1329 2256 proxime
1352 2172 1539 2254 accedebat,
1563 2176 1614 2238 ita

314 2287 347 2342 et
367 2277 430 2340 hoc
451 2285 484 2339 ct
515 2273 650 2360 reliquis
677 2273 829 2338 omnibus
851 2270 979 2359 plenior
1000 2279 1079 2337 erat.
1125 2295 1200 2338 uam
1222 2295 1287 2337 non
1310 2271 1414 2339 solum
1435 2275 1469 2338 in
1492 2275 1614 2361 princi-

316 2379 370 2465 pio
393 2375 619 2464 praefationis,
642 2395 725 2461 quae
748 2397 790 2438 ex
811 2374 873 2438 hoc
894 2375 1006 2440 codice
1029 2375 1119 2439 edita
1141 2386 1191 2440 est
1212 2373 1297 2442 anal.
1314 2399 1448 2460 gramm.
1465 2375 1612 2441 Vindob.

314 2504 347 2568 p.
362 2479 435 2559 510,
457 2477 655 2564 reliquorum
670 2476 828 2541 librorum
844 2476 1009 2542 defectum
1025 2477 1229 2564 reparavit*)
1238 2529 1247 2561 ,
1267 2477 1325 2544 sed
1346 2478 1443 2543 etiam
1459 2478 1492 2540 in
1509 2479 1616 2558 prima

314 2590 409 2669 parte
435 2578 528 2661 libri,
557 2602 640 2666 quae
667 2580 853 2644 accuratius
882 2601 980 2666 quam
1002 2578 1127 2666 reliqua
1150 2580 1272 2665 scripta
1295 2589 1361 2661 est,
1384 2579 1616 2666 supplementa

315 2682 477 2770 quaedam
488 2682 673 2767 scripturae
686 2679 813 2745 lacunis
828 2693 1001 2768 corruptae
1017 2683 1178 2768 praebuit.
1208 2682 1242 2745 in
1257 2690 1403 2746 extrema
1423 2679 1502 2746 libri
1516 2691 1615 2767 parte

316 2784 462 2851 devitiis
485 2793 518 2849 et
532 2784 711 2850 virtutibus
735 2784 894 2850 orationis
915 2806 973 2871 pro
990 2781 1101 2848 codiee
1115 2783 1420 2850 Wo'lfcubuttelano
1443 2806 1522 2848 usus
1538 2808 1614 2848 sum

315 2886 519 2953 Berolinensi
542 2886 620 2951 olim
642 2886 841 2951 Santeniano
865 2896 898 2950 et
920 2885 1066 2950 Parisino
1089 2885 1182 2965 7530,
1206 2886 1247 2950 dc
1270 2885 1388 2971 quibus
1412 2886 1538 2950 dictum
1562 2896 1615 2949 est

316 2988 382 3053 vol.
404 2989 453 3053 IV
474 2987 579 3075 praef.
602 3012 635 3075 p.
658 2987 799 3053 XXXII
822 2999 854 3052 et
876 2987 968 3052 XLI.
992 2988 1026 3050 in
1048 2986 1247 3051 Santoniano
1271 2986 1383 3052 codiee
1406 2986 1457 3074 (S)
1480 2998 1615 3073 praeter
1653 3050 1659 3062 ,

317 3090 384 3155 0110
405 3090 567 3179 quaedam
589 3113 632 3155 ex
653 3091 818 3177 prioribus
840 3089 918 3154 libri
939 3088 1089 3176 partibus
1113 3100 1267 3175 excerpta
1289 3089 1369 3153 hacc
1390 3112 1467 3177 pars
1491 3088 1615 3173 legitur

213 3256 222 3271 ,
318 3216 350 3281 p.
369 3194 429 3257 111
452 3198 490 3256 de
511 3197 697 3257 barbarismo
718 3201 805 3259 iuxta
821 3199 1001 3272 pompeium.
1026 3189 1305 3255 0010000000
1328 3230 1365 3239 -
1382 3215 1414 3279 p.
1430 3192 1493 3256 216
1516 3213 1536 3253 α
1559 3214 1614 3255 re-

318 3301 371 3360 bus
390 3300 516 3375 paribus
541 3300 676 3374 explicit.
721 3296 790 3359 eius
819 3295 1014 3379 scripturam
1041 3293 1144 3359 debeo
1168 3293 1383 3358 Lindemanni
1412 3292 1550 3357 editioni
1573 3316 1616 3357 ex

319 3397 381 3463 hoc
403 3396 515 3461 codice
537 3418 724 3483 expressae.
754 3394 981 3482 sedquoniam
998 3406 1090 3459 erant
1112 3394 1151 3458 de
1174 3396 1292 3479 quibus
1315 3396 1511 3478 dubitarem,
1535 3418 1615 3460 num

320 3508 407 3565 recte
428 3520 449 3561 a
470 3498 694 3563 Lindemanno
717 3497 822 3562 relata
843 3506 960 3568 essent,
985 3518 1058 3559 eum
1080 3518 1197 3582 operae
1219 3498 1358 3582 pretium
1382 3516 1448 3559 non
1469 3518 1544 3561 esse
1567 3498 1615 3560 iu-

321 3602 464 3666 dicarem
486 3599 631 3664 codicem
653 3599 772 3665 iterum
794 3599 954 3681 conferre,
978 3598 1140 3683 integram
1162 3600 1341 3684 scripturae
1357 3598 1616 3685 discrepantiam

320 3701 467 3769 indicare
489 3699 596 3783 nolui,
619 3700 732 3766 sedin
755 3701 816 3765 hac
837 3711 932 3789 parte
955 3699 1251 3785 Sangermanenses
1279 3698 1380 3766 libros
1406 3701 1615 3788 potissimum

320 3941 447 3989 mannus,
465 3940 528 3976 cnm
545 3940 608 3975 raro
626 3924 742 3991 reliquis
759 3926 839 3976 libris
858 3924 1020 3989 firmaretur,
1040 3928 1154 3976 correxi.
1192 3929 1369 3977 aecusativus
1393 3942 1475 3977 00000
1499 3942 1549 3992 pro
1568 3928 1615 3977 ab·

320 4012 407 4064 latire
426 4026 487 4061 enm
503 4010 596 4061 verbis
610 4010 686 4076 saepi
702 4010 847 4061 00101110
863 4026 919 4060 000
938 4014 966 4060 01
984 4010 1071 4061 altero
1090 4012 1184 4062 codiee
1203 4014 1315 4077 saepius
1334 4013 1497 4062 coniunctus
1516 4014 1617 4077 paucis

321 4098 390 4147 10010
413 4112 474 4146 eam
495 4094 578 4145 fidem
600 4096 710 4160 habuit,
728 4100 759 4146 ut
777 4095 954 4161 reeipiendus
973 4110 1034 4145 esse
1053 4096 1204 4159 videretur,
1224 4104 1255 4146 ut
1272 4114 1297 4163 p.
1316 4099 1349 4147 88
1370 4098 1511 4161 [carpuntur
1529 4100 1616 4149 viceor.

322 4182 370 4233 001
387 4197 422 4232 00
439 4182 470 4230 10
486 4180 539 4231 hoc
557 4173 787 4247 quidem‘ganere
805 4196 872 4246 opus
893 4196 952 4231 esse
972 4181 1102 4245 iudicavi,
1116 4182 1180 4247 quid
1194 4185 1291 4247 quovis
1310 4182 1370 4232 loco
1389 4181 1495 4231 librarii
1512 4198 1615 4247 pecca·

320 4269 413 4319 verint
428 4265 563 4319 indicare,
664 4266 667 4271 '

406 4349 433 4415 ²¹)
451 4352 494 4401 Ex
511 4351 685 4417 praelatione
702 4352 840 4417 Pompeii,
864 4353 892 4401 10
913 4368 966 4417 qua
984 4353 1064 4418 plura
1083 4368 1164 4415 quarn
1183 4354 1211 4402 10
1230 4352 1344 4417 reliquis
1363 4352 1488 4417 partibus
1505 4352 1617 4403 librarii

322 4439 511 4498 mutaverunt,
534 4436 625 4502 petita
643 4451 704 4486 0000
721 4437 850 4488 ridentur
868 4441 952 4488 etium
970 4438 1053 4501 haec,
1073 4453 1144 4502 quae
1164 4454 1197 4487 ex
1217 4438 1312 4488 eodem
1330 4436 1494 4486 Larentina*
1505 4438 1616 4500 codiee,

322 4522 372 4572 001
395 4536 428 4571 ex
451 4520 508 4571 0110
531 4521 727 4572 commentario
752 4523 782 4571 in
799 4524 937 4572 Donatum
960 4522 1034 4572 edita
1057 4529 1119 4573 0001
1143 4524 1216 4575 anal.
1240 4538 1351 4587 gramm.
1370 4520 1489 4571 Vindob.
1508 4538 1537 4587 0.
1556 4526 1617 4585 511,

322 4608 370 4657 scd
392 4608 418 4654 10
439 4605 537 4655 artibus
557 4606 694 4656 minorihus
715 4610 790 4671 00001
810 4610 903 4657 docere
925 4610 1010 4657 001000
1032 4610 1174 4673 iuter-repat
1193 4610 1320 4668 Donatus,
1345 4613 1414 4657 00100
1437 4610 1618 4659 auctoritatem

323 4691 437 4741 ostendit
453 4692 587 4756 Pompeius
605 4693 728 4741 diceudo:
753 4692 822 4741 'ulii’
839 4694 921 4758 inquit
939 4694 1111 4756 ‘seripserunt
1128 4700 1220 4753 artem,
1244 4694 1363 4743 00111100
1382 4695 1617 4755 0000010010101-

324 4778 422 4841 tepere,
445 4776 495 4825 nai
514 4790 531 4824 0
548 4776 650 4826 Donato
672 4778 1009 4842 0000000101·οή0010100,
1033 4784 1116 4828 01001
1135 4777 1233 4827 Probus
1254 4785 1280 4826 01
1298 4776 1395 4826 Caesar
1412 4783 1439 4825 et
1456 4779 1514 4839 0111,
1534 4780 1617 4828 seda

325 4861 428 4912 1100010
445 4867 603 4925 sumpserunt
619 4863 791 4927 principium'.
