<?xml version="1.0" encoding="UTF-8"?>
<!DOCTYPE html PUBLIC "-//W3C//DTD XHTML 1.0 Transitional//EN"
    "http://www.w3.org/TR/xhtml1/DTD/xhtml1-transitional.dtd">
<html xmlns="http://www.w3.org/1999/xhtml" xml:lang="en" lang="en">
 <head>
  <title>
</title>
<meta http-equiv="Content-Type" content="text/html;charset=utf-8" />
  <meta name='ocr-system' content='tesseract 3.04.00' />
  <meta name='ocr-capabilities' content='ocr_page ocr_carea ocr_par ocr_line ocrx_word'/>
</head>
<body>
  <div class='ocr_page' id='page_1' title='image "./grammaticilatin03hagagoog_0135.png"; bbox 0 0 3525 5600; ppageno 0'>
   <div class='ocr_carea' id='block_1_1' title="bbox 122 369 1544 3702">
    <p class='ocr_par' dir='ltr' id='par_1_1' title="bbox 123 369 1544 2883">
     <span class='ocr_line' id='line_1_1' title="bbox 662 369 1427 462; baseline -0.004 -25"><span class='ocrx_word' id='word_1_1' title='bbox 662 373 896 437; x_wconf 72' lang='lat' dir='ltr'><strong>condonavit</strong></span> <span class='ocrx_word' id='word_1_2' title='bbox 1366 369 1427 462; x_wconf 80' lang='lat'><strong>125</strong></span> 
     </span>
     <span class='ocr_line' id='line_1_2' title="bbox 1255 478 1402 532; baseline -0.02 -10"><span class='ocrx_word' id='word_1_3' title='bbox 1255 491 1277 532; x_wconf 78' lang='lat' dir='ltr'><strong>p.</strong></span> <span class='ocrx_word' id='word_1_4' title='bbox 1290 479 1366 521; x_wconf 84' lang='lat' dir='ltr'><strong>ca-cs</strong></span> <span class='ocrx_word' id='word_1_5' title='bbox 1379 478 1402 518; x_wconf 85' lang='lat'><strong>1.</strong></span> 
     </span>
     <span class='ocr_line' id='line_1_3' title="bbox 154 558 1427 640; baseline -0.005 -16"><span class='ocrx_word' id='word_1_6' title='bbox 154 581 258 624; x_wconf 89' lang='lat' dir='ltr'><strong>sescum</strong></span> <span class='ocrx_word' id='word_1_7' title='bbox 280 563 357 624; x_wconf 90' lang='lat' dir='ltr'><strong>enim</strong></span> <span class='ocrx_word' id='word_1_8' title='bbox 384 561 493 622; x_wconf 91' lang='lat' dir='ltr'><strong>dicitur</strong></span> <span class='ocrx_word' id='word_1_9' title='bbox 515 560 682 622; x_wconf 91' lang='lat' dir='ltr'><strong>dimidium:</strong></span> <span class='ocrx_word' id='word_1_10' title='bbox 707 569 737 621; x_wconf 90' lang='lat' dir='ltr'><strong>et</strong></span> <span class='ocrx_word' id='word_1_11' title='bbox 759 571 803 623; x_wconf 84' lang='lat' dir='ltr'><strong>est</strong></span> <span class='ocrx_word' id='word_1_12' title='bbox 818 563 849 621; x_wconf 91' lang='lat' dir='ltr'><strong>in</strong></span> <span class='ocrx_word' id='word_1_13' title='bbox 863 563 928 622; x_wconf 90' lang='lat' dir='ltr'><strong>istis</strong></span> <span class='ocrx_word' id='word_1_14' title='bbox 942 558 1078 638; x_wconf 78' lang='lat' dir='ltr'><strong>pedihus</strong></span> <span class='ocrx_word' id='word_1_15' title='bbox 1104 558 1244 620; x_wconf 91' lang='lat' dir='ltr'><strong>bacchius</strong></span> <span class='ocrx_word' id='word_1_16' title='bbox 1259 558 1427 640; x_wconf 81' lang='lat' dir='ltr'><strong>sescuplam</strong></span> 
     </span>
     <span class='ocr_line' id='line_1_4' title="bbox 154 662 1134 744; baseline -0.003 -20"><span class='ocrx_word' id='word_1_17' title='bbox 154 664 232 726; x_wconf 87' lang='lat' dir='ltr'><strong>hahet</strong></span> <span class='ocrx_word' id='word_1_18' title='bbox 251 662 441 731; x_wconf 81' lang='lat' dir='ltr'><strong>divisionem,</strong></span> <span class='ocrx_word' id='word_1_19' title='bbox 464 662 678 733; x_wconf 86' lang='lat' dir='ltr'><strong>antibacchius,</strong></span> <span class='ocrx_word' id='word_1_20' title='bbox 702 663 922 742; x_wconf 79' lang='lat' dir='ltr'><strong>amphimacrus</strong></span> <span class='ocrx_word' id='word_1_21' title='bbox 946 671 975 724; x_wconf 90' lang='lat' dir='ltr'><strong>et</strong></span> <span class='ocrx_word' id='word_1_22' title='bbox 996 679 1134 744; x_wconf 78' lang='lat' dir='ltr'>paeones.</span> 
     </span>
     <span class='ocr_line' id='line_1_5' title="bbox 225 762 1543 845; baseline -0.003 -19"><span class='ocrx_word' id='word_1_23' title='bbox 225 765 278 826; x_wconf 89' lang='lat' dir='ltr'><strong>llis</strong></span> <span class='ocrx_word' id='word_1_24' title='bbox 299 765 431 844; x_wconf 83' lang='lat' dir='ltr'><strong>exceptis</strong></span> <span class='ocrx_word' id='word_1_25' title='bbox 452 773 608 827; x_wconf 81' lang='lat' dir='ltr'>remanent</span> <span class='ocrx_word' id='word_1_26' title='bbox 628 765 718 842; x_wconf 79' lang='lat' dir='ltr'><strong>aliqui</strong></span> <span class='ocrx_word' id='word_1_27' title='bbox 740 764 845 844; x_wconf 88' lang='lat' dir='ltr'><strong>pedes,</strong></span> <span class='ocrx_word' id='word_1_28' title='bbox 869 767 921 845; x_wconf 93' lang='lat' dir='ltr'><strong>qui</strong></span> <span class='ocrx_word' id='word_1_29' title='bbox 943 782 1003 824; x_wconf 89' lang='lat' dir='ltr'><strong>non</strong></span> <span class='ocrx_word' id='word_1_30' title='bbox 1025 765 1157 824; x_wconf 85' lang='lat' dir='ltr'><strong>serviunt</strong></span> <span class='ocrx_word' id='word_1_31' title='bbox 1178 762 1265 824; x_wconf 91' lang='lat' dir='ltr'><strong>alicui</strong></span> <span class='ocrx_word' id='word_1_32' title='bbox 1281 763 1425 832; x_wconf 85' lang='lat' dir='ltr'><strong>divisioni,</strong></span> <span class='ocrx_word' id='word_1_33' title='bbox 1438 774 1498 836; x_wconf 80' lang='lat'>425,</span> <span class='ocrx_word' id='word_1_34' title='bbox 1512 775 1543 822; x_wconf 75' lang='lat'><strong>32</strong></span> 
     </span>
     <span class='ocr_line' id='line_1_6' title="bbox 151 864 1424 947; baseline -0.004 -18"><span class='ocrx_word' id='word_1_35' title='bbox 151 866 370 947; x_wconf 80' lang='lat' dir='ltr'><strong>amphibrachus</strong></span> <span class='ocrx_word' id='word_1_36' title='bbox 397 874 427 926; x_wconf 89' lang='lat' dir='ltr'><strong>ct</strong></span> <span class='ocrx_word' id='word_1_37' title='bbox 454 868 576 947; x_wconf 81' lang='lat' dir='ltr'><strong>epitriti.</strong></span> <span class='ocrx_word' id='word_1_38' title='bbox 626 866 855 946; x_wconf 76' lang='lat' dir='ltr'><strong>amphibrachus</strong></span> <span class='ocrx_word' id='word_1_39' title='bbox 882 885 941 928; x_wconf 92' lang='lat' dir='ltr'><strong>non</strong></span> <span class='ocrx_word' id='word_1_40' title='bbox 969 872 1071 946; x_wconf 86' lang='lat' dir='ltr'><strong>polest</strong></span> <span class='ocrx_word' id='word_1_41' title='bbox 1094 884 1213 926; x_wconf 87' lang='lat' dir='ltr'><strong>servare</strong></span> <span class='ocrx_word' id='word_1_42' title='bbox 1242 864 1424 926; x_wconf 82' lang='lat' dir='ltr'><strong>divisionem.</strong></span> 
     </span>
     <span class='ocr_line' id='line_1_7' title="bbox 132 966 1426 1049; baseline -0.001 -22"><span class='ocrx_word' id='word_1_43' title='bbox 132 969 251 1047; x_wconf 76' lang='lat' dir='ltr'><strong>square?</strong></span> <span class='ocrx_word' id='word_1_44' title='bbox 271 970 339 1049; x_wconf 89' lang='lat' dir='ltr'><strong>quia</strong></span> <span class='ocrx_word' id='word_1_45' title='bbox 361 968 453 1030; x_wconf 90' lang='lat' dir='ltr'><strong>hahet</strong></span> <span class='ocrx_word' id='word_1_46' title='bbox 473 968 595 1030; x_wconf 87' lang='lat' dir='ltr'><strong>brevem</strong></span> <span class='ocrx_word' id='word_1_47' title='bbox 617 977 648 1030; x_wconf 90' lang='lat' dir='ltr'><strong>et</strong></span> <span class='ocrx_word' id='word_1_48' title='bbox 668 969 786 1048; x_wconf 83' lang='lat' dir='ltr'><strong>longam</strong></span> <span class='ocrx_word' id='word_1_49' title='bbox 810 976 840 1028; x_wconf 86' lang='lat' dir='ltr'><strong>et</strong></span> <span class='ocrx_word' id='word_1_50' title='bbox 853 967 987 1029; x_wconf 87' lang='lat' dir='ltr'><strong>brevem.</strong></span> <span class='ocrx_word' id='word_1_51' title='bbox 1021 969 1106 1027; x_wconf 92' lang='lat' dir='ltr'><strong>istam</strong></span> <span class='ocrx_word' id='word_1_52' title='bbox 1123 966 1239 1045; x_wconf 83' lang='lat' dir='ltr'><strong>longam</strong></span> <span class='ocrx_word' id='word_1_53' title='bbox 1263 984 1320 1044; x_wconf 93' lang='lat' dir='ltr'><strong>quo</strong></span> <span class='ocrx_word' id='word_1_54' title='bbox 1337 966 1426 1027; x_wconf 89' lang='lat' dir='ltr'><strong>hahes</strong></span> 
     </span>
     <span class='ocr_line' id='line_1_8' title="bbox 152 1068 1424 1141; baseline -0.002 -10"><span class='ocrx_word' id='word_1_55' title='bbox 152 1070 267 1132; x_wconf 72' lang='lat' dir='ltr'><strong>addere?</strong></span> <span class='ocrx_word' id='word_1_56' title='bbox 294 1070 330 1130; x_wconf 90' lang='lat' dir='ltr'><strong>ad</strong></span> <span class='ocrx_word' id='word_1_57' title='bbox 353 1071 486 1132; x_wconf 86' lang='lat' dir='ltr'><strong>initiumi</strong></span> <span class='ocrx_word' id='word_1_58' title='bbox 514 1073 541 1132; x_wconf 93' lang='lat' dir='ltr'><strong>si</strong></span> <span class='ocrx_word' id='word_1_59' title='bbox 562 1071 598 1131; x_wconf 90' lang='lat' dir='ltr'><strong>ad</strong></span> <span class='ocrx_word' id='word_1_60' title='bbox 625 1073 760 1141; x_wconf 88' lang='lat' dir='ltr'><strong>initium,</strong></span> <span class='ocrx_word' id='word_1_61' title='bbox 788 1073 844 1132; x_wconf 88' lang='lat' dir='ltr'><strong>tria</strong></span> <span class='ocrx_word' id='word_1_62' title='bbox 871 1077 901 1131; x_wconf 90' lang='lat' dir='ltr'><strong>ct</strong></span> <span class='ocrx_word' id='word_1_63' title='bbox 924 1089 1014 1131; x_wconf 90' lang='lat' dir='ltr'><strong>unum</strong></span> <span class='ocrx_word' id='word_1_64' title='bbox 1038 1071 1109 1138; x_wconf 89' lang='lat' dir='ltr'><strong>crit,</strong></span> <span class='ocrx_word' id='word_1_65' title='bbox 1139 1068 1217 1129; x_wconf 89' lang='lat' dir='ltr'><strong>nulla</strong></span> <span class='ocrx_word' id='word_1_66' title='bbox 1241 1068 1345 1129; x_wconf 87' lang='lat' dir='ltr'><strong>divisio</strong></span> <span class='ocrx_word' id='word_1_67' title='bbox 1367 1077 1424 1136; x_wconf 92' lang='lat' dir='ltr'><strong>est;</strong></span> 
     </span>
     <span class='ocr_line' id='line_1_9' title="bbox 152 1170 1426 1255; baseline -0.002 -24"><span class='ocrx_word' id='word_1_68' title='bbox 152 1175 172 1231; x_wconf 87' lang='lat' dir='ltr'><strong>si</strong></span> <span class='ocrx_word' id='word_1_69' title='bbox 192 1172 225 1232; x_wconf 88' lang='lat' dir='ltr'><strong>ad</strong></span> <span class='ocrx_word' id='word_1_70' title='bbox 248 1173 348 1242; x_wconf 86' lang='lat' dir='ltr'><strong>tinem,</strong></span> <span class='ocrx_word' id='word_1_71' title='bbox 372 1191 463 1234; x_wconf 91' lang='lat' dir='ltr'><strong>unum</strong></span> <span class='ocrx_word' id='word_1_72' title='bbox 486 1182 516 1235; x_wconf 90' lang='lat' dir='ltr'><strong>et</strong></span> <span class='ocrx_word' id='word_1_73' title='bbox 538 1175 593 1232; x_wconf 89' lang='lat' dir='ltr'><strong>tria</strong></span> <span class='ocrx_word' id='word_1_74' title='bbox 616 1180 713 1234; x_wconf 88' lang='lat' dir='ltr'><strong>crunt.</strong></span> <span class='ocrx_word' id='word_1_75' title='bbox 759 1192 829 1234; x_wconf 85' lang='lat' dir='ltr'><strong>ecce</strong></span> <span class='ocrx_word' id='word_1_76' title='bbox 851 1191 915 1255; x_wconf 34' lang='lat' dir='ltr'><strong>non·</strong></span> <span class='ocrx_word' id='word_1_77' title='bbox 934 1171 1023 1232; x_wconf 88' lang='lat' dir='ltr'><strong>hahet</strong></span> <span class='ocrx_word' id='word_1_78' title='bbox 1045 1170 1227 1232; x_wconf 85' lang='lat' dir='ltr'><strong>divisionem.</strong></span> <span class='ocrx_word' id='word_1_79' title='bbox 1271 1173 1340 1230; x_wconf 91' lang='lat' dir='ltr'><strong>item</strong></span> <span class='ocrx_word' id='word_1_80' title='bbox 1364 1173 1426 1250; x_wconf 91' lang='lat' dir='ltr'><strong>epi-</strong></span> 
     </span>
     <span class='ocr_line' id='line_1_10' title="bbox 153 1273 1454 1355; baseline -0.001 -21"><span class='ocrx_word' id='word_1_81' title='bbox 153 1277 206 1334; x_wconf 88' lang='lat' dir='ltr'><strong>triti</strong></span> <span class='ocrx_word' id='word_1_82' title='bbox 231 1282 351 1352; x_wconf 87' lang='lat' dir='ltr'><strong>septena</strong></span> <span class='ocrx_word' id='word_1_83' title='bbox 379 1274 489 1336; x_wconf 88' lang='lat' dir='ltr'><strong>hahent</strong></span> <span class='ocrx_word' id='word_1_84' title='bbox 519 1283 662 1354; x_wconf 90' lang='lat' dir='ltr'><strong>tempora.</strong></span> <span class='ocrx_word' id='word_1_85' title='bbox 707 1274 851 1355; x_wconf 91' lang='lat' dir='ltr'><strong>numquid</strong></span> <span class='ocrx_word' id='word_1_86' title='bbox 879 1273 991 1335; x_wconf 89' lang='lat' dir='ltr'><strong>habent</strong></span> <span class='ocrx_word' id='word_1_87' title='bbox 1014 1273 1204 1333; x_wconf 80' lang='lat' dir='ltr'><strong>divisionemt</strong></span> <span class='ocrx_word' id='word_1_88' title='bbox 1241 1274 1266 1332; x_wconf 90' lang='lat' dir='ltr'><strong>si</strong></span> <span class='ocrx_word' id='word_1_89' title='bbox 1289 1279 1454 1350; x_wconf 90' lang='lat' dir='ltr'><strong>quattuor&#39;</strong></span> 
     </span>
     <span class='ocr_line' id='line_1_11' title="bbox 155 1371 1426 1455; baseline -0.002 -19"><span class='ocrx_word' id='word_1_90' title='bbox 155 1385 179 1436; x_wconf 86' lang='lat' dir='ltr'><strong>et</strong></span> <span class='ocrx_word' id='word_1_91' title='bbox 198 1377 249 1434; x_wconf 86' lang='lat' dir='ltr'><strong>tria</strong></span> <span class='ocrx_word' id='word_1_92' title='bbox 271 1374 413 1446; x_wconf 82' lang='lat' dir='ltr'><strong>volneris,</strong></span> <span class='ocrx_word' id='word_1_93' title='bbox 436 1395 498 1436; x_wconf 90' lang='lat' dir='ltr'><strong>noo</strong></span> <span class='ocrx_word' id='word_1_94' title='bbox 520 1386 578 1438; x_wconf 88' lang='lat' dir='ltr'><strong>stat</strong></span> <span class='ocrx_word' id='word_1_95' title='bbox 598 1376 718 1447; x_wconf 72' lang='lat' dir='ltr'><strong>divisim</strong></span> <span class='ocrx_word' id='word_1_96' title='bbox 746 1379 771 1436; x_wconf 92' lang='lat' dir='ltr'><strong>si</strong></span> <span class='ocrx_word' id='word_1_97' title='bbox 799 1379 855 1437; x_wconf 87' lang='lat' dir='ltr'><strong>tria</strong></span> <span class='ocrx_word' id='word_1_98' title='bbox 885 1384 914 1438; x_wconf 90' lang='lat' dir='ltr'><strong>et</strong></span> <span class='ocrx_word' id='word_1_99' title='bbox 941 1382 1094 1455; x_wconf 47' lang='lat' dir='ltr'><strong>quattuors</strong></span> <span class='ocrx_word' id='word_1_100' title='bbox 1125 1371 1267 1434; x_wconf 87' lang='lat' dir='ltr'><strong>similiter.</strong></span> <span class='ocrx_word' id='word_1_101' title='bbox 1314 1375 1426 1434; x_wconf 91' lang='lat' dir='ltr'><strong>idcirco</strong></span> 
     </span>
     <span class='ocr_line' id='line_1_12' title="bbox 125 1476 1426 1557; baseline -0.001 -22"><span class='ocrx_word' id='word_1_102' title='bbox 125 1497 144 1536; x_wconf 84' lang='lat' dir='ltr'><strong>ro</strong></span> <span class='ocrx_word' id='word_1_103' title='bbox 154 1479 196 1537; x_wconf 85' lang='lat' dir='ltr'><strong>isti</strong></span> <span class='ocrx_word' id='word_1_104' title='bbox 219 1476 308 1556; x_wconf 85' lang='lat' dir='ltr'><strong>pedes</strong></span> <span class='ocrx_word' id='word_1_105' title='bbox 333 1479 521 1557; x_wconf 92' lang='lat' dir='ltr'><strong>proiciuntur</strong></span> <span class='ocrx_word' id='word_1_106' title='bbox 548 1497 565 1538; x_wconf 92' lang='lat' dir='ltr'><strong>a</strong></span> <span class='ocrx_word' id='word_1_107' title='bbox 587 1481 700 1540; x_wconf 88' lang='lat' dir='ltr'><strong>metris.</strong></span> <span class='ocrx_word' id='word_1_108' title='bbox 744 1495 838 1556; x_wconf 88' lang='lat' dir='ltr'><strong>quare</strong></span> <span class='ocrx_word' id='word_1_109' title='bbox 866 1477 922 1538; x_wconf 91' lang='lat' dir='ltr'><strong>hoc</strong></span> <span class='ocrx_word' id='word_1_110' title='bbox 951 1477 1030 1538; x_wconf 80' lang='lat' dir='ltr'><strong>dixi?</strong></span> <span class='ocrx_word' id='word_1_111' title='bbox 1067 1477 1185 1536; x_wconf 87' lang='lat' dir='ltr'><strong>invenio</strong></span> <span class='ocrx_word' id='word_1_112' title='bbox 1213 1477 1343 1536; x_wconf 87' lang='lat' dir='ltr'><strong>enimin</strong></span> <span class='ocrx_word' id='word_1_113' title='bbox 1367 1493 1426 1536; x_wconf 89' lang='lat' dir='ltr'><strong>non</strong></span> 
     </span>
     <span class='ocr_line' id='line_1_13' title="bbox 155 1576 1426 1661; baseline -0.001 -22"><span class='ocrx_word' id='word_1_114' title='bbox 155 1579 233 1640; x_wconf 90' lang='lat' dir='ltr'><strong>nullis</strong></span> <span class='ocrx_word' id='word_1_115' title='bbox 253 1581 383 1640; x_wconf 84' lang='lat' dir='ltr'><strong>metricis</strong></span> <span class='ocrx_word' id='word_1_116' title='bbox 405 1598 441 1640; x_wconf 85' lang='lat' dir='ltr'><strong>ax</strong></span> <span class='ocrx_word' id='word_1_117' title='bbox 462 1579 676 1659; x_wconf 85' lang='lat' dir='ltr'><strong>amphibracho</strong></span> <span class='ocrx_word' id='word_1_118' title='bbox 699 1587 728 1640; x_wconf 91' lang='lat' dir='ltr'><strong>et</strong></span> <span class='ocrx_word' id='word_1_119' title='bbox 750 1581 870 1661; x_wconf 89' lang='lat' dir='ltr'><strong>epitrito</strong></span> <span class='ocrx_word' id='word_1_120' title='bbox 893 1588 1032 1640; x_wconf 87' lang='lat' dir='ltr'><strong>metrum.</strong></span> <span class='ocrx_word' id='word_1_121' title='bbox 1068 1576 1228 1639; x_wconf 86' lang='lat' dir='ltr'><strong>nonlicet.</strong></span> <span class='ocrx_word' id='word_1_122' title='bbox 1262 1579 1313 1638; x_wconf 89' lang='lat' dir='ltr'><strong>isti</strong></span> <span class='ocrx_word' id='word_1_123' title='bbox 1334 1578 1426 1656; x_wconf 84' lang='lat' dir='ltr'><strong>pedes</strong></span> 
     </span>
     <span class='ocr_line' id='line_1_14' title="bbox 154 1679 1425 1762; baseline -0.002 -21"><span class='ocrx_word' id='word_1_124' title='bbox 154 1689 238 1742; x_wconf 87' lang='lat' dir='ltr'><strong>metra</strong></span> <span class='ocrx_word' id='word_1_125' title='bbox 259 1681 402 1742; x_wconf 89' lang='lat' dir='ltr'><strong>naturalia</strong></span> <span class='ocrx_word' id='word_1_126' title='bbox 425 1700 492 1742; x_wconf 86' lang='lat' dir='ltr'><strong>nom</strong></span> <span class='ocrx_word' id='word_1_127' title='bbox 507 1683 629 1743; x_wconf 84' lang='lat' dir='ltr'><strong>faciunt.</strong></span> <span class='ocrx_word' id='word_1_128' title='bbox 655 1680 787 1743; x_wconf 79' lang='lat' dir='ltr'><strong>incidere</strong></span> <span class='ocrx_word' id='word_1_129' title='bbox 808 1691 935 1762; x_wconf 91' lang='lat' dir='ltr'><strong>possunt</strong></span> <span class='ocrx_word' id='word_1_130' title='bbox 955 1683 986 1742; x_wconf 94' lang='lat' dir='ltr'><strong>in</strong></span> <span class='ocrx_word' id='word_1_131' title='bbox 1010 1679 1141 1741; x_wconf 89' lang='lat' dir='ltr'><strong>secundo</strong></span> <span class='ocrx_word' id='word_1_132' title='bbox 1164 1679 1229 1739; x_wconf 91' lang='lat' dir='ltr'><strong>loco</strong></span> <span class='ocrx_word' id='word_1_133' title='bbox 1252 1687 1301 1740; x_wconf 87' lang='lat' dir='ltr'><strong>aut</strong></span> <span class='ocrx_word' id='word_1_134' title='bbox 1324 1681 1425 1748; x_wconf 91' lang='lat' dir='ltr'><strong>tortio;</strong></span> 
     </span>
     <span class='ocr_line' id='line_1_15' title="bbox 153 1780 1425 1861; baseline -0.002 -19"><span class='ocrx_word' id='word_1_135' title='bbox 153 1793 182 1842; x_wconf 92' lang='lat' dir='ltr'><strong>ut</strong></span> <span class='ocrx_word' id='word_1_136' title='bbox 197 1788 202 1855; x_wconf 86' lang='grc' dir='ltr'>Ι</span> <span class='ocrx_word' id='word_1_137' title='bbox 218 1791 312 1844; x_wconf 92' lang='lat' dir='ltr'><strong>autem</strong></span> <span class='ocrx_word' id='word_1_138' title='bbox 333 1784 382 1843; x_wconf 88' lang='lat' dir='ltr'><strong>isti</strong></span> <span class='ocrx_word' id='word_1_139' title='bbox 403 1784 512 1844; x_wconf 83' lang='lat' dir='ltr'><strong>iaciant</strong></span> <span class='ocrx_word' id='word_1_140' title='bbox 539 1794 634 1846; x_wconf 90' lang='lat' dir='ltr'><strong>metra</strong></span> <span class='ocrx_word' id='word_1_141' title='bbox 656 1803 716 1846; x_wconf 93' lang='lat' dir='ltr'><strong>non</strong></span> <span class='ocrx_word' id='word_1_142' title='bbox 739 1785 818 1844; x_wconf 92' lang='lat' dir='ltr'><strong>licet.</strong></span> <span class='ocrx_word' id='word_1_143' title='bbox 862 1782 936 1844; x_wconf 92' lang='lat' dir='ltr'><strong>nulli</strong></span> <span class='ocrx_word' id='word_1_144' title='bbox 964 1784 1043 1842; x_wconf 86' lang='lat' dir='ltr'><strong>eninr</strong></span> <span class='ocrx_word' id='word_1_145' title='bbox 1070 1780 1163 1861; x_wconf 90' lang='lat' dir='ltr'><strong>podes</strong></span> <span class='ocrx_word' id='word_1_146' title='bbox 1190 1782 1300 1842; x_wconf 88' lang='lat' dir='ltr'><strong>iaciunt</strong></span> <span class='ocrx_word' id='word_1_147' title='bbox 1322 1789 1425 1850; x_wconf 80' lang='lat' dir='ltr'><strong>tueha,</strong></span> 
     </span>
     <span class='ocr_line' id='line_1_16' title="bbox 155 1882 1425 1965; baseline -0.002 -21"><span class='ocrx_word' id='word_1_148' title='bbox 155 1887 203 1945; x_wconf 91' lang='lat' dir='ltr'><strong>nisi</strong></span> <span class='ocrx_word' id='word_1_149' title='bbox 221 1887 268 1965; x_wconf 91' lang='lat' dir='ltr'><strong>qui</strong></span> <span class='ocrx_word' id='word_1_150' title='bbox 290 1885 423 1946; x_wconf 79' lang='lat' dir='ltr'><strong>serviunt</strong></span> <span class='ocrx_word' id='word_1_151' title='bbox 444 1884 636 1948; x_wconf 83' lang='lat' dir='ltr'><strong>divisionibus</strong></span> <span class='ocrx_word' id='word_1_152' title='bbox 658 1885 850 1946; x_wconf 90' lang='lat' dir='ltr'><strong>naturalibus.</strong></span> <span class='ocrx_word' id='word_1_153' title='bbox 896 1885 964 1945; x_wconf 90' lang='lat' dir='ltr'><strong>hinc</strong></span> <span class='ocrx_word' id='word_1_154' title='bbox 987 1883 1160 1954; x_wconf 89' lang='lat' dir='ltr'><strong>turbantur,</strong></span> <span class='ocrx_word' id='word_1_155' title='bbox 1183 1883 1251 1944; x_wconf 92' lang='lat' dir='ltr'><strong>hinc</strong></span> <span class='ocrx_word' id='word_1_156' title='bbox 1274 1882 1425 1944; x_wconf 83' lang='lat' dir='ltr'><strong>dubitant:</strong></span> 
     </span>
     <span class='ocr_line' id='line_1_17' title="bbox 125 1970 1428 2067; baseline -0.001 -22"><span class='ocrx_word' id='word_1_157' title='bbox 125 1989 197 2067; x_wconf 80' lang='lat' dir='ltr'><strong>isqui</strong></span> <span class='ocrx_word' id='word_1_158' title='bbox 215 1985 289 2047; x_wconf 85' lang='lat' dir='ltr'><strong>benc</strong></span> <span class='ocrx_word' id='word_1_159' title='bbox 310 1985 423 2047; x_wconf 88' lang='lat' dir='ltr'><strong>hahent</strong></span> <span class='ocrx_word' id='word_1_160' title='bbox 445 1995 538 2050; x_wconf 88' lang='lat' dir='ltr'><strong>metra</strong></span> <span class='ocrx_word' id='word_1_161' title='bbox 562 1987 708 2057; x_wconf 87' lang='lat' dir='ltr'><strong>scribere,</strong></span> <span class='ocrx_word' id='word_1_162' title='bbox 732 1986 799 2048; x_wconf 92' lang='lat' dir='ltr'><strong>illos</strong></span> <span class='ocrx_word' id='word_1_163' title='bbox 820 1986 930 2048; x_wconf 87' lang='lat' dir='ltr'><strong>debent</strong></span> <span class='ocrx_word' id='word_1_164' title='bbox 951 1970 1042 2066; x_wconf 77' lang='lat' dir='ltr'><strong>pedes</strong></span> <span class='ocrx_word' id='word_1_165' title='bbox 1064 2004 1192 2066; x_wconf 84' lang='lat' dir='ltr'><strong>ponere,</strong></span> <span class='ocrx_word' id='word_1_166' title='bbox 1223 1987 1273 2065; x_wconf 88' lang='lat' dir='ltr'><strong>qui</strong></span> <span class='ocrx_word' id='word_1_167' title='bbox 1296 1987 1428 2046; x_wconf 82' lang='lat' dir='ltr'><strong>serviunt</strong></span> 
     </span>
     <span class='ocr_line' id='line_1_18' title="bbox 154 2086 1427 2170; baseline -0.002 -23"><span class='ocrx_word' id='word_1_168' title='bbox 154 2087 340 2149; x_wconf 75' lang='lat' dir='ltr'><strong>divisionibus.</strong></span> <span class='ocrx_word' id='word_1_169' title='bbox 386 2097 457 2168; x_wconf 87' lang='lat' dir='ltr'><strong>puta</strong></span> <span class='ocrx_word' id='word_1_170' title='bbox 480 2090 641 2170; x_wconf 84' lang='lat' dir='ltr'><strong>sapphicus</strong></span> <span class='ocrx_word' id='word_1_171' title='bbox 663 2097 777 2151; x_wconf 89' lang='lat' dir='ltr'><strong>constat</strong></span> <span class='ocrx_word' id='word_1_172' title='bbox 800 2108 836 2150; x_wconf 80' lang='lat' dir='ltr'><strong>ex</strong></span> <span class='ocrx_word' id='word_1_173' title='bbox 858 2091 977 2170; x_wconf 88' lang='lat' dir='ltr'><strong>epitrito</strong></span> <span class='ocrx_word' id='word_1_174' title='bbox 999 2088 1129 2150; x_wconf 89' lang='lat' dir='ltr'><strong>secundo</strong></span> <span class='ocrx_word' id='word_1_175' title='bbox 1153 2095 1182 2148; x_wconf 91' lang='lat' dir='ltr'><strong>et</strong></span> <span class='ocrx_word' id='word_1_176' title='bbox 1196 2087 1346 2149; x_wconf 78' lang='lat' dir='ltr'><strong>trochaeo.</strong></span> <span class='ocrx_word' id='word_1_177' title='bbox 1371 2086 1427 2146; x_wconf 84' lang='lat' dir='ltr'><strong>ltoc</strong></span> 
     </span>
     <span class='ocr_line' id='line_1_19' title="bbox 154 2188 1426 2270; baseline -0.002 -20"><span class='ocrx_word' id='word_1_178' title='bbox 154 2192 221 2269; x_wconf 87' lang='lat' dir='ltr'><strong>siqui</strong></span> <span class='ocrx_word' id='word_1_179' title='bbox 242 2189 336 2259; x_wconf 83' lang='lat' dir='ltr'><strong>iaciat,</strong></span> <span class='ocrx_word' id='word_1_180' title='bbox 366 2188 490 2251; x_wconf 88' lang='lat' dir='ltr'><strong>stultum</strong></span> <span class='ocrx_word' id='word_1_181' title='bbox 513 2198 558 2251; x_wconf 91' lang='lat' dir='ltr'><strong>est</strong></span> <span class='ocrx_word' id='word_1_182' title='bbox 580 2200 609 2252; x_wconf 89' lang='lat' dir='ltr'><strong>et</strong></span> <span class='ocrx_word' id='word_1_183' title='bbox 631 2210 747 2254; x_wconf 88' lang='lat' dir='ltr'><strong>vanum.</strong></span> <span class='ocrx_word' id='word_1_184' title='bbox 779 2209 847 2252; x_wconf 91' lang='lat' dir='ltr'><strong>nam</strong></span> <span class='ocrx_word' id='word_1_185' title='bbox 871 2193 1008 2270; x_wconf 90' lang='lat' dir='ltr'><strong>epitritus</strong></span> <span class='ocrx_word' id='word_1_186' title='bbox 1032 2209 1192 2270; x_wconf 89' lang='lat' dir='ltr'><strong>numquam</strong></span> <span class='ocrx_word' id='word_1_187' title='bbox 1214 2191 1426 2250; x_wconf 89' lang='lat' dir='ltr'><strong>lacitmetrum</strong></span> 
     </span>
     <span class='ocr_line' id='line_1_20' title="bbox 153 2289 1544 2370; baseline -0.003 -19"><span class='ocrx_word' id='word_1_188' title='bbox 153 2310 242 2361; x_wconf 90' lang='lat' dir='ltr'><strong>suum,</strong></span> <span class='ocrx_word' id='word_1_189' title='bbox 270 2311 330 2352; x_wconf 95' lang='lat' dir='ltr'><strong>non</strong></span> <span class='ocrx_word' id='word_1_190' title='bbox 358 2289 441 2362; x_wconf 89' lang='lat' dir='ltr'><strong>licet;</strong></span> <span class='ocrx_word' id='word_1_191' title='bbox 465 2311 526 2353; x_wconf 92' lang='lat' dir='ltr'><strong>non</strong></span> <span class='ocrx_word' id='word_1_192' title='bbox 549 2296 628 2356; x_wconf 91' lang='lat' dir='ltr'><strong>enim</strong></span> <span class='ocrx_word' id='word_1_193' title='bbox 650 2297 741 2356; x_wconf 88' lang='lat' dir='ltr'><strong>servit</strong></span> <span class='ocrx_word' id='word_1_194' title='bbox 767 2292 911 2354; x_wconf 89' lang='lat' dir='ltr'><strong>divisioni.</strong></span> <span class='ocrx_word' id='word_1_195' title='bbox 957 2295 1015 2354; x_wconf 91' lang='lat' dir='ltr'><strong>nisi</strong></span> <span class='ocrx_word' id='word_1_196' title='bbox 1037 2292 1160 2354; x_wconf 80' lang='lat' dir='ltr'><strong>credere</strong></span> <span class='ocrx_word' id='word_1_197' title='bbox 1183 2291 1326 2353; x_wconf 90' lang='lat' dir='ltr'><strong>dehemus</strong></span> <span class='ocrx_word' id='word_1_198' title='bbox 1348 2289 1426 2370; x_wconf 91' lang='lat' dir='ltr'><strong>quod</strong></span> <span class='ocrx_word' id='word_1_199' title='bbox 1439 2301 1498 2362; x_wconf 79' lang='lat'>481,</span> <span class='ocrx_word' id='word_1_200' title='bbox 1512 2300 1544 2348; x_wconf 75' lang='lat' dir='ltr'><strong>‘aa</strong></span> 
     </span>
     <span class='ocr_line' id='line_1_21' title="bbox 154 2391 1426 2476; baseline -0.001 -24"><span class='ocrx_word' id='word_1_201' title='bbox 154 2394 366 2473; x_wconf 90' lang='lat' dir='ltr'><strong>unusquisque</strong></span> <span class='ocrx_word' id='word_1_202' title='bbox 390 2412 493 2455; x_wconf 88' lang='lat' dir='ltr'><strong>versus</strong></span> <span class='ocrx_word' id='word_1_203' title='bbox 513 2393 603 2457; x_wconf 89' lang='lat' dir='ltr'><strong>babet</strong></span> <span class='ocrx_word' id='word_1_204' title='bbox 623 2396 715 2476; x_wconf 86' lang='lat' dir='ltr'><strong>pedes</strong></span> <span class='ocrx_word' id='word_1_205' title='bbox 737 2395 897 2474; x_wconf 83' lang='lat' dir='ltr'><strong>legitimos,</strong></span> <span class='ocrx_word' id='word_1_206' title='bbox 921 2393 1010 2456; x_wconf 89' lang='lat' dir='ltr'><strong>habet</strong></span> <span class='ocrx_word' id='word_1_207' title='bbox 1032 2395 1148 2456; x_wconf 91' lang='lat' dir='ltr'><strong>nothos.</strong></span> <span class='ocrx_word' id='word_1_208' title='bbox 1185 2393 1332 2471; x_wconf 83' lang='lat' dir='ltr'><strong>legitimus</strong></span> <span class='ocrx_word' id='word_1_209' title='bbox 1355 2391 1426 2452; x_wconf 89' lang='lat' dir='ltr'><strong>dici-</strong></span> 
     </span>
     <span class='ocr_line' id='line_1_22' title="bbox 123 2495 1427 2576; baseline 0 -22"><span class='ocrx_word' id='word_1_210' title='bbox 123 2507 195 2556; x_wconf 80' lang='lat' dir='ltr'><strong>ntnr</strong></span> <span class='ocrx_word' id='word_1_211' title='bbox 214 2514 277 2574; x_wconf 88' lang='lat' dir='ltr'><strong>pes,</strong></span> <span class='ocrx_word' id='word_1_212' title='bbox 301 2495 441 2556; x_wconf 89' lang='lat' dir='ltr'><strong>naturalis</strong></span> <span class='ocrx_word' id='word_1_213' title='bbox 464 2499 514 2575; x_wconf 91' lang='lat' dir='ltr'><strong>qui</strong></span> <span class='ocrx_word' id='word_1_214' title='bbox 537 2507 595 2562; x_wconf 82' lang='lat' dir='ltr'><strong>est:</strong></span> <span class='ocrx_word' id='word_1_215' title='bbox 619 2499 743 2568; x_wconf 88' lang='lat' dir='ltr'><strong>nothus,</strong></span> <span class='ocrx_word' id='word_1_216' title='bbox 768 2500 820 2576; x_wconf 90' lang='lat' dir='ltr'><strong>qui</strong></span> <span class='ocrx_word' id='word_1_217' title='bbox 843 2497 1015 2558; x_wconf 84' lang='lat' dir='ltr'><strong>admittitur.</strong></span> <span class='ocrx_word' id='word_1_218' title='bbox 1062 2515 1130 2558; x_wconf 90' lang='lat' dir='ltr'><strong>ecce</strong></span> <span class='ocrx_word' id='word_1_219' title='bbox 1151 2499 1183 2558; x_wconf 93' lang='lat' dir='ltr'><strong>in</strong></span> <span class='ocrx_word' id='word_1_220' title='bbox 1205 2513 1291 2556; x_wconf 89' lang='lat' dir='ltr'><strong>versu</strong></span> <span class='ocrx_word' id='word_1_221' title='bbox 1306 2496 1427 2556; x_wconf 83' lang='lat' dir='ltr'><strong>heroico</strong></span> 
     </span>
     <span class='ocr_line' id='line_1_23' title="bbox 153 2598 1426 2679; baseline -0.001 -22"><span class='ocrx_word' id='word_1_222' title='bbox 153 2617 218 2658; x_wconf 87' lang='lat' dir='ltr'><strong>trous</strong></span> <span class='ocrx_word' id='word_1_223' title='bbox 236 2616 289 2678; x_wconf 87' lang='lat' dir='ltr'><strong>pes</strong></span> <span class='ocrx_word' id='word_1_224' title='bbox 310 2608 356 2658; x_wconf 90' lang='lat' dir='ltr'><strong>est</strong></span> <span class='ocrx_word' id='word_1_225' title='bbox 376 2599 527 2676; x_wconf 78' lang='lat' dir='ltr'><strong>legitimus</strong></span> <span class='ocrx_word' id='word_1_226' title='bbox 549 2600 712 2679; x_wconf 66' lang='lat' dir='ltr'><strong>spondeum</strong></span> <span class='ocrx_word' id='word_1_227' title='bbox 741 2600 794 2662; x_wconf 90' lang='lat' dir='ltr'><strong>scd</strong></span> <span class='ocrx_word' id='word_1_228' title='bbox 822 2601 964 2678; x_wconf 92' lang='lat' dir='ltr'><strong>quoniam</strong></span> <span class='ocrx_word' id='word_1_229' title='bbox 992 2602 1071 2660; x_wconf 89' lang='lat' dir='ltr'><strong>visos</strong></span> <span class='ocrx_word' id='word_1_230' title='bbox 1101 2607 1145 2660; x_wconf 90' lang='lat' dir='ltr'><strong>est</strong></span> <span class='ocrx_word' id='word_1_231' title='bbox 1172 2598 1263 2658; x_wconf 89' lang='lat' dir='ltr'><strong>duros</strong></span> <span class='ocrx_word' id='word_1_232' title='bbox 1291 2605 1321 2656; x_wconf 90' lang='lat' dir='ltr'><strong>et</strong></span> <span class='ocrx_word' id='word_1_233' title='bbox 1342 2615 1426 2676; x_wconf 89' lang='lat' dir='ltr'><strong>prae·</strong></span> 
     </span>
     <span class='ocr_line' id='line_1_24' title="bbox 152 2699 1426 2782; baseline 0.001 -23"><span class='ocrx_word' id='word_1_234' title='bbox 152 2701 265 2769; x_wconf 76' lang='lat' dir='ltr'><strong>lractuS,</strong></span> <span class='ocrx_word' id='word_1_235' title='bbox 287 2699 383 2760; x_wconf 87' lang='lat' dir='ltr'><strong>soluta</strong></span> <span class='ocrx_word' id='word_1_236' title='bbox 406 2707 451 2761; x_wconf 90' lang='lat' dir='ltr'><strong>cst</strong></span> <span class='ocrx_word' id='word_1_237' title='bbox 473 2704 621 2780; x_wconf 83' lang='lat' dir='ltr'><strong>posterior</strong></span> <span class='ocrx_word' id='word_1_238' title='bbox 642 2701 768 2781; x_wconf 76' lang='lat' dir='ltr'><strong>syllaba,</strong></span> <span class='ocrx_word' id='word_1_239' title='bbox 792 2710 822 2762; x_wconf 89' lang='lat' dir='ltr'><strong>et</strong></span> <span class='ocrx_word' id='word_1_240' title='bbox 842 2702 912 2762; x_wconf 88' lang='lat' dir='ltr'><strong>lecit</strong></span> <span class='ocrx_word' id='word_1_241' title='bbox 934 2699 1091 2782; x_wconf 72' lang='lat' dir='ltr'><strong>dactylum.</strong></span> <span class='ocrx_word' id='word_1_242' title='bbox 1121 2703 1146 2762; x_wconf 89' lang='lat' dir='ltr'><strong>si</strong></span> <span class='ocrx_word' id='word_1_243' title='bbox 1168 2699 1263 2761; x_wconf 87' lang='lat' dir='ltr'><strong>solvas</strong></span> <span class='ocrx_word' id='word_1_244' title='bbox 1284 2701 1426 2780; x_wconf 86' lang='lat' dir='ltr'><strong>priorem,</strong></span> 
     </span>
     <span class='ocr_line' id='line_1_25' title="bbox 152 2802 1133 2883; baseline 0.001 -21"><span class='ocrx_word' id='word_1_245' title='bbox 152 2804 213 2863; x_wconf 87' lang='lat' dir='ltr'><strong>lacit</strong></span> <span class='ocrx_word' id='word_1_246' title='bbox 233 2810 419 2883; x_wconf 78' lang='lat' dir='ltr'><strong>anapaestum</strong></span> <span class='ocrx_word' id='word_1_247' title='bbox 441 2832 460 2867; x_wconf 63' lang='lat' dir='ltr'><strong>s</strong></span> <span class='ocrx_word' id='word_1_248' title='bbox 486 2812 515 2864; x_wconf 89' lang='lat' dir='ltr'><strong>et</strong></span> <span class='ocrx_word' id='word_1_249' title='bbox 537 2804 709 2867; x_wconf 87' lang='lat' dir='ltr'><strong>trochaeum</strong></span> <span class='ocrx_word' id='word_1_250' title='bbox 731 2807 851 2873; x_wconf 84' lang='lat' dir='ltr'><strong>induc.</strong></span> <span class='ocrx_word' id='word_1_251' title='bbox 881 2805 931 2865; x_wconf 89' lang='lat' dir='ltr'><strong>isti</strong></span> <span class='ocrx_word' id='word_1_252' title='bbox 953 2802 1036 2865; x_wconf 87' lang='lat' dir='ltr'><strong>nothi</strong></span> <span class='ocrx_word' id='word_1_253' title='bbox 1057 2811 1133 2864; x_wconf 84' lang='lat' dir='ltr'><strong>sunt.</strong></span> 
     </span>
    </p>

    <p class='ocr_par' dir='ltr' id='par_1_2' title="bbox 122 2904 1484 3702">
     <span class='ocr_line' id='line_1_26' title="bbox 226 2904 1471 2987; baseline -0.004 -22"><span class='ocrx_word' id='word_1_254' title='bbox 226 2904 334 2965; x_wconf 85' lang='lat' dir='ltr'><strong>Omnes</strong></span> <span class='ocrx_word' id='word_1_255' title='bbox 360 2913 516 2984; x_wconf 90' lang='lat' dir='ltr'><strong>praeterea</strong></span> <span class='ocrx_word' id='word_1_256' title='bbox 544 2906 695 2986; x_wconf 89' lang='lat' dir='ltr'><strong>simplices</strong></span> <span class='ocrx_word' id='word_1_257' title='bbox 726 2907 820 2987; x_wconf 87' lang='lat' dir='ltr'><strong>pedes</strong></span> <span class='ocrx_word' id='word_1_258' title='bbox 853 2924 946 2986; x_wconf 85' lang='lat' dir='ltr'><strong>usque</strong></span> <span class='ocrx_word' id='word_1_259' title='bbox 973 2906 1010 2967; x_wconf 87' lang='lat' dir='ltr'><strong>ad</strong></span> <span class='ocrx_word' id='word_1_260' title='bbox 1038 2914 1099 2967; x_wconf 83' lang='lat' dir='ltr'><strong>tres</strong></span> <span class='ocrx_word' id='word_1_261' title='bbox 1126 2905 1251 2987; x_wconf 76' lang='lat' dir='ltr'><strong>syllabas</strong></span> <span class='ocrx_word' id='word_1_262' title='bbox 1279 2912 1425 2975; x_wconf 87' lang='lat' dir='ltr'><strong>crescunt,</strong></span> <span class='ocrx_word' id='word_1_263' title='bbox 1439 2914 1471 2961; x_wconf 80' lang='lat' dir='ltr'><strong>at</strong></span> 
     </span>
     <span class='ocr_line' id='line_1_27' title="bbox 122 3004 1484 3089; baseline 0.004 -26"><span class='ocrx_word' id='word_1_264' title='bbox 122 3004 272 3085; x_wconf 78' lang='lat' dir='ltr'><strong>sduplices</strong></span> <span class='ocrx_word' id='word_1_265' title='bbox 293 3022 388 3084; x_wconf 88' lang='lat' dir='ltr'><strong>usque</strong></span> <span class='ocrx_word' id='word_1_266' title='bbox 411 3006 446 3067; x_wconf 90' lang='lat' dir='ltr'><strong>ad</strong></span> <span class='ocrx_word' id='word_1_267' title='bbox 469 3024 536 3076; x_wconf 71' lang='lat' dir='ltr'><strong>sem</strong></span> <span class='ocrx_word' id='word_1_268' title='bbox 561 3016 590 3069; x_wconf 88' lang='lat' dir='ltr'><strong>et</strong></span> <span class='ocrx_word' id='word_1_269' title='bbox 611 3008 669 3069; x_wconf 93' lang='lat' dir='ltr'><strong>hoc</strong></span> <span class='ocrx_word' id='word_1_270' title='bbox 691 3017 772 3069; x_wconf 89' lang='lat' dir='ltr'><strong>recta</strong></span> <span class='ocrx_word' id='word_1_271' title='bbox 794 3011 919 3070; x_wconf 92' lang='lat' dir='ltr'><strong>ratione.</strong></span> <span class='ocrx_word' id='word_1_272' title='bbox 951 3025 1018 3069; x_wconf 87' lang='lat' dir='ltr'><strong>nam</strong></span> <span class='ocrx_word' id='word_1_273' title='bbox 1041 3010 1066 3067; x_wconf 90' lang='lat' dir='ltr'><strong>si</strong></span> <span class='ocrx_word' id='word_1_274' title='bbox 1087 3008 1235 3088; x_wconf 90' lang='lat' dir='ltr'><strong>simplices</strong></span> <span class='ocrx_word' id='word_1_275' title='bbox 1251 3016 1319 3069; x_wconf 91' lang='lat' dir='ltr'><strong>suut</strong></span> <span class='ocrx_word' id='word_1_276' title='bbox 1334 3026 1427 3089; x_wconf 91' lang='lat' dir='ltr'><strong>nsque</strong></span> <span class='ocrx_word' id='word_1_277' title='bbox 1480 3038 1484 3043; x_wconf 94' lang='lat'>·</span> 
     </span>
     <span class='ocr_line' id='line_1_28' title="bbox 152 3105 1426 3191; baseline 0.003 -25"><span class='ocrx_word' id='word_1_278' title='bbox 152 3105 184 3165; x_wconf 89' lang='lat' dir='ltr'><strong>ad</strong></span> <span class='ocrx_word' id='word_1_279' title='bbox 204 3115 313 3178; x_wconf 88' lang='lat' dir='ltr'><strong>ternas,</strong></span> <span class='ocrx_word' id='word_1_280' title='bbox 343 3110 490 3187; x_wconf 82' lang='lat' dir='ltr'><strong>geminata</strong></span> <span class='ocrx_word' id='word_1_281' title='bbox 519 3111 574 3171; x_wconf 92' lang='lat' dir='ltr'><strong>ista</strong></span> <span class='ocrx_word' id='word_1_282' title='bbox 600 3112 677 3171; x_wconf 91' lang='lat' dir='ltr'><strong>ratio</strong></span> <span class='ocrx_word' id='word_1_283' title='bbox 704 3110 881 3191; x_wconf 88' lang='lat' dir='ltr'><strong>simplicium</strong></span> <span class='ocrx_word' id='word_1_284' title='bbox 905 3109 993 3171; x_wconf 85' lang='lat' dir='ltr'><strong>debet</strong></span> <span class='ocrx_word' id='word_1_285' title='bbox 1020 3109 1151 3189; x_wconf 90' lang='lat' dir='ltr'><strong>duplices</strong></span> <span class='ocrx_word' id='word_1_286' title='bbox 1175 3114 1180 3184; x_wconf 95' lang='grc'>1</span> <span class='ocrx_word' id='word_1_287' title='bbox 1205 3110 1296 3191; x_wconf 89' lang='lat' dir='ltr'><strong>pedes</strong></span> <span class='ocrx_word' id='word_1_288' title='bbox 1318 3110 1426 3170; x_wconf 86' lang='lat' dir='ltr'><strong>facere.</strong></span> 
     </span>
     <span class='ocr_line' id='line_1_29' title="bbox 153 3209 1427 3294; baseline 0.003 -25"><span class='ocrx_word' id='word_1_289' title='bbox 153 3228 230 3287; x_wconf 88' lang='lat' dir='ltr'><strong>qoem</strong></span> <span class='ocrx_word' id='word_1_290' title='bbox 256 3210 291 3270; x_wconf 90' lang='lat' dir='ltr'><strong>ad</strong></span> <span class='ocrx_word' id='word_1_291' title='bbox 318 3209 441 3271; x_wconf 89' lang='lat' dir='ltr'><strong>modom</strong></span> <span class='ocrx_word' id='word_1_292' title='bbox 468 3210 577 3291; x_wconf 90' lang='lat' dir='ltr'><strong>probat</strong></span> <span class='ocrx_word' id='word_1_293' title='bbox 608 3211 679 3283; x_wconf 93' lang='lat' dir='ltr'><strong>hoc,</strong></span> <span class='ocrx_word' id='word_1_294' title='bbox 709 3212 859 3294; x_wconf 87' lang='lat' dir='ltr'><strong>simplices</strong></span> <span class='ocrx_word' id='word_1_295' title='bbox 886 3212 977 3293; x_wconf 86' lang='lat' dir='ltr'><strong>pedes</strong></span> <span class='ocrx_word' id='word_1_296' title='bbox 1000 3231 1092 3292; x_wconf 88' lang='lat' dir='ltr'><strong>usque</strong></span> <span class='ocrx_word' id='word_1_297' title='bbox 1120 3211 1156 3273; x_wconf 89' lang='lat' dir='ltr'><strong>ad</strong></span> <span class='ocrx_word' id='word_1_298' title='bbox 1180 3219 1280 3273; x_wconf 85' lang='lat' dir='ltr'><strong>ternas</strong></span> <span class='ocrx_word' id='word_1_299' title='bbox 1302 3212 1427 3292; x_wconf 89' lang='lat' dir='ltr'><strong>syllabas</strong></span> 
     </span>
     <span class='ocr_line' id='line_1_30' title="bbox 153 3313 1428 3403; baseline 0.006 -35"><span class='ocrx_word' id='word_1_300' title='bbox 153 3313 293 3373; x_wconf 86' lang='lat' dir='ltr'><strong>crescere?</strong></span> <span class='ocrx_word' id='word_1_301' title='bbox 316 3315 455 3393; x_wconf 87' lang='lat' dir='ltr'><strong>qnoniam</strong></span> <span class='ocrx_word' id='word_1_302' title='bbox 479 3315 569 3375; x_wconf 87' lang='lat' dir='ltr'><strong>istum</strong></span> <span class='ocrx_word' id='word_1_303' title='bbox 591 3313 756 3403; x_wconf 86' lang='lat' dir='ltr'><strong>simphcem</strong></span> <span class='ocrx_word' id='word_1_304' title='bbox 778 3316 884 3395; x_wconf 89' lang='lat' dir='ltr'><strong>pedem</strong></span> <span class='ocrx_word' id='word_1_305' title='bbox 908 3315 1048 3383; x_wconf 84' lang='lat' dir='ltr'><strong>diximus,</strong></span> <span class='ocrx_word' id='word_1_306' title='bbox 1078 3316 1129 3394; x_wconf 91' lang='lat' dir='ltr'><strong>qui</strong></span> <span class='ocrx_word' id='word_1_307' title='bbox 1152 3314 1264 3375; x_wconf 91' lang='lat' dir='ltr'><strong>solutus</strong></span> <span class='ocrx_word' id='word_1_308' title='bbox 1287 3313 1345 3375; x_wconf 91' lang='lat' dir='ltr'><strong>duo</strong></span> <span class='ocrx_word' id='word_1_309' title='bbox 1369 3334 1428 3376; x_wconf 89' lang='lat' dir='ltr'><strong>non</strong></span> 
     </span>
     <span class='ocr_line' id='line_1_31' title="bbox 151 3412 1426 3497; baseline 0.005 -27"><span class='ocrx_word' id='word_1_310' title='bbox 151 3412 221 3473; x_wconf 87' lang='lat' dir='ltr'><strong>lacit</strong></span> <span class='ocrx_word' id='word_1_311' title='bbox 262 3416 287 3473; x_wconf 90' lang='lat' dir='ltr'><strong>si</strong></span> <span class='ocrx_word' id='word_1_312' title='bbox 308 3413 493 3497; x_wconf 89' lang='lat' dir='ltr'><strong>trisyllabum</strong></span> <span class='ocrx_word' id='word_1_313' title='bbox 514 3415 619 3487; x_wconf 90' lang='lat' dir='ltr'><strong>solras,</strong></span> <span class='ocrx_word' id='word_1_314' title='bbox 645 3416 704 3477; x_wconf 92' lang='lat' dir='ltr'><strong>duo</strong></span> <span class='ocrx_word' id='word_1_315' title='bbox 726 3435 786 3477; x_wconf 92' lang='lat' dir='ltr'><strong>non</strong></span> <span class='ocrx_word' id='word_1_316' title='bbox 807 3419 887 3479; x_wconf 89' lang='lat' dir='ltr'><strong>lacit.</strong></span> <span class='ocrx_word' id='word_1_317' title='bbox 934 3436 1003 3478; x_wconf 86' lang='lat' dir='ltr'><strong>ecce</strong></span> <span class='ocrx_word' id='word_1_318' title='bbox 1024 3425 1095 3496; x_wconf 87' lang='lat' dir='ltr'><strong>puta</strong></span> <span class='ocrx_word' id='word_1_319' title='bbox 1117 3416 1299 3478; x_wconf 85' lang='lat' dir='ltr'><strong>tribrachum</strong></span> <span class='ocrx_word' id='word_1_320' title='bbox 1322 3420 1346 3477; x_wconf 90' lang='lat' dir='ltr'><strong>si</strong></span> <span class='ocrx_word' id='word_1_321' title='bbox 1369 3416 1426 3477; x_wconf 90' lang='lat' dir='ltr'><strong>sol-</strong></span> 
     </span>
     <span class='ocr_line' id='line_1_32' title="bbox 123 3516 1429 3598; baseline 0.007 -28"><span class='ocrx_word' id='word_1_322' title='bbox 123 3529 209 3584; x_wconf 78' lang='lat' dir='ltr'><strong>oras,</strong></span> <span class='ocrx_word' id='word_1_323' title='bbox 231 3516 380 3597; x_wconf 84' lang='lat' dir='ltr'><strong>numquid·</strong></span> <span class='ocrx_word' id='word_1_324' title='bbox 394 3516 452 3577; x_wconf 91' lang='lat' dir='ltr'><strong>duo</strong></span> <span class='ocrx_word' id='word_1_325' title='bbox 475 3518 562 3578; x_wconf 79' lang='lat' dir='ltr'><strong>lacit?</strong></span> <span class='ocrx_word' id='word_1_326' title='bbox 585 3536 656 3597; x_wconf 81' lang='lat' dir='ltr'><strong>ergo</strong></span> <span class='ocrx_word' id='word_1_327' title='bbox 679 3522 818 3598; x_wconf 90' lang='lat' dir='ltr'><strong>quoniam</strong></span> <span class='ocrx_word' id='word_1_328' title='bbox 841 3518 955 3582; x_wconf 89' lang='lat' dir='ltr'><strong>solutus</strong></span> <span class='ocrx_word' id='word_1_329' title='bbox 977 3519 1051 3579; x_wconf 90' lang='lat' dir='ltr'><strong>duos</strong></span> <span class='ocrx_word' id='word_1_330' title='bbox 1072 3538 1131 3580; x_wconf 92' lang='lat' dir='ltr'><strong>non</strong></span> <span class='ocrx_word' id='word_1_331' title='bbox 1154 3527 1252 3598; x_wconf 90' lang='lat' dir='ltr'><strong>potest</strong></span> <span class='ocrx_word' id='word_1_332' title='bbox 1273 3520 1380 3589; x_wconf 86' lang='lat' dir='ltr'><strong>lacere,</strong></span> <span class='ocrx_word' id='word_1_333' title='bbox 1404 3521 1429 3579; x_wconf 90' lang='lat' dir='ltr'><strong>si</strong></span> 
     </span>
     <span class='ocr_line' id='line_1_33' title="bbox 153 3614 1428 3702; baseline 0.004 -27"><span class='ocrx_word' id='word_1_334' title='bbox 153 3614 246 3677; x_wconf 89' lang='lat' dir='ltr'><strong>demus</strong></span> <span class='ocrx_word' id='word_1_335' title='bbox 279 3616 322 3678; x_wconf 89' lang='lat' dir='ltr'><strong>illi</strong></span> <span class='ocrx_word' id='word_1_336' title='bbox 361 3638 449 3680; x_wconf 90' lang='lat' dir='ltr'><strong>unam</strong></span> <span class='ocrx_word' id='word_1_337' title='bbox 485 3619 642 3699; x_wconf 88' lang='lat' dir='ltr'><strong>syllabam,</strong></span> <span class='ocrx_word' id='word_1_338' title='bbox 682 3622 786 3701; x_wconf 91' lang='lat' dir='ltr'><strong>incipit</strong></span> <span class='ocrx_word' id='word_1_339' title='bbox 833 3640 897 3683; x_wconf 84' lang='lat' dir='ltr'><strong>esse</strong></span> <span class='ocrx_word' id='word_1_340' title='bbox 935 3620 1208 3702; x_wconf 83' lang='lat' dir='ltr'><strong>proceleumaticus.</strong></span> <span class='ocrx_word' id='word_1_341' title='bbox 1255 3640 1327 3701; x_wconf 80' lang='lat' dir='ltr'><strong>ergo</strong></span> <span class='ocrx_word' id='word_1_342' title='bbox 1361 3620 1428 3681; x_wconf 89' lang='lat' dir='ltr'><strong>ideo</strong></span> 
     </span>
    </p>
   </div>
   <div class='ocr_carea' id='block_1_2' title="bbox 152 3718 1428 3882">
    <p class='ocr_par' dir='ltr' id='par_1_3' title="bbox 152 3718 1428 3882">
     <span class='ocr_line' id='line_1_34' title="bbox 153 3718 1428 3805; baseline 0.005 -28"><span class='ocrx_word' id='word_1_343' title='bbox 153 3718 289 3798; x_wconf 87' lang='lat' dir='ltr'><strong>simplices</strong></span> <span class='ocrx_word' id='word_1_344' title='bbox 315 3720 409 3800; x_wconf 90' lang='lat' dir='ltr'><strong>pedes</strong></span> <span class='ocrx_word' id='word_1_345' title='bbox 438 3740 529 3801; x_wconf 89' lang='lat' dir='ltr'><strong>usque</strong></span> <span class='ocrx_word' id='word_1_346' title='bbox 558 3722 594 3782; x_wconf 89' lang='lat' dir='ltr'><strong>ad</strong></span> <span class='ocrx_word' id='word_1_347' title='bbox 624 3731 722 3783; x_wconf 90' lang='lat' dir='ltr'><strong>ternas</strong></span> <span class='ocrx_word' id='word_1_348' title='bbox 749 3722 877 3804; x_wconf 91' lang='lat' dir='ltr'><strong>syllabas</strong></span> <span class='ocrx_word' id='word_1_349' title='bbox 905 3723 1085 3805; x_wconf 87' lang='lat' dir='ltr'><strong>procedunt,</strong></span> <span class='ocrx_word' id='word_1_350' title='bbox 1115 3734 1145 3785; x_wconf 85' lang='lat' dir='ltr'><strong>et</strong></span> <span class='ocrx_word' id='word_1_351' title='bbox 1172 3724 1305 3805; x_wconf 89' lang='lat' dir='ltr'><strong>duplices</strong></span> <span class='ocrx_word' id='word_1_352' title='bbox 1333 3743 1428 3803; x_wconf 89' lang='lat' dir='ltr'><strong>usque</strong></span> 
     </span>
     <span class='ocr_line' id='line_1_35' title="bbox 152 3820 1381 3882; baseline 0.015 -3"><span class='ocrx_word' id='word_1_353' title='bbox 152 3820 183 3880; x_wconf 92' lang='lat' dir='ltr'><strong>ad</strong></span> <span class='ocrx_word' id='word_1_354' title='bbox 203 3840 262 3882; x_wconf 80' lang='lat' dir='ltr'><strong>ses.</strong></span> <span class='ocrx_word' id='word_1_355' title='bbox 1377 3820 1381 3831; x_wconf 73' lang='grc'><strong>’</strong></span> 
     </span>
    </p>
   </div>
   <div class='ocr_carea' id='block_1_3' title="bbox 226 3978 1528 4179">
    <p class='ocr_par' dir='ltr' id='par_1_4' title="bbox 226 3978 1528 4179">
     <span class='ocr_line' id='line_1_36' title="bbox 632 3978 934 4041; baseline 0.007 -2"><span class='ocrx_word' id='word_1_356' title='bbox 632 3978 682 4039; x_wconf 78' lang='lat' dir='ltr'><strong>DE</strong></span> <span class='ocrx_word' id='word_1_357' title='bbox 702 3978 934 4041; x_wconf 74' lang='lat' dir='ltr'><strong>accubamus</strong></span> 
     </span>
     <span class='ocr_line' id='line_1_37' title="bbox 226 4096 1528 4179; baseline 0.002 -24"><span class='ocrx_word' id='word_1_358' title='bbox 226 4096 328 4157; x_wconf 89' lang='lat' dir='ltr'><strong>Graeci</strong></span> <span class='ocrx_word' id='word_1_359' title='bbox 349 4096 507 4175; x_wconf 90' lang='lat' dir='ltr'><strong>prosodias</strong></span> <span class='ocrx_word' id='word_1_360' title='bbox 530 4096 632 4159; x_wconf 92' lang='lat' dir='ltr'><strong>dicunt</strong></span> <span class='ocrx_word' id='word_1_361' title='bbox 653 4106 791 4159; x_wconf 89' lang='lat' dir='ltr'><strong>accentus</strong></span> <span class='ocrx_word' id='word_1_362' title='bbox 813 4097 869 4160; x_wconf 91' lang='lat' dir='ltr'><strong>hac</strong></span> <span class='ocrx_word' id='word_1_363' title='bbox 891 4100 1020 4161; x_wconf 87' lang='lat' dir='ltr'><strong>ratione:</strong></span> <span class='ocrx_word' id='word_1_364' title='bbox 1043 4118 1115 4179; x_wconf 92' lang='lat' dir='ltr'><strong>pros</strong></span> <span class='ocrx_word' id='word_1_365' title='bbox 1130 4099 1232 4162; x_wconf 92' lang='lat' dir='ltr'><strong>dicunt</strong></span> <span class='ocrx_word' id='word_1_366' title='bbox 1247 4099 1292 4171; x_wconf 88' lang='lat' dir='ltr'><strong>ad,</strong></span> <span class='ocrx_word' id='word_1_367' title='bbox 1309 4108 1426 4160; x_wconf 90' lang='lat' dir='ltr'><strong>cantum</strong></span> <span class='ocrx_word' id='word_1_368' title='bbox 1439 4105 1528 4170; x_wconf 54' lang='lat' dir='ltr'><strong>426st</strong></span> 
     </span>
    </p>
   </div>
   <div class='ocr_carea' id='block_1_4' title="bbox 56 4316 1430 4945">
    <p class='ocr_par' dir='ltr' id='par_1_5' title="bbox 56 4316 1430 4741">
     <span class='ocr_line' id='line_1_38' title="bbox 213 4316 1428 4388; baseline 0.002 -19"><span class='ocrx_word' id='word_1_369' title='bbox 213 4316 276 4384; x_wconf 83' lang='lat' dir='ltr'><strong>let]</strong></span> <span class='ocrx_word' id='word_1_370' title='bbox 291 4320 405 4369; x_wconf 84' lang='lat' dir='ltr'><strong>utABC</strong></span> <span class='ocrx_word' id='word_1_371' title='bbox 454 4320 511 4370; x_wconf 78' lang='lat' dir='ltr'><strong>bet</strong></span> <span class='ocrx_word' id='word_1_372' title='bbox 523 4320 625 4369; x_wconf 88' lang='lat' dir='ltr'><strong>breuem</strong></span> <span class='ocrx_word' id='word_1_373' title='bbox 638 4336 685 4371; x_wconf 86' lang='lat' dir='ltr'><strong>om.</strong></span> <span class='ocrx_word' id='word_1_374' title='bbox 699 4320 755 4384; x_wconf 80' lang='lat' dir='ltr'><strong>Bc,</strong></span> <span class='ocrx_word' id='word_1_375' title='bbox 767 4324 942 4388; x_wconf 67' lang='lat' dir='ltr'><strong>superscripta</strong></span> <span class='ocrx_word' id='word_1_376' title='bbox 951 4338 995 4386; x_wconf 82' lang='lat' dir='ltr'><strong>pr.</strong></span> <span class='ocrx_word' id='word_1_377' title='bbox 1007 4338 1037 4374; x_wconf 87' lang='lat' dir='ltr'><strong>m.</strong></span> <span class='ocrx_word' id='word_1_378' title='bbox 1049 4321 1160 4373; x_wconf 83' lang='lat' dir='ltr'><strong>dabetA</strong></span> <span class='ocrx_word' id='word_1_379' title='bbox 1212 4340 1261 4388; x_wconf 92' lang='lat' dir='ltr'><strong>qno</strong></span> <span class='ocrx_word' id='word_1_380' title='bbox 1275 4323 1428 4387; x_wconf 85' lang='lat' dir='ltr'><strong>BaqnotA</strong></span> 
     </span>
     <span class='ocr_line' id='line_1_39' title="bbox 153 4385 1429 4457; baseline 0.009 -25"><span class='ocrx_word' id='word_1_381' title='bbox 153 4385 227 4436; x_wconf 79' lang='lat' dir='ltr'><strong>utic</strong></span> <span class='ocrx_word' id='word_1_382' title='bbox 274 4390 289 4437; x_wconf 81' lang='lat'><strong>7</strong></span> <span class='ocrx_word' id='word_1_383' title='bbox 307 4388 392 4455; x_wconf 86' lang='lat' dir='ltr'><strong>habet]</strong></span> <span class='ocrx_word' id='word_1_384' title='bbox 413 4389 507 4439; x_wconf 80' lang='lat' dir='ltr'><strong>habent</strong></span> <span class='ocrx_word' id='word_1_385' title='bbox 520 4390 602 4440; x_wconf 81' lang='lat' dir='ltr'><strong>ABG</strong></span> <span class='ocrx_word' id='word_1_386' title='bbox 670 4392 700 4443; x_wconf 89' lang='lat' dir='ltr'><strong>ll</strong></span> <span class='ocrx_word' id='word_1_387' title='bbox 720 4406 770 4439; x_wconf 92' lang='lat' dir='ltr'><strong>non</strong></span> <span class='ocrx_word' id='word_1_388' title='bbox 788 4392 846 4441; x_wconf 84' lang='lat' dir='ltr'><strong>licet</strong></span> <span class='ocrx_word' id='word_1_389' title='bbox 858 4393 883 4442; x_wconf 83' lang='lat' dir='ltr'><em>A</em></span> <span class='ocrx_word' id='word_1_390' title='bbox 900 4407 965 4455; x_wconf 87' lang='lat' dir='ltr'><strong>quas</strong></span> <span class='ocrx_word' id='word_1_391' title='bbox 980 4408 1030 4443; x_wconf 90' lang='lat' dir='ltr'><strong>non</strong></span> <span class='ocrx_word' id='word_1_392' title='bbox 1048 4393 1106 4441; x_wconf 83' lang='lat' dir='ltr'><strong>licet</strong></span> <span class='ocrx_word' id='word_1_393' title='bbox 1123 4396 1156 4443; x_wconf 74' lang='lat' dir='ltr'><strong>a*</strong></span> <span class='ocrx_word' id='word_1_394' title='bbox 1174 4398 1242 4457; x_wconf 89' lang='lat' dir='ltr'><strong>quod</strong></span> <span class='ocrx_word' id='word_1_395' title='bbox 1265 4410 1314 4445; x_wconf 92' lang='lat' dir='ltr'><strong>non</strong></span> <span class='ocrx_word' id='word_1_396' title='bbox 1334 4396 1392 4445; x_wconf 87' lang='lat' dir='ltr'><strong>licet</strong></span> <span class='ocrx_word' id='word_1_397' title='bbox 1403 4394 1429 4443; x_wconf 93' lang='lat' dir='ltr'><em>B</em></span> 
     </span>
     <span class='ocr_line' id='line_1_40' title="bbox 153 4457 1430 4516; baseline 0.009 -15"><span class='ocrx_word' id='word_1_398' title='bbox 153 4457 203 4515; x_wconf 83' lang='lat' dir='ltr'><strong>quia</strong></span> <span class='ocrx_word' id='word_1_399' title='bbox 222 4471 269 4506; x_wconf 92' lang='lat' dir='ltr'><strong>non</strong></span> <span class='ocrx_word' id='word_1_400' title='bbox 283 4458 379 4509; x_wconf 85' lang='lat' dir='ltr'><strong>licetG</strong></span> <span class='ocrx_word' id='word_1_401' title='bbox 431 4459 464 4510; x_wconf 82' lang='lat'><strong>18</strong></span> <span class='ocrx_word' id='word_1_402' title='bbox 477 4462 579 4510; x_wconf 82' lang='lat' dir='ltr'><strong>credere</strong></span> <span class='ocrx_word' id='word_1_403' title='bbox 596 4461 667 4511; x_wconf 82' lang='lat' dir='ltr'><strong>ABc</strong></span> <span class='ocrx_word' id='word_1_404' title='bbox 685 4462 787 4512; x_wconf 74' lang='lat' dir='ltr'><strong>sciret)</strong></span> <span class='ocrx_word' id='word_1_405' title='bbox 836 4457 877 4512; x_wconf 77' lang='lat'><strong>‘20</strong></span> <span class='ocrx_word' id='word_1_406' title='bbox 894 4464 1016 4512; x_wconf 83' lang='lat' dir='ltr'><strong>amittitur</strong></span> <span class='ocrx_word' id='word_1_407' title='bbox 1033 4464 1080 4513; x_wconf 81' lang='lat' dir='ltr'><strong>Ac</strong></span> <span class='ocrx_word' id='word_1_408' title='bbox 1132 4463 1164 4515; x_wconf 80' lang='lat'><strong>²3</strong></span> <span class='ocrx_word' id='word_1_409' title='bbox 1183 4467 1295 4516; x_wconf 84' lang='lat' dir='ltr'><strong>lacunam</strong></span> <span class='ocrx_word' id='word_1_410' title='bbox 1312 4465 1430 4516; x_wconf 83' lang='lat' dir='ltr'><strong>indicavit</strong></span> 
     </span>
     <span class='ocr_line' id='line_1_41' title="bbox 152 4526 1428 4599; baseline 0.006 -24"><span class='ocrx_word' id='word_1_411' title='bbox 152 4526 326 4579; x_wconf 73' lang='lat' dir='ltr'><strong>diademarmas</strong></span> <span class='ocrx_word' id='word_1_412' title='bbox 349 4528 397 4579; x_wconf 89' lang='lat' dir='ltr'><strong>lloc</strong></span> <span class='ocrx_word' id='word_1_413' title='bbox 420 4534 553 4593; x_wconf 78' lang='lat' dir='ltr'><strong>proposito</strong></span> <span class='ocrx_word' id='word_1_414' title='bbox 572 4533 754 4596; x_wconf 70' lang='lat' dir='ltr'><strong>supplantato,</strong></span> <span class='ocrx_word' id='word_1_415' title='bbox 772 4547 819 4599; x_wconf 90' lang='lat' dir='ltr'><strong>pro</strong></span> <span class='ocrx_word' id='word_1_416' title='bbox 841 4532 956 4597; x_wconf 81' lang='lat' dir='ltr'><strong>spondeo</strong></span> <span class='ocrx_word' id='word_1_417' title='bbox 979 4533 1056 4598; x_wconf 86' lang='lat' dir='ltr'><strong>igitur</strong></span> <span class='ocrx_word' id='word_1_418' title='bbox 1074 4532 1183 4583; x_wconf 85' lang='lat' dir='ltr'><strong>admittit</strong></span> <span class='ocrx_word' id='word_1_419' title='bbox 1203 4550 1290 4585; x_wconf 88' lang='lat' dir='ltr'><strong>versus</strong></span> <span class='ocrx_word' id='word_1_420' title='bbox 1311 4534 1428 4584; x_wconf 86' lang='lat' dir='ltr'><strong>heroicus</strong></span> 
     </span>
     <span class='ocr_line' id='line_1_42' title="bbox 153 4595 1427 4669; baseline 0.009 -28"><span class='ocrx_word' id='word_1_421' title='bbox 153 4595 276 4660; x_wconf 87' lang='lat' dir='ltr'><strong>dactylum,</strong></span> <span class='ocrx_word' id='word_1_422' title='bbox 294 4608 460 4663; x_wconf 80' lang='lat' dir='ltr'><strong>anapaestum</strong></span> <span class='ocrx_word' id='word_1_423' title='bbox 477 4610 501 4649; x_wconf 87' lang='lat' dir='ltr'><strong>ct</strong></span> <span class='ocrx_word' id='word_1_424' title='bbox 518 4600 664 4651; x_wconf 86' lang='lat' dir='ltr'><strong>trochaeum</strong></span> <span class='ocrx_word' id='word_1_425' title='bbox 683 4604 708 4650; x_wconf 92' lang='lat' dir='ltr'><strong>in</strong></span> <span class='ocrx_word' id='word_1_426' title='bbox 727 4602 778 4651; x_wconf 88' lang='lat' dir='ltr'><strong>line</strong></span> <span class='ocrx_word' id='word_1_427' title='bbox 830 4604 865 4652; x_wconf 72' lang='lat' dir='ltr'><strong>‘lb</strong></span> <span class='ocrx_word' id='word_1_428' title='bbox 883 4603 947 4653; x_wconf 87' lang='lat' dir='ltr'><strong>ratio</strong></span> <span class='ocrx_word' id='word_1_429' title='bbox 960 4604 1081 4668; x_wconf 89' lang='lat' dir='ltr'><strong>simplicis</strong></span> <span class='ocrx_word' id='word_1_430' title='bbox 1100 4599 1157 4654; x_wconf 79' lang='lat' dir='ltr'><strong>Ca*</strong></span> <span class='ocrx_word' id='word_1_431' title='bbox 1177 4605 1241 4653; x_wconf 85' lang='lat' dir='ltr'><strong>ratio</strong></span> <span class='ocrx_word' id='word_1_432' title='bbox 1261 4605 1388 4669; x_wconf 88' lang='lat' dir='ltr'><strong>simplices</strong></span> <span class='ocrx_word' id='word_1_433' title='bbox 1402 4604 1427 4653; x_wconf 84' lang='grc' dir='ltr'><em>Α</em></span> 
     </span>
     <span class='ocr_line' id='line_1_43' title="bbox 56 4666 1428 4741; baseline 0.009 -31"><span class='ocrx_word' id='word_1_434' title='bbox 56 4683 58 4690; x_wconf 55' lang='lat'>&gt;</span> <span class='ocrx_word' id='word_1_435' title='bbox 153 4666 414 4734; x_wconf 73' lang='lat' dir='ltr'><strong>rumnestmptictsss</strong></span> <span class='ocrx_word' id='word_1_436' title='bbox 464 4671 801 4735; x_wconf 76' lang='lat' dir='ltr'><strong>27prohashindcmanmcs</strong></span> <span class='ocrx_word' id='word_1_437' title='bbox 852 4672 885 4721; x_wconf 89' lang='lat' dir='ltr'><strong>ad</strong></span> <span class='ocrx_word' id='word_1_438' title='bbox 898 4682 983 4722; x_wconf 81' lang='lat' dir='ltr'><strong>ternas</strong></span> <span class='ocrx_word' id='word_1_439' title='bbox 996 4673 1107 4736; x_wconf 84' lang='lat' dir='ltr'><strong>syllabas</strong></span> <span class='ocrx_word' id='word_1_440' title='bbox 1120 4672 1302 4741; x_wconf 85' lang='lat' dir='ltr'><strong>Cn:ayllohas</strong></span> <span class='ocrx_word' id='word_1_441' title='bbox 1315 4691 1361 4726; x_wconf 89' lang='lat' dir='ltr'><strong>om.</strong></span> <span class='ocrx_word' id='word_1_442' title='bbox 1377 4675 1428 4723; x_wconf 77' lang='lat' dir='ltr'><strong>AB</strong></span> 
     </span>
    </p>

    <p class='ocr_par' dir='ltr' id='par_1_6' title="bbox 155 4737 1426 4945">
     <span class='ocr_line' id='line_1_44' title="bbox 213 4737 1426 4806; baseline 0.005 -19"><span class='ocrx_word' id='word_1_443' title='bbox 213 4738 246 4787; x_wconf 71' lang='lat' dir='ltr'><strong>&#39;Ill</strong></span> <span class='ocrx_word' id='word_1_444' title='bbox 262 4739 285 4786; x_wconf 85' lang='lat' dir='ltr'><strong>si</strong></span> <span class='ocrx_word' id='word_1_445' title='bbox 301 4737 459 4801; x_wconf 85' lang='lat' dir='ltr'><strong>trisyllabum</strong></span> <span class='ocrx_word' id='word_1_446' title='bbox 476 4740 562 4789; x_wconf 79' lang='lat' dir='ltr'><strong>solues</strong></span> <span class='ocrx_word' id='word_1_447' title='bbox 581 4744 630 4790; x_wconf 88' lang='lat' dir='ltr'><strong>duo</strong></span> <span class='ocrx_word' id='word_1_448' title='bbox 650 4756 700 4792; x_wconf 89' lang='lat' dir='ltr'><strong>non</strong></span> <span class='ocrx_word' id='word_1_449' title='bbox 720 4740 780 4791; x_wconf 83' lang='lat' dir='ltr'><strong>lacit</strong></span> <span class='ocrx_word' id='word_1_450' title='bbox 797 4756 842 4794; x_wconf 84' lang='lat' dir='ltr'><strong>om.</strong></span> <span class='ocrx_word' id='word_1_451' title='bbox 858 4743 921 4806; x_wconf 86' lang='lat' dir='ltr'><strong>AB,</strong></span> <span class='ocrx_word' id='word_1_452' title='bbox 937 4743 996 4792; x_wconf 82' lang='lat' dir='ltr'><strong>add.</strong></span> <span class='ocrx_word' id='word_1_453' title='bbox 1013 4760 1030 4792; x_wconf 85' lang='lat' dir='ltr'><strong>a</strong></span> <span class='ocrx_word' id='word_1_454' title='bbox 1044 4744 1068 4793; x_wconf 89' lang='lat' dir='ltr'><strong>si</strong></span> <span class='ocrx_word' id='word_1_455' title='bbox 1082 4744 1237 4805; x_wconf 84' lang='lat' dir='ltr'><strong>trisyllabum</strong></span> <span class='ocrx_word' id='word_1_456' title='bbox 1255 4746 1341 4795; x_wconf 83' lang='lat' dir='ltr'><strong>saluas</strong></span> <span class='ocrx_word' id='word_1_457' title='bbox 1354 4761 1426 4794; x_wconf 91' lang='lat' dir='ltr'><strong>num-</strong></span> 
     </span>
     <span class='ocr_line' id='line_1_45' title="bbox 155 4805 1425 4883; baseline 0.01 -31"><span class='ocrx_word' id='word_1_458' title='bbox 155 4805 206 4865; x_wconf 87' lang='lat' dir='ltr'><strong>quid</strong></span> <span class='ocrx_word' id='word_1_459' title='bbox 222 4807 271 4856; x_wconf 93' lang='lat' dir='ltr'><strong>duo</strong></span> <span class='ocrx_word' id='word_1_460' title='bbox 288 4823 337 4857; x_wconf 92' lang='lat' dir='ltr'><strong>non</strong></span> <span class='ocrx_word' id='word_1_461' title='bbox 356 4808 456 4860; x_wconf 82' lang='lat' dir='ltr'><strong>lacitC</strong></span> <span class='ocrx_word' id='word_1_462' title='bbox 535 4810 672 4860; x_wconf 85' lang='lat' dir='ltr'><strong>trihrucltiu</strong></span> <span class='ocrx_word' id='word_1_463' title='bbox 692 4812 750 4861; x_wconf 78' lang='lat' dir='ltr'><strong>AB</strong></span> <span class='ocrx_word' id='word_1_464' title='bbox 772 4812 917 4876; x_wconf 87' lang='lat' dir='ltr'><strong>trlbmchyu</strong></span> <span class='ocrx_word' id='word_1_465' title='bbox 937 4812 957 4863; x_wconf 87' lang='lat' dir='ltr'><em>C</em></span> <span class='ocrx_word' id='word_1_466' title='bbox 1039 4812 1072 4863; x_wconf 79' lang='lat'><strong>30</strong></span> <span class='ocrx_word' id='word_1_467' title='bbox 1093 4812 1207 4876; x_wconf 72' lang='lat' dir='ltr'><strong>fortasse</strong></span> <span class='ocrx_word' id='word_1_468' title='bbox 1225 4831 1287 4883; x_wconf 82' lang='lat' dir='ltr'><strong>ergo</strong></span> <span class='ocrx_word' id='word_1_469' title='bbox 1306 4816 1425 4881; x_wconf 85' lang='lat' dir='ltr'><strong>quoniam</strong></span> 
     </span>
     <span class='ocr_line' id='line_1_46' title="bbox 155 4874 935 4945; baseline 0.015 -26"><span class='ocrx_word' id='word_1_470' title='bbox 155 4874 240 4925; x_wconf 79' lang='lat' dir='ltr'><strong>solutus</strong></span> <span class='ocrx_word' id='word_1_471' title='bbox 257 4878 319 4927; x_wconf 90' lang='lat' dir='ltr'><strong>duos</strong></span> <span class='ocrx_word' id='word_1_472' title='bbox 334 4892 383 4927; x_wconf 89' lang='lat' dir='ltr'><strong>non</strong></span> <span class='ocrx_word' id='word_1_473' title='bbox 401 4878 470 4945; x_wconf 82' lang='lat' dir='ltr'><strong>iacit,</strong></span> <span class='ocrx_word' id='word_1_474' title='bbox 490 4880 600 4944; x_wconf 79' lang='lat' dir='ltr'><strong>simplex</strong></span> <span class='ocrx_word' id='word_1_475' title='bbox 616 4882 722 4943; x_wconf 78' lang='lat' dir='ltr'><strong>dicitnr3</strong></span> <span class='ocrx_word' id='word_1_476' title='bbox 740 4883 762 4930; x_wconf 90' lang='lat' dir='ltr'><strong>si</strong></span> <span class='ocrx_word' id='word_1_477' title='bbox 780 4882 869 4931; x_wconf 83' lang='lat' dir='ltr'><strong>demus</strong></span> <span class='ocrx_word' id='word_1_478' title='bbox 888 4892 935 4935; x_wconf 86' lang='lat' dir='ltr'><strong>etc.</strong></span> 
     </span>
    </p>
   </div>
   <div class='ocr_carea' id='block_1_5' title="bbox 0 0 1777 5600">
    <p class='ocr_par' dir='ltr' id='par_1_7' title="bbox 0 0 1777 5600">
     <span class='ocr_line' id='line_1_47' title="bbox 0 0 1777 5600; baseline 0 0"><span class='ocrx_word' id='word_1_479' title='bbox 0 0 1777 5600; x_wconf 95' lang='lat' dir='ltr'><strong> </strong></span> 
     </span>
    </p>
   </div>
  </div>
 </body>
</html>
