3525 5600
677 392 914 455 thhiblENTVhl
1381 394 1447 459 309

1261 502 1420 555 pare-rat„

157 580 220 640 hoc.
259 599 328 642 nam
349 571 535 661 hyperbaton
559 587 603 642 εει
624 583 732 661 ligura:
763 601 823 643 non
852 590 949 644 autem
973 583 1058 652 dicit,
1086 601 1163 663 quae
1187 592 1233 644 est
1253 583 1365 662 ligura,
1393 584 1446 644 sed

156 680 332 760 generaliter
354 681 539 763 hyperbaton
561 683 619 744 tale
643 691 703 754 εει,
734 692 767 746 ει
792 686 816 744 εἰ
845 683 927 744 ‹licas
955 692 1073 764 tropum
1102 683 1282 764 generalem.
1326 693 1398 764 puta
1420 688 1445 746 si

156 782 254 844 rideas
276 783 425 845 hominem
449 793 479 846 et
501 784 581 846 uicos
603 784 726 855 animal,
757 785 916 864 numquid,
946 788 1014 864 quia
1041 779 1141 847 dixisti
1162 785 1271 848 animal
1294 806 1375 856 esse,
1399 787 1443 848 id·

156 887 233 946 ciroo
256 904 315 946 non
337 894 433 965 potest
455 887 563 949 animal
591 905 656 949 esse
680 896 709 947 et
730 885 875 958 caballuS,
898 886 1007 952 animal
1030 906 1095 949 esse
1118 898 1148 950 et
1169 889 1286 949 asinus?
1318 907 1378 949 non
1400 889 1444 950 di·

136 988 221 1048 eristi
243 1005 307 1049 rem
331 988 498 1068 specialem.
522 989 573 1051 sed
597 1007 660 1051 rem
684 988 863 1068 generalem.
908 990 951 1050 sic
980 991 1029 1067 qui
1052 989 1124 1050 dicit
1146 988 1349 1070 ‘hyperbaton
1371 995 1442 1052 est'.

156 1109 220 1150 nam
243 1090 427 1170 hyperbaton
456 1089 546 1152 hahet
572 1093 686 1170 species
715 1090 871 1171 plurimas,
902 1101 931 1150 et
958 1090 1011 1151 has
1037 1093 1152 1171 species
1179 1091 1325 1154 debemus
1345 1095 1444 1173 potius

155 1193 243 1262 scire,
267 1201 300 1253 ut
320 1193 562 1272 significationem
586 1193 726 1254 dicamus.
771 1193 843 1254 dicit
865 1208 923 1269 quo
945 1192 1043 1254 modo.
1076 1202 1122 1254 est
1141 1211 1206 1254 ‚rrna
1232 1196 1346 1274 species
1368 1213 1443 1274 quae

155 1296 191 1354 ita
214 1293 331 1364 dicitur,
354 1295 552 1375 hysterologia
583 1294 625 1356 vol
655 1295 928 1375 hysteroproteron.
955 1291 960 1377 Ι
985 1295 1122 1374 quotiens
1146 1295 1203 1356 hoc
1229 1295 1337 1358 habeti
1370 1317 1442 1378 quo-

156 1397 357 1475 tienscumque
379 1404 409 1456 et
431 1397 520 1457 verba
543 1406 572 1458 et
593 1415 700 1458 sensus
723 1404 885 1465 mutantur,
908 1404 978 1456 tune
993 1405 1038 1456 εει
1052 1395 1109 1458 hoe
1130 1396 1373 1476 intellegendum.
1411 1409 1444 1461 ut

127 1506 220 1578 reputa
243 1497 438 1578 protulerunt,
462 1501 512 1568 ait,
534 1499 680 1570 triticum;
704 1501 811 1580 primo,
836 1500 890 1572 ait,
915 1509 1032 1560 torrere
1054 1508 1228 1579 coeperunt,

302 1607 338 1660 et
359 1609 506 1663 torrere
529 1610 661 1681 parant
683 1601 844 1662 flammis
866 1609 902 1661 et
922 1600 1102 1679 frangere
1123 1619 1225 1663 saro:

156 1719 220 1763 ecee
246 1703 331 1781 prius
358 1702 431 1764 dixit
452 1721 587 1784 ,coqrrere
614 1721 736 1784 panem,
765 1709 866 1781 postea
894 1701 1068 1763 molendare
1096 1703 1235 1764 triticum.
1280 1704 1336 1766 hoc
1358 1706 1440 1776 dicit,

155 1803 348 1884 hysterologia
371 1811 429 1874 est,
457 1804 574 1883 quando
604 1814 634 1865 ει
661 1802 749 1866 verba
779 1812 891 1865 mutata
918 1813 988 1867 suot
1011 1814 1041 1866 ει
1061 1823 1167 1865 εεεεεε
1189 1813 1327 1868 τεειειετ.
1371 1817 1442 1888 ρειε

156 1907 305 1986 proferunt
326 1907 463 1968 canistris
485 1924 592 1986 paoem
615 1906 824 1986 ‘tonsisque
846 1907 978 1968 ierunt
1000 1905 1177 1968 mantelia
1200 1907 1334 1969 rillis’:
1357 1911 1441 1989 prius

127 2025 146 2065 ε
157 2015 197 2070 εει
224 2017 256 2069 ut
277 2009 412 2070 adierant
433 2007 587 2078 mantelia,
609 2017 713 2088 postea
736 2026 858 2089 panem:
883 2027 954 2068 ecce
976 2008 1033 2068 hoc
1055 2007 1123 2067 loeo
1145 2015 1175 2066 et
1191 2027 1297 2070 sensus
1312 2018 1441 2073 mutatus

157 2119 195 2171 ost
217 2118 245 2172 ει
266 2110 340 2171 ordo
363 2109 531 2172 verborum.
561 2127 633 2188 ergo
655 2111 763 2171 elicitur
785 2107 983 2190 hysterologia
1007 2109 1080 2170 haee
1102 2113 1226 2190 species.
1262 2112 1442 2192 anastrophe

156 2221 248 2274 autem
263 2211 379 2284 dicitur,
397 2214 661 2293 quotienscumque
677 2210 766 2273 verba
783 2219 895 2272 tantum
910 2219 1077 2282 mutantur,
1092 2229 1197 2273 sensus
1211 2222 1310 2274 autem
1324 2215 1442 2294 integer

156 2324 316 2394 permanet,
333 2323 366 2376 ut
379 2315 405 2376 si
420 2315 500 2376 dicas
514 2316 701 2376 ‘transtra
716 2333 782 2394 ρετ
803 2321 837 2375 ει
853 2320 1005 2376 remos’:
1028 2314 1089 2376 sire
1105 2314 1185 2375 dicas
1199 2334 1254 2394 per
1268 2323 1397 2377 transtra
1412 2324 1442 2377 et

155 2433 252 2492 remos,
275 2420 336 2478 sive
357 2418 443 2478 dicus
464 2424 599 2478 transtra
626 2435 680 2496 per
710 2425 739 2477 et
761 2433 874 2486 remos,
899 2415 978 2477 idem
1001 2435 1105 2476 sensus
1128 2425 1187 2487 est,
1215 2424 1327 2479 ιεειιεε
1351 2419 1439 2480 modo

125 2517 239 2579 eoverha
261 2527 371 2580 mutata
394 2527 480 2581 sum:
510 2527 542 2581 ut
564 2517 726 2580 ‘ltaliam
756 2520 920 2588 contra',
949 2517 1006 2580 hoc
1028 2526 1074 2578 est
1095 2527 1199 2578 contra
1221 2518 1343 2579 ltaliam.
1387 2541 1439 2601 ρε-

155 2621 294 2682 renthesis
323 2628 367 2681 est
400 2623 585 2701 interpositio
619 2619 728 2681 divisae
756 2622 938 2682 sententiae:
973 2627 1045 2700 puta
1073 2621 1262 2690 'neneasn
1297 2627 1327 2680 et
1346 2623 1438 2683 inter·

156 2724 233 2803 ponit
260 2727 397 2802 ‘oeque
426 2725 521 2784 enim
548 2724 693 2803 patrius
721 2724 936 2784 consistere
964 2727 1121 2782 mentem
1149 2741 1282 2802 passus
1309 2731 1438 2785 amor'.

158 2822 251 2906 [ordo
274 2832 332 2897 est,
360 2828 473 2887 Aeneas
501 2826 637 2905 rapidum
666 2825 702 2886 aci
731 2844 819 2887 nares
848 2826 1012 2905 praemittit
1032 2823 1178 2894 Achaten,
1212 2833 1241 2885 ει
1263 2826 1441 2906 interposuit

156 2930 339 3000 sententiam,
362 2931 471 3005 ‘neque
495 2930 573 2989 enim
596 2928 710 3007 patrius
731 2930 894 2989 consistere
916 2934 1047 2987 mentem
1069 2944 1174 3006 passus
1196 2934 1302 2988 amor.'
1334 2934 1439 2991 ‘tunc

124 3031 305 3099 resocios'‚
329 3037 359 3091 ει
372 3030 536 3109 interponit
555 3032 730 3111 ‘namque
753 3030 870 3090 omnis
893 3048 972 3089 eum
994 3030 1133 3107 stipata
1157 3028 1306 3108 tegebat
1327 3030 1438 3092 turba

155 3129 305 3191 ducum’.
350 3131 536 3210 parenthesis
564 3130 671 3193 tteirur
703 3133 759 3191 iste
787 3138 891 3212 tropus
915 3128 1071 3213 [ridiculus
1093 3129 1162 3210 est].
1207 3132 1309 3192 tmesis
1331 3132 1438 3195 dicitur
1522 3149 1524 3152 ·

154 3234 239 3294 εεειίο
268 3234 355 3294 εείεε
382 3232 473 3293 verbi.
523 3234 555 3293 lit
582 3235 690 3303 sectio,
718 3233 836 3313 quaudo
866 3241 916 3295 εει
942 3250 1034 3293 unum
1068 3230 1191 3293 verbum
1221 3234 1438 3314 interponimus

156 3341 201 3395 aut
221 3352 308 3395 unam
331 3333 488 3413 syllabam,
519 3344 568 3395 aut
595 3334 773 3416 plerumque
801 3354 920 3397 sensum
942 3334 1173 3414 interponimus,
1204 3337 1256 3414 qui
1278 3354 1384 3398 sensus
1405 3340 1438 3399 iit

155 3436 188 3497 de
208 3434 340 3515 plurimis
362 3437 475 3505 verbim
491 3444 576 3515 puta
599 3455 691 3499 unum
714 3436 836 3499 verbum
859 3445 892 3497 ut
911 3436 1002 3498 dieas.
1044 3437 1102 3498 iuit
1129 3438 1291 3517 imperator
1318 3440 1437 3519 qnidam

123 3536 346 3617 soliliogabalus:
369 3538 395 3599 si
416 3540 459 3599 sic
481 3548 615 3618 poneret,
641 3558 700 3601 non
722 3547 840 3618 poterat
860 3546 940 3600 stare
961 3547 1079 3606 versus:
1109 3538 1161 3599 sed
1183 3541 1346 3602 sectionem
1368 3543 1438 3602 lecit

155 3647 182 3702 ει
201 3640 375 3720 interposuit
400 3658 482 3715 nam,
513 3639 569 3701 elio
599 3660 666 3702 nam
695 3640 816 3720 gabalus
844 3639 1038 3721 [interposuit
1063 3659 1149 3710 nam,
1179 3642 1281 3702 tmesis
1303 3642 1437 3724 dieitur}

154 3741 240 3803 habes
269 3740 346 3822 apud
375 3740 536 3821 Vergilium
565 3744 725 3823 ‘septem
761 3742 931 3805 subiecta
965 3744 1117 3812 trioni'‚
1151 3742 1208 3803 hoc
1242 3750 1287 3803 est
1320 3751 1435 3824 septem

154 3845 246 3913 hinni,
268 3844 448 3923 interposuit
468 3842 609 3905 subiecta.
655 3862 727 3923 ergo
747 3844 849 3907 tmesis
870 3844 904 3905 iit
924 3850 976 3905 aut
997 3862 1053 3924 per
1075 3864 1165 3906 unam
1192 3843 1334 3925 syllabam
1356 3864 1434 3915 nam,

155 3982 197 3987 ...-
205 3980 325 3987 -η-η,
335 3981 444 3987 -η--α

184 4076 186 4080 v
219 4040 406 4115 lhyperbatuu
432 4058 457 4098 et
476 4048 557 4115 ligura
578 4048 627 4099 BS
644 4050 784 4113 yperbstou
802 4050 885 4116 ligura
907 4058 946 4099 εει
962 4049 987 4097 P
1068 4048 1113 4098 sed
1131 4063 1178 4101 om.
1196 4049 1222 4098 P
1308 4051 1370 4097 2ut
1387 4067 1433 4106 om,

154 4118 254 4169 ROSP
319 4119 436 4181 5siquis
455 4119 516 4168 dicit
535 4119 673 4183 yperbaton
690 4128 728 4168 est
744 4122 769 4169 P
837 4122 905 4169 int
923 4118 1136 4186 significationem
1153 4118 1310 4183 (generalem
1329 4121 1390 4170 add.
1409 4126 1435 4179 c)

155 4191 260 4238 dieamus
276 4188 336 4237 dicit
351 4188 372 4237 0
388 4199 415 4237 ut
435 4188 645 4253 significationem
661 4188 750 4239 dicitb
769 4198 797 4236 ut
814 4190 1027 4256 significationem
1044 4187 1190 4254 generalem
1210 4188 1270 4237 dicit
1289 4188 1369 4239 BSP

155 4273 214 4321 quae
238 4258 268 4307 ita
293 4258 385 4310 dicitur
404 4274 451 4307 om.
465 4259 493 4321 Ο,
509 4266 636 4321 repuncta
652 4266 711 4309 eaor
725 4260 751 4309 in
769 4257 794 4306 B
880 4259 910 4311 11
931 4269 956 4309 ει
972 4254 1077 4323 ιοττετε]
1104 4259 1181 4321 Verg.
1198 4258 1263 4307 Aea.
1287 4259 1295 4307 l
1315 4260 1366 4310 170

156 4328 184 4377 12
202 4326 248 4377 heo
264 4328 328 4378 dixit
345 4328 366 4377 0
435 4327 467 4379 14
484 4326 627 4395 tonsisque]
650 4330 728 4393 Verg.
746 4328 812 4379 Aen.
831 4330 841 4379 l
858 4330 909 4379 702
962 4327 1081 4377 mantelia
1096 4328 1140 4377 Pe
1157 4328 1272 4376 mantilia
1288 4327 1367 4379 BCS

157 4398 185 4447 15
203 4398 488 4447 menteliaPmantilia
504 4398 581 4449 BOS
666 4397 699 4449 18
718 4396 838 4464 transtra]
864 4399 942 4463 Verg.
961 4398 1027 4447 Aen.
1048 4396 1140 4447 vuu3
1227 4396 1370 4447 sineriiens
1390 4414 1434 4463 per

155 4476 256 4515 transtra
272 4483 317 4533 per
334 4477 359 4516 ει
378 4466 416 4530 (ει
432 4482 477 4533 ρετ
496 4467 559 4531 Bu)
578 4481 660 4518 remos
680 4469 747 4519 idem
765 4466 844 4517 BOS
929 4468 964 4518 20
985 4466 1093 4531 ltaliam]
1118 4468 1197 4532 Verg.
1216 4466 1281 4517 Αεε.
1303 4467 1364 4518 113

155 4535 183 4586 21
202 4535 306 4604 Αεεεεε]
333 4539 412 4603 Very.
431 4538 592 4591 Aentutt
679 4547 704 4588 et
722 4539 866 4602 ἰειετροεει
882 4536 958 4588 BOS
976 4544 1001 4586 et
1018 4538 1164 4603 interponas
1182 4537 1206 4586 P
1290 4539 1432 4604 22passue

156 4620 222 4655 emor
238 4606 284 4655 ΒΡ
299 4622 393 4674 passus
408 4616 446 4658 est
463 4624 534 4659 amor
551 4616 656 4673 ειτορεε
670 4611 725 4659 loeo
740 4609 791 4659 BG
842 4610 876 4659 24
895 4604 965 4671 tune]
990 4608 1069 4670 Verg.
1087 4607 1199 4657 Aemili
1218 4608 1250 4659 12
1319 4610 1355 4659 26
1373 4608 1433 4657 ridi-

156 4675 223 4725 culus
248 4686 281 4727 εει
297 4676 347 4728 SP
371 4678 522 4727 ridiculosus
546 4686 584 4728 εει
601 4678 645 4727 Bc
672 4687 697 4729 et
714 4679 867 4729 ridiculosus
886 4679 964 4727 estG
1045 4677 1079 4727 28
1102 4688 1144 4725 sut
1162 4677 1310 4742 plerumque
1328 4692 1432 4729 sensum
1491 4692 1494 4697 ·

157 4745 330 4809 interponimus
357 4754 384 4797 ut
401 4756 462 4813 ρειε
480 4748 535 4815 syll'
554 4763 629 4797 unam
649 4749 671 4799 si
690 4748 760 4797 dicas
779 4748 827 4797 luit
850 4748 953 4812 quidem
972 4747 1190 4812 eliouamgabalus
1208 4748 1231 4796 si
1249 4748 1323 4797 aliter
1338 4763 1433 4813 ponere

152 4828 202 4863 nou
220 4824 312 4879 poterat
327 4826 394 4867 stare
412 4832 501 4869 uersus
522 4820 543 4867 Ρ
611 4819 653 4881 qui
672 4833 775 4869 sensnm
794 4819 815 4868 si
838 4820 869 4869 de
887 4816 908 4866 S
925 4833 999 4881 quem
1018 4832 1120 4866 sensum
1141 4818 1163 4865 si
1178 4818 1210 4866 de
1223 4816 1275 4867 BG
1341 4817 1374 4869 31
1394 4818 1432 4867 in·

158 4887 272 4951 terposuit
289 4902 344 4937 nam
361 4890 503 4951 posteriore
520 4890 574 4939 loeo
588 4904 635 4943 oar.
649 4889 681 4951 B,
699 4889 790 4941 udd.b
861 4886 896 4939 32
913 4883 1024 4954 septem]
1048 4888 1126 4953 Verg.
1139 4902 1228 4954 georg.
1250 4888 1283 4937 lli
1301 4887 1351 4939 381
