3525 5600
709 443 859 510 PHOCAE
1367 441 1430 511 401

157 637 335 698 enarratam.
381 628 526 696 eiusdem
553 631 682 716 generis
709 631 843 697 videtur
876 654 948 698 esse
974 633 1223 697 commentarius
1252 632 1288 696 in
1320 632 1431 698 codice

156 735 302 800 Vaticano
323 731 542 798 bibliothecae
564 733 756 818 Reginensis
781 735 863 800 1560
885 757 969 800 6666.
991 733 1044 800 XI
1065 744 1140 799 ante
1162 735 1282 801 librum
1303 735 1431 800 Phocae

157 837 282 924 scriptus
304 835 327 898 s.
349 835 505 918 24-35,
534 842 642 916 1661611
665 839 800 913 feliciter
822 859 874 901 crs
897 843 999 902 Foccc
1018 842 1221 916 qrammctici.
1266 843 1325 901 Ars
1347 842 1431 902 dicta

156 951 191 1004 est
204 959 235 1003 eo
249 943 330 1020 quod
344 945 421 1004 artis
440 945 620 1020 praeceptis,
636 943 670 1002 id
691 949 734 1003 est
755 945 866 1003 strictis
889 946 1013 1022 reculis,
1037 946 1180 1004 uniuersa
1202 944 1431 1020 conprehendit

155 1077 191 1089 -
209 1047 375 1122 usurpauit,
399 1047 496 1106 idest
518 1063 573 1106 usu
596 1047 740 1120 arripuit.
766 1047 843 1118 finit.
886 1046 986 1105 Faces
1008 1049 1062 1106 iste
1084 1047 1308 1121 antiquissimus
1327 1062 1430 1120 qram-

155 1150 267 1207 malicus
286 1145 349 1219 suit
371 1155 440 1207 cate
461 1149 652 1208 Priscicaum
674 1153 704 1206 et
727 1147 892 1221 Donatum,
920 1150 997 1208 adeo
1024 1154 1057 1209 at
1079 1147 1257 1209 Priscianus
1276 1149 1372 1208 multa
1394 1148 1432 1206 de

155 1268 184 1310 eo
204 1253 232 1310 r'n
253 1250 328 1310 libro
349 1267 403 1310 sao
427 1251 508 1309 (11661
529 1257 559 1309 ct
581 1251 720 1326 exempla
741 1257 848 1310 sumat.
879 1252 934 1324 qui
952 1250 1118 1325 composuit
1138 1251 1219 1310 tunc
1240 1250 1371 1309 1156116111
1394 1251 1432 1308 (16

156 1361 213 1411 crte
230 1355 431 1426 qrammaticc
454 1352 492 1411 de
514 1353 632 1412 duabus
650 1353 792 1427 partibas
813 1353 1014 1412 substanciae
1032 1354 1185 1413 61666611
1205 1357 1265 1414 616.

228 1449 468 1514 Grammaticae
489 1448 569 1512 artis
591 1447 755 1513 doctorem
777 1449 880 1514 161666
903 1448 1046 1516 Phocam
1068 1471 1171 1535 eaque
1194 1470 1276 1536 quae
1299 1448 1340 1513 de
1361 1458 1430 1513 arte

154 1551 309 1638 scripserit
330 1552 504 1638 praecipue
527 1549 758 1636 discipulorum
782 1573 914 1616 suorum
935 1552 1009 1615 usui
1031 1550 1195 1616 destinata
1217 1554 1264 1616 ita
1286 1573 1328 1614 ex
1349 1553 1432 1615 661-

155 1655 290 1740 quiorum
312 1654 599 1738 grammaticorum
622 1651 715 1718 libris
732 1652 916 1738 collegisse,
939 1663 976 1717 ut
998 1651 1079 1717 nihil
1101 1655 1179 1718 novi
1200 1651 1349 1734 adderet,
1373 1649 1432 1715 sed

156 1754 244 1818 solam
269 1753 443 1820 brevitatis
472 1753 601 1819 laudem
629 1755 694 1821 sibi
722 1753 918 1836 vindicaret,
952 1756 1021 1842 ipse
1053 1755 1087 1819 in
1119 1756 1323 1842 61661611666
1356 1753 1431 1818 libri

154 1858 306 1942 professus
329 1868 390 1922 est.
434 1854 575 1943 plurima
597 1866 705 1922 autem
728 1881 770 1922 ex
792 1857 831 1922 iis
855 1879 938 1944 quae
966 1856 1110 1922 breviter
1131 1857 1173 1923 ab
1197 1879 1235 1922 eo
1258 1867 1432 1943 praecepta

154 1968 220 2022 sunt
246 1981 330 2023 nunc
357 1961 456 2024 etiam
483 1957 615 2026 uberius
644 1961 795 2046 exposita
821 1959 910 2046 apud
939 1957 1124 2024 Charisium
1152 1970 1185 2025 et
1212 1961 1246 2024 in
1268 1957 1431 2044 excerptis

153 2073 219 2145 post
250 2059 433 2126 Charisium
470 2059 565 2126 editis
599 2061 761 2146 leguntur.
805 2084 909 2148 neque
940 2070 1050 2126 tamen
1083 2084 1125 2126 ex
1152 2057 1296 2126 Charisii
1328 2059 1430 2140 libris,

141 2167 224 2248 ¹quos
246 2161 377 2250 quidem
399 2185 485 2229 nunc
507 2163 681 2246 habemus,
704 2165 784 2228 haec
807 2163 961 2249 decerpta
982 2187 1053 2228 esse
1074 2161 1151 2228 inde
1173 2164 1314 2228 maxime
1336 2159 1429 2227 intel·

153 2263 277 2350 legitur,
301 2265 387 2352 quod
409 2265 568 2353 quaedam
591 2289 633 2330 ex
654 2265 716 2332 hoc
739 2289 874 2352 genere,
897 2265 1066 2351 inquibus
1089 2265 1202 2330 eadem
1217 2262 1320 2328 verba
1341 2286 1430 2350 repe·

153 2368 206 2432 tita
226 2378 317 2450 sunt,
339 2371 448 2454 potius
471 2390 544 2433 cum
567 2369 729 2456 excerptis
752 2367 833 2450 illis,
857 2391 939 2454 6666
962 2367 1146 2454 6611161611
1167 2365 1317 2433 uberiore
1338 2368 1431 2431 fonte

153 2467 291 2535 derivata
317 2492 389 2534 esse
416 2493 516 2557 supra
543 2493 576 2557 p.
596 2469 659 2534 336
689 2469 776 2552 dixi,
806 2493 903 2556 quam
930 2493 1005 2535 cum
1030 2470 1102 2556 ipso
1126 2465 1274 2533 Charisia
1297 2489 1430 2533 conson-

153 2571 239 2637 tiunt.
269 2571 361 2638 cuius
385 2573 432 2636 rei
454 2571 713 2638 luculentissima
735 2570 886 2660 exempla
907 2582 983 2637 sunt
1003 2571 1084 2636 haec
1105 2592 1189 2657 6666
1210 2573 1334 2657 6611616
1356 2581 1431 2635 6661

153 2673 281 2760 61690
304 2675 344 2739 (16
367 2673 602 2761 monosyllabis
624 2673 696 2741 coll.
721 2674 815 2740 Char.
839 2697 871 2761 p.
894 2675 946 2756 42,
969 2674 989 2738 6
1011 2696 1083 2738 exc.
1106 2672 1204 2738 Char.
1226 2697 1259 2759 p.
1281 2671 1355 2754 546,
1379 2671 1428 2754 1“1;

152 2777 272 2862 p.1692
295 2773 335 2841 de
351 2787 507 2865 quattuor
522 2777 707 2845 nominibus
731 2801 748 2843 o
770 2775 879 2843 littera
896 2776 1011 2860 finitis,
1040 2781 1100 2842 duo
1121 2781 1208 2841 ambo
1229 2779 1428 2867 occupando,

152 2876 216 2943 coll.
239 2878 334 2945 Char.
363 2903 395 2967 p.
418 2880 474 2962 64,
498 2880 518 2945 9
541 2904 609 2946 cxc.
647 2881 743 2946 Char.
771 2905 804 2969 p.
827 2880 905 2961 545,
927 2880 964 2962 5,
988 2878 1196 2967 6166661116
1219 2878 1273 2943 vel
1295 2878 1337 2943 ab
1358 2878 1430 2965 ipso

152 2983 353 3064 grammatico
383 2982 608 3068 neglegentius
637 2984 834 3069 interposita
852 2980 905 3047 vel
926 2992 1041 3068 postea
1062 2981 1192 3047 adiecta
1214 2989 1290 3045 sunt
1312 2980 1353 3045 de
1374 3002 1429 3045 no-

153 3084 230 3148 mine
247 3090 352 3165 pondo
376 3082 448 3150 coll.
473 3084 571 3150 Char.
594 3108 625 3173 p.
641 3086 697 3165 35,
721 3086 761 3148 21
785 3107 853 3152 cxc.
876 3083 974 3150 Char.
997 3108 1030 3171 p.
1053 3082 1126 3165 551,
1151 3082 1205 3165 10;
1227 3105 1259 3170 p.
1285 3082 1366 3147 1113
1389 3080 1430 3145 de

152 3185 253 3250 verbis
275 3208 310 3250 eo
332 3184 468 3273 syllabis
491 3186 591 3251 finitis
614 3186 686 3252 coll.
709 3209 780 3251 exc.
804 3182 902 3253 Char.
925 3186 1052 3273 6565,
1075 3185 1126 3250 39.
1158 3184 1366 3271 6661661661
1389 3182 1429 3247 de

152 3286 216 3351 aliis
238 3289 475 3373 grammaticis,
499 3288 532 3353 in
555 3288 672 3375 quibus
689 3286 1039 3355 6161116166666666616
1055 3286 1338 3375 deprehendimus,
1362 3309 1431 3351 sae-

150 3391 216 3475 pius
239 3388 396 3475 diximus,
424 3392 472 3457 ita
493 3390 636 3456 Phocum
658 3414 786 3479 quoque
813 3390 895 3456 haec
916 3415 1000 3479 quac
1022 3393 1053 3456 ei
1075 3413 1148 3455 cum
1171 3388 1321 3454 Charisio
1344 3410 1430 3455 corn·

152 3494 253 3556 munia
274 3502 350 3557 sunt
370 3516 436 3559 uon
458 3494 500 3560 ab
523 3494 584 3559 hoc
606 3494 695 3581 ipso,
720 3494 778 3559 sed
801 3496 842 3562 ab
864 3494 983 3559 iisdem
1005 3492 1207 3573 auctoribus,
1234 3491 1352 3577 quibus
1374 3488 1430 3555 1116

150 3615 220 3659 usus
244 3605 309 3677 est,
336 3594 371 3658 in
397 3594 528 3681 primis,
551 3596 585 3659 ni
608 3594 720 3677 fallor,
749 3619 791 3661 ex
818 3609 888 3664 6116
910 3595 1133 3678 Palaemonis,
1155 3594 1315 3681 petivisse
1336 3602 1431 3680 puta-

150 3696 259 3763 bimus.
302 3696 415 3763 eodem
446 3698 617 3765 referenda
644 3709 721 3765 sunt
748 3721 787 3763 66
809 3722 893 3787 6666
913 3699 1001 3787 66611
1022 3695 1234 3780 Diomedem,
1257 3718 1354 3784 quem
1374 3696 1429 3759 iis·

152 3794 217 3863 dem
239 3800 426 3866 auctoribus
449 3824 544 3865 usum
566 3824 639 3866 esse
662 3808 807 3883 constat,
831 3800 871 3867 de
893 3801 1003 3866 verbis
1026 3800 1177 3865 similiter
1199 3798 1321 3885 scripta
1342 3808 1427 3868 sunt.

152 3896 260 3967 deinde
292 3926 334 3969 ex
366 3900 534 3968 catholicis
567 3903 683 3986 Probi,
714 3925 798 3991 quae
828 3904 863 3968 in
896 3900 996 3967 simili
1028 3912 1218 3987 argumento
1246 3909 1429 3981 versantur,

151 4006 300 4091 quaedam
332 4004 495 4071 translata
529 4027 600 4069 esse
629 4006 662 4069 16
690 4006 803 4092 6116116
833 4028 872 4069 66
899 4028 983 4091 6666
1010 4003 1052 4069 de
1084 4004 1212 4089 graecis
1243 4001 1428 4067 nominibus

151 4106 308 4196 disputata
335 4117 411 4173 66111
437 4131 470 4195 p.
495 4106 577 4172 1704
605 4106 679 4173 6611.
706 4106 805 4173 Ρ165.
829 4108 916 4172 cath.
939 4108 975 4189 9,
1000 4107 1055 4189 183
1083 4105 1135 4171 33.
1168 4105 1223 4187 18,
1245 4103 1297 4168 24.
1324 4102 1386 4186 2⁹1,
1408 4102 1430 4167 4

150 4210 278 4295 probare
299 4208 464 4276 videntur.
508 4210 614 4275 minus
637 4220 763 4275 certum
790 4222 856 4292 est,
885 4233 963 4275 num
983 4208 1151 4274 Donatum
1178 4228 1306 4295 quoquc
1328 4216 1361 4271 et
1381 4205 1429 4269 in·

151 4318 297 4401 161616166
320 4312 461 4395 Donati,
489 4313 684 4400 quibuscum
712 4309 881 4397 complura
903 4332 981 4375 sane
1003 4311 1186 4377 communia
1207 4308 1322 4391 habet,
1345 4307 1429 4373 Pho-

152 4432 199 4479 eas
221 4414 413 4484 adhibuerit.
442 4437 535 4480 nam
563 4438 637 4480 cum
663 4414 836 4481 brevitatis
857 4408 973 4477 'studio
1001 4411 1117 4478 ductus
1141 4421 1173 4477 et
1195 4410 1429 4497 discipulorum

152 4515 276 4585 utilitati
297 4516 471 4587 consulens
494 4517 603 4583 omnia
624 4514 706 4581 adeo
729 4516 763 4579 in
785 4515 1003 4602 conpendium
1026 4512 1201 4599 redigeret,
1224 4525 1261 4580 ut
1281 4524 1339 4578 aut
1359 4512 1429 4577 nul·

153 4612 189 4682 lis
211 4632 264 4687 aut
284 4622 398 4711 paucis
421 4620 543 4687 veteris
567 4618 733 4686 doctrinae
755 4617 902 4701 vestigiis
929 4612 1050 4682 relictis
1072 4616 1201 4703 regulas
1224 4638 1244 4680 a
1265 4614 1429 4703 plerisque

154 4722 263 4788 artium
277 4723 493 4811 scriptoribus
510 4720 647 4787 traditas
664 4730 873 4807 conponeret,
898 4716 964 4782 dici
985 4719 1113 4807 nequit,
1136 4742 1156 4783 a
1178 4719 1297 4807 quibus
1320 4728 1430 4785 aucto·

152 4822 234 4889 11566
256 4848 398 4914 6666666
421 4834 525 4914 661116
547 4824 622 4889 6161.
667 4822 725 4887 sed
746 4832 783 4887 ut
803 4818 1062 4907 intellegeretur,
1085 4834 1242 4909 quantum
1263 4819 1335 4886 fieri
1355 4844 1429 4910 pos·
1540 4812 1549 4824 ⁹

153 4934 214 5007 661,
242 4950 280 4992 611
307 4928 425 5015 6111566
452 4928 599 4994 16611566
628 4926 858 5011 grammaticus
887 4936 1061 5012 praecepta
1082 4926 1163 4990 artis
1186 4922 1350 5009 duxisset,
1374 4945 1428 4991 eos
