3525 5600
657 417 893 481 COMMENTVM
1359 413 1421 478 287

1238 537 1260 578 ρ.
1275 525 1357 566 scum
1370 521 1394 563 l..

142 625 234 676 venum,
256 607 282 666 si
297 605 416 666 tenuius
431 611 524 674 sonet,
542 621 596 683 per
619 603 686 674 duo,
710 606 735 665 si
757 607 900 684 pinguius
920 614 1014 668 sonet.
1045 614 1115 686 puta
1131 605 1255 685 lingue:
1278 605 1423 666 debemus

143 710 233 770 dicere
255 706 363 786 largus
388 715 422 768 ut
442 708 551 787 pingue
572 714 671 776 sonet;
695 717 724 768 et
745 709 771 768 si
793 707 874 768 dicas
895 708 965 779 ilex,
989 725 1049 769 non
1070 707 1132 770 lex:
1156 710 1258 770 vitiosa
1277 716 1348 769 sunt
1369 725 1424 787 per

143 810 353 874 labdacismnm.
398 811 469 870 item
492 810 522 870 in
544 811 663 886 gemino
685 807 694 867 l
719 808 852 886 [quando
873 807 987 870 luerint
1007 810 1066 872 duo
1087 810 1127 892 l],
1157 813 1182 872 si
1207 809 1336 872 volueris
1357 812 1422 890 pin·

142 915 221 991 guius
241 931 358 980 souare,
381 913 406 971 si
428 910 560 972 dieamus
581 909 707 972 Metelus
729 910 857 972 Catulus.
902 913 932 972 in
959 912 1006 974 ivis
1027 915 1115 976 etiam
1138 913 1330 992 agnoscimus
1351 929 1423 989 gen·

123 1017 206 1076 stium
230 1016 312 1082 vitia;
334 1011 523 1074 labdacismis
546 1019 661 1072 scatent
682 1013 753 1083 stri,
775 1031 845 1074 raro
868 1023 914 1075 cst
934 1023 969 1075 ιιι
989 1014 1094 1095 aliquis
1115 1014 1194 1076 dicat
1215 1014 1239 1074 l:
1264 1032 1318 1094 per
1333 1014 1425 1091 gemi-

142 1137 203 1178 num
225 1113 234 1174 l
258 1119 302 1176 sic
324 1114 462 1176 locuntur
485 1114 619 1182 Romani,
643 1131 747 1176 omnes
770 1114 868 1176 Lotinl
890 1118 933 1177 sic
956 1115 1111 1186 locuntur,
1135 1115 1265 1178 Catullus
1280 1113 1422 1177 Metellus.

216 1218 424 1298 llpotacismus
446 1223 499 1284 est,
523 1217 661 1295 quotiens
689 1217 767 1278 inter
795 1217 868 1280 duas
891 1217 1006 1280 vocales
1035 1237 1064 1278 m
1090 1220 1218 1298 positum
1241 1219 1425 1299 exprimitur.

143 1321 210 1381 utsi
232 1320 314 1381 dicas
335 1318 504 1382 ‘hominem
527 1320 685 1388 amicum’,
716 1323 883 1381 ‘oratorem
907 1322 1079 1400 optimum'.
1124 1339 1184 1382 non
1213 1322 1292 1380 enim
1315 1319 1498 1387 videricus,
1512 1327 1544 1376 14

144 1423 233 1484 dicere
257 1421 425 1482 ‘hominem
449 1421 612 1491 amicnm',
642 1420 695 1480 sed
717 1420 837 1484 homine
859 1425 1032 1492 mamioum,
1061 1423 1139 1503 quod
1162 1431 1207 1484 est
1228 1423 1425 1500 incongruum

115 1536 170 1584 net
194 1527 401 1586 inconsonans.
451 1522 586 1583 similiter
619 1526 786 1584 ‘oratorem
820 1525 992 1604 optimum',
1026 1523 1135 1586 videris
1162 1523 1261 1585 dicere
1291 1526 1427 1584 ‘oratore

143 1627 338 1706 inoptimum’.
390 1623 496 1688 bonam
532 1625 676 1686 rationem
711 1625 784 1688 dixit
814 1625 966 1697 Melissus,
1004 1644 1062 1706 quo
1090 1626 1179 1688 modo
1205 1625 1356 1687 vitandum
1384 1633 1429 1686 est

144 1729 193 1790 lvoc
213 1727 329 1798 viuum,
354 1743 392 1788 ne
413 1727 645 1788 incurramusin
668 1726 747 1790 uliud
772 1729 882 1789 vitium.
928 1727 1106 1808 plerumque
1129 1729 1208 1788 enim
1232 1736 1283 1788 aut
1304 1745 1427 1807 suspen·

143 1831 215 1890 sione
251 1830 461 1909 pronuntiatur
498 1836 547 1888 aut
584 1827 766 1890 exclusione:
817 1832 1012 1910 suspensione
1052 1831 1277 1909 pronuntiatur,
1321 1832 1346 1890 si
1384 1829 1429 1889 di·

144 1951 186 1992 ras
216 1931 394 2014 “nominem
432 1931 593 2001 amicum’,
639 1928 825 2012 [interponas
867 1931 976 2012 aliquid
1016 1930 1101 2013 pum]
1145 1933 1315 1994 ‘oratorem
1352 1933 1428 2011 opti·

114 2037 249 2102 unum&
293 2040 344 2095 cut
376 2041 472 2101 certe,
508 2030 512 2114 l
548 2033 573 2094 si
612 2032 684 2094 velis
719 2033 892 2104 excludere,
932 2035 1071 2095 ‘homine
1107 2037 1262 2105 amicum’,
1291 2039 1429 2094 ’oratore

144 2138 309 2216 optimum'.
360 2153 414 2196 nos
442 2133 512 2214 quid
541 2136 624 2214 sequi
653 2133 813 2198 debemus?
854 2136 944 2216 quid?
978 2156 1034 2217 per
1060 2139 1287 2217 suspensionem
1314 2142 1429 2197 tantum
1494 2216 1499 2223 .

144 2237 231 2299 modo.
286 2255 344 2316 quu
372 2237 504 2297 ratione?
539 2239 607 2316 quia
634 2239 659 2298 si
688 2237 798 2299 dixeris
824 2255 878 2318 per
906 2240 1131 2319 suspensionem
1159 2238 1329 2300 ‘hominem
1357 2238 1429 2298 ami·

79 2355 83 2362 ·
144 2344 232 2409 cum’,
257 2347 287 2400 et
308 2337 365 2399 hoc
389 2339 489 2402 vitium
514 2337 627 2408 vitabis,
651 2343 889 2420 myotacismum,
914 2348 944 2402 et
965 2359 1025 2403 non
1053 2340 1142 2402 cades
1163 2341 1192 2402 in
1215 2341 1294 2402 aliud
1319 2341 1428 2410 vitium,

142 2442 168 2502 id
190 2443 284 2502 estin
308 2441 430 2502 hiatum.
461 2459 528 2502 nam
553 2442 577 2502 si
601 2439 728 2502 volueris
749 2443 850 2504 dicore
873 2443 1013 2504 ‘homine
1034 2445 1189 2514 amioum',
1213 2445 1287 2504 vitas
1309 2442 1429 2522 quidem

112 2545 372 2622 umpotacismum,
395 2561 457 2604 non
479 2551 577 2606 tamen
600 2545 673 2606 vitas
695 2543 817 2606 hiatum.
864 2565 932 2607 nam
954 2544 1053 2607 hiatus
1074 2553 1135 2615 est,
1159 2542 1277 2625 quando
1298 2544 1430 2604 vocalem

142 2645 193 2706 alia
215 2645 325 2706 vocalis
346 2645 495 2722 sequitur,
519 2644 549 2704 id
573 2653 617 2706 est
640 2648 778 2723 quotiens
799 2657 867 2726 post
889 2645 1020 2710 vocalem
1042 2647 1133 2710 altera
1157 2646 1265 2709 vocalis
1286 2648 1428 2726 sequitur.

142 2756 208 2809 lunc
229 2748 348 2827 gravius
370 2752 469 2808 tamen
492 2745 549 2809 lroc
572 2748 734 2823 divitium,
759 2750 784 2809 si
808 2749 911 2811 eadem
935 2749 1043 2811 vocalis
1065 2757 1216 2830 sequatur.
1245 2756 1315 2830 puta
1333 2749 1430 2811 ‘Musa

142 2852 262 2911 amavit’
286 2851 371 2930 peius
394 2855 446 2917 est,
471 2868 558 2929 quam
583 2852 682 2913 ‘illusa
706 2850 837 2921 lvahuit’,
861 2852 960 2913 'illusa
983 2852 1129 2913 edocuit'.
1161 2870 1232 2931 ergo
1254 2852 1353 2914 hiatus
1376 2860 1430 2921 est,

142 2954 275 3033 quotiens
299 2949 429 3011 vocalem
452 2948 544 3011 altera
568 2952 676 3015 vocalis
697 2956 840 3034 sequitur.
886 2974 979 3036 quare
1001 2956 1027 3016 si
1054 2952 1127 3016 illud
1155 2955 1248 3016 vitare
1276 2952 1429 3023 debemus,

110 3074 177 3115 esne
198 3056 229 3115 iu
253 3052 379 3115 eandem
402 3052 533 3116 vocalem
557 3053 650 3125 cadat,
675 3054 780 3117 melius
802 3064 847 3116 est
869 3059 986 3118 vitetur.

222 3154 353 3217 Conlisio
377 3162 431 3225 est,
456 3156 593 3233 quotiens
616 3154 707 3217 altera
729 3176 798 3237 pars
820 3160 851 3219 in
874 3157 998 3221 alteram
1019 3158 1244 3220 similitudinem
1267 3156 1432 3218 litterarum
1444 3170 1503 3233 aaa,
1517 3172 1552 3220 ιι

141 3258 182 3318 vel
204 3257 341 3336 coeperit
363 3255 409 3316 vel
431 3257 555 3327 finierit,
578 3256 608 3317 id
631 3266 675 3319 est
696 3260 721 3319 si
744 3258 780 3321 ab
804 3279 836 3321 ea
859 3270 944 3341 parte
965 3260 1086 3321 inchoet
1106 3260 1162 3322 alia
1187 3278 1258 3341 pars
1279 3260 1432 3329 orationis,

142 3361 169 3419 in
185 3376 275 3437 ιριιιιι
292 3358 381 3419 desiit
396 3358 461 3429 illc,
485 3366 536 3421 aut
553 3368 634 3423 certe
658 3362 684 3421 si
704 3360 741 3422 ab
762 3364 835 3441 ipsis
851 3362 971 3443 syllabis
988 3362 1129 3424 inchoent
1145 3362 1257 3424 multae
1277 3369 1386 3441 partes,
1402 3368 1436 3421 ut

292 3480 309 3521 o
332 3461 415 3523 Tito
438 3469 516 3523 tute
539 3462 623 3524 Tati
646 3462 716 3525 libi
739 3472 839 3525 tanta
862 3473 1021 3545 tyranne
1046 3463 1187 3535 tulisti,

206 3651 328 3701 ltenuis
346 3658 419 3700 sonet
435 3648 514 3700 808
617 3652 721 3718 pinguis
739 3660 811 3701 sonet
830 3652 905 3704 BOS
1002 3661 1064 3719 pute
1083 3653 1191 3719 llargus
1210 3653 1332 3703 debemus
1351 3652 1434 3701 dicere
1469 3638 1475 3650 '

141 3720 225 3786 largus
246 3718 357 3785 (llurgus
377 3718 415 3783 B)
440 3730 466 3769 ιιι
488 3720 593 3786 pinguis
611 3732 684 3771 sonet
708 3724 729 3770 si
748 3722 818 3771 dices
837 3723 878 3773 lex
902 3738 952 3773 non
972 3723 1014 3774 lex
1031 3724 1083 3774 BS
1100 3733 1161 3788 ριιιιι
1179 3725 1186 3773 l
1206 3725 1294 3789 largus
1313 3723 1434 3771 debemus

141 3791 222 3839 dicere
241 3789 250 3839 l
270 3798 300 3837 ιιι
316 3790 422 3856 pinguis
437 3798 510 3839 sonet
529 3790 616 3857 largus
632 3794 654 3839 si
671 3792 742 3841 dicas
758 3792 798 3841 lex
817 3807 867 3842 non
886 3792 928 3842 lex
944 3794 965 3845 0
1033 3794 1049 3843 3
1067 3794 1173 3860 pinguis
1189 3808 1281 3843 sonare
1296 3790 1371 3842 BOS

140 3862 155 3909 4
173 3858 294 3909 metellus
308 3859 417 3911 calvellus
430 3859 475 3909 08
492 3860 606 3911 metellus
621 3860 727 3911 catellus
746 3862 770 3911 B
840 3865 855 3914 5
874 3864 937 3914 uilia
954 3864 1094 3923 iotacismis
1107 3864 1258 3927 (iotacisnds
1270 3878 1316 3913 om.
1334 3862 1355 3912 0
1371 3863 1435 3911 iots-

141 3930 233 3979 cissimi
252 3929 317 3980 add.
335 3929 361 3993 c)
380 3938 478 3979 scatent
496 3930 545 3978 alri
564 3946 621 3979 raro
635 3942 673 3982 est
691 3940 718 3982 ut
730 3930 822 3995 aliquis
841 3934 908 3983 dicat
923 3934 930 3981 l
948 3933 1110 3983 labdactsmis
1124 3949 1169 3999 per
1187 3934 1316 3999 geminum
1336 3929 1434 3981 1808.

140 4000 349 4050 loddaca'smomun
366 4001 426 4050 uitio
441 3998 516 4061 Afris
533 4000 618 4051 tribuit
641 4001 756 4052 Isidorus
773 4006 837 4067 erip.
859 4005 865 4051 l
885 4001 928 4065 31,
947 4006 974 4054 8.
991 4004 1124 4066 Pompeius
1141 4013 1222 4054 autern
1238 4005 1284 4052 doc
1301 4001 1436 4067 reprelien-

140 4071 198 4120 dere
215 4071 328 4133 viderur,
347 4068 416 4135 quod
430 4084 478 4131 pro
491 4083 541 4118 uno
558 4072 566 4120 l
582 4072 631 4123 duo
644 4074 804 4137 pronuntient
867 4102 871 4121 ι
890 4072 908 4123 8
923 4075 1102 4123 meolacismus
1118 4074 1200 4123 BGP
1220 4073 1399 4123 mociacismus
1415 4068 1437 4118 S

205 4140 222 4191 9
246 4140 295 4190 sod
315 4140 416 4191 homine
436 4154 477 4187 ma
496 4140 644 4193 umicumS
733 4142 764 4193 11
787 4142 954 4193 mellissusS
1024 4142 1057 4193 13
1082 4139 1240 4209 exclusione]
1259 4142 1436 4191 exsolutione

141 4210 213 4261 BOS
288 4210 322 4261 14
339 4212 486 4275 interpoues
504 4208 544 4261 8.·
562 4212 599 4263 cd
614 4213 685 4261 aliud
698 4214 852 4277 mpotocismi
864 4214 960 4263 υἰιιιιιιίἱ
976 4229 1056 4278 penus
1071 4212 1117 4263 ltoc
1131 4214 1260 4275 pertinere
1276 4212 1385 4273 uidetur,
1404 4211 1437 4260 de

142 4296 186 4345 puo
202 4281 272 4332 dmin
297 4280 444 4331 Consentius
465 4296 494 4345 ρ.
510 4279 543 4331 nt
561 4282 600 4335 ed.
621 4281 723 4344 uuum,
751 4282 826 4332 liuius
845 4284 901 4332 vitii
925 4284 1065 4333 remedium
1086 4292 1126 4333 est
1143 4284 1263 4347 primum,
1282 4292 1318 4345 ut,
1337 4281 1436 4345 quoties

143 4350 177 4400 sic
197 4360 291 4412 sonet,
317 4366 379 4416 pars
402 4350 526 4400 orationis
550 4352 633 4415 alique
655 4352 828 4419 interponatur
846 4367 897 4403 non
914 4367 930 4403 a
945 4351 1029 4401 vocali
1047 4353 1172 4417 incipieus
1258 4362 1321 4418 puta
1338 4366 1385 4404 om.
1407 4350 1436 4411 0,

143 4422 230 4474 adde
305 4420 339 4471 lo
358 4435 404 4486 per
421 4420 509 4471 orni}
579 4421 609 4471 17
628 4422 650 4471 si
667 4438 712 4476 one.
736 4424 757 4474 0
826 4422 858 4473 18
878 4422 1064 4472 miotaeismum
1083 4424 1277 4472 Pmeotncismi
1295 4422 1349 4471 80
1367 4434 1437 4469 moe-

144 4491 238 4539 tsoismi
255 4490 283 4541 P
355 4490 388 4542 19
411 4491 437 4539 in
456 4488 540 4539 hictus
557 4490 635 4542 BOS
641 4492 664 4541 P
732 4493 766 4543 ‘20
786 4493 971 4543 miotaclsmum
989 4493 1015 4541 P
1030 4493 1219 4543 meotuclsmum
1236 4492 1289 4542 80
1303 4490 1436 4541 moetncis·

144 4561 246 4613 mumS
322 4554 486 4625 nontamen]
507 4560 621 4610 sednon
642 4562 662 4611 0
747 4562 780 4613 23
800 4577 875 4625 quam
895 4562 964 4625 quod
982 4577 1054 4611 muso
1073 4562 1160 4611 habuit
1175 4562 1253 4612 808
1270 4577 1345 4624 qvvam
1369 4559 1437 4623 quod

145 4645 212 4681 musa
230 4630 294 4681 abin
315 4631 342 4679 P
426 4630 460 4681 24
479 4631 552 4693 quusi
571 4630 633 4680 illud
654 4630 727 4695 (qnia
745 4634 766 4681 si
786 4631 848 4681 illud
867 4630 903 4691 B)
924 4633 1005 4681 nitere
1025 4631 1148 4680 debemus
1166 4633 1259 4681 melius
1287 4640 1326 4682 est
1352 4646 1384 4679 ne
1410 4631 1437 4677 in

146 4701 228 4749 eadem
244 4700 365 4751 uocalem
380 4700 454 4751 cadet
471 4702 565 4750 uitetur
587 4701 660 4753 808
678 4700 813 4767 quiaillud
832 4703 912 4751 uitare
930 4701 1053 4751 debemus
1065 4702 1156 4751 melius
1170 4712 1216 4765 est,
1235 4717 1267 4751 ue
1286 4702 1311 4750 in
1330 4700 1438 4750 eandem

146 4772 254 4821 vocalem
273 4770 361 4831 cudat,
380 4778 460 4820 totum
480 4771 572 4820 vitetur
591 4772 777 4823 Lindemonnua
846 4771 880 4821 29
899 4785 913 4819 o
931 4772 975 4821 lite
993 4780 1045 4821 tute
1062 4770 1168 4821 taetrior
1188 4774 1209 4823 8
1226 4787 1240 4821 o
1260 4772 1304 4821 tile
1321 4772 1367 4821 leti
1385 4777 1438 4819 tute

147 4840 188 4888 tibi
206 4841 233 4890 B
256 4849 340 4895 o.tu.
360 4848 410 4890 tete
430 4838 485 4905 (tile
503 4840 528 4905 c)
554 4842 600 4891 libi
616 4842 648 4893 G:
669 4856 684 4891 o
704 4842 748 4890 tite
774 4848 824 4891 tate
849 4841 894 4891 libi
919 4848 973 4891 tota
994 4848 1065 4891 ιιιιιιιι
1082 4850 1189 4906 tyranne
1208 4842 1288 4893 tulisti
1307 4841 1339 4891 P.
1368 4838 1436 4892 Eun.

148 4914 227 4968 macl.
244 4910 325 4963 1113
344 4911 384 4962 ed.
404 4909 479 4962 Vudl.
