3525 5600
523 421 722 484 Exeruere
745 421 946 484 ntrulnNsnt
969 416 1105 481 20-27
1392 415 1455 479 643

1262 539 1284 579 p.
1301 529 1387 568 rsa-so
1402 527 1429 566 v.

168 611 245 669 verit
266 609 473 688 procellarum.
503 629 589 671 omne
612 613 774 690 optativum
797 629 939 689 praesens
962 609 1098 687 idemque
1115 611 1311 688 inperserunt
1328 601 1455 669 activum

168 714 200 771 in
221 731 286 772 rem
308 709 449 792 syllabam
472 713 583 773 desinit
604 713 696 773 vocali
718 712 936 790 coniugationis
958 729 1028 772 suae
1051 712 1258 778 antecedente,
1289 718 1320 770 ut
1343 711 1455 770 utinam

168 831 300 873 amarem
323 832 475 874 monerem
497 813 631 875 audirem
654 815 794 893 legerem.
831 816 917 874 cuius
939 832 968 873 m
990 812 1089 873 littera
1111 815 1142 872 in
1165 833 1179 873 s
1201 819 1380 873 commutata
1403 831 1455 871 na-

167 917 262 976 scitur
284 917 431 985 seeonda,
455 915 617 996 eademque
639 919 670 976 in
694 925 706 977 t
727 935 868 978 conversa
891 917 1050 983 sil-tertia,
1068 932 1198 976 aurarem
1213 933 1328 976 amares
1344 921 1456 974 amaret

140 1034 154 1074 s
177 1016 352 1096 etreliqua.
385 1021 481 1098 prima
503 1017 626 1098 pluralis
647 1037 684 1078 ex
705 1020 802 1096 prima
824 1019 955 1079 nascitur
976 1016 1117 1094 singulari
1142 1017 1255 1077 adiecta
1277 1035 1313 1076 ns
1334 1014 1453 1094 syllaba,

166 1124 200 1178 ut
222 1137 351 1179 amarem
373 1137 542 1181 amaremus
564 1127 594 1179 el
616 1119 740 1200 reliqua.
784 1120 914 1180 secunda
942 1118 1066 1199 pluralis
1094 1137 1129 1176 ex
1157 1119 1252 1197 prima
1276 1119 1326 1178 iret
1347 1115 1454 1197 plurali

166 1238 232 1280 rnus
255 1221 358 1281 ultima
386 1223 416 1281 in
445 1223 482 1281 tis
509 1221 651 1301 syllabam
678 1240 835 1292 conversa,
865 1230 898 1283 nt
926 1239 1093 1282 amaremus
1114 1223 1255 1281 amaretis
1278 1228 1307 1280 et
1329 1218 1453 1299 reliquo.

166 1324 254 1382 tertia
276 1323 401 1401 pluralis
422 1343 458 1384 ex
480 1325 566 1385 tertia
589 1327 722 1385 nascitur
749 1325 892 1402 singulari
915 1343 934 1384 n
957 1323 1056 1383 littera
1080 1330 1147 1384 ante
1171 1330 1183 1382 t
1204 1322 1338 1384 ultimam
1361 1324 1453 1382 inter·

164 1427 277 1504 posita,
301 1433 414 1484 amaret
434 1435 576 1486 amarent.
602 1425 605 1506 l
631 1445 717 1486 omne
733 1429 896 1505 optativum
911 1425 1108 1505 praeteritum
1130 1425 1294 1503 perlectum
1316 1423 1454 1503 idemque

126 1550 153 1586 lu
167 1511 492 1605 plusquamperfectum
520 1547 556 1588 ex
578 1531 740 1606 praeterito
768 1530 901 1608 perlecto
923 1527 1083 1589 indicativo
1105 1535 1223 1588 creatur
1245 1526 1366 1586 ultimae
1389 1517 1454 1586 eius

165 1626 296 1705 syllabae
318 1645 333 1686 s
354 1628 452 1688 littera
474 1628 589 1690 adiecta
611 1638 641 1689 et
662 1630 761 1691 addita
783 1649 845 1691 sem
868 1628 995 1710 syllaba,
1020 1631 1114 1690 amavi
1142 1631 1330 1697 amavissem,
1354 1629 1454 1688 monui

166 1731 362 1799 monuissem,
387 1729 486 1790 audivi
509 1731 702 1802 audivissem,
732 1733 791 1810 legi
819 1733 967 1810 legissem.
1012 1731 1063 1790 sed
1087 1730 1263 1809 aliquotiens
1286 1731 1312 1789 ri
1335 1749 1370 1790 ex
1393 1748 1454 1788 me·

165 1830 216 1890 dio
238 1832 403 1911 intercepta
431 1834 634 1893 contrabimus
657 1832 799 1913 syllabas,
828 1843 861 1895 ut
883 1835 1015 1895 dicamus
1038 1851 1180 1894 amassem
1203 1831 1362 1892 audissem.
1407 1850 1453 1890 re-

166 1933 267 1992 siduas
296 1951 440 2013 personas
467 1937 498 1994 in
521 1943 647 2015 utroque
670 1955 794 1997 numero
821 1937 855 1998 ad
879 1935 1105 1997 similitudinem
1128 1936 1291 2013 superioris
1314 1935 1455 2012 temporis

126 2056 153 2096 1⁵
165 2035 338 2110 figuramus.
382 2054 470 2096 omne
498 2041 660 2116 optativum
689 2039 822 2099 futurum
849 2041 978 2099 activum
1012 2055 1048 2097 ex
1081 2039 1178 2116 primo
1211 2037 1340 2096 themate
1368 2033 1453 2095 verbi

128 2137 132 2141 ’
164 2137 313 2204 nascitur,
338 2138 368 2195 in
391 2141 487 2216 prima
505 2140 630 2220 quidem
652 2144 860 2219 coniugatione
889 2159 906 2199 o
933 2141 1093 2200 novissimo
1115 2141 1146 2199 in
1169 2158 1215 2199 em
1239 2136 1395 2216 syllabam,
1423 2139 1454 2196 in

165 2239 277 2298 ceteris
299 2246 398 2298 autem
420 2241 451 2300 in
475 2261 522 2302 am
543 2260 697 2312 converso,
727 2251 759 2304 ut
781 2261 847 2304 amo
870 2261 975 2311 amem,
999 2259 1105 2300 moneo
1127 2259 1271 2310 moneam,
1296 2239 1381 2299 audio
1404 2255 1454 2298 au·

165 2339 262 2408 diam,
291 2339 357 2416 lego
384 2338 490 2418 legam.
535 2345 672 2405 residuae
699 2363 843 2425 personae
872 2345 908 2405 ad
938 2342 1161 2404 similitudinem
1184 2343 1372 2421 superiorum
1394 2341 1454 2400 lor-

89 2499 96 2510 ,
165 2448 294 2500 urantur.
340 2445 438 2503 omnia
467 2448 596 2524 oplaliva
623 2450 738 2526 passiva
761 2455 888 2524 praeter
917 2447 1111 2526 praeteritum
1133 2445 1300 2522 perlectum
1323 2449 1352 2502 et
1374 2442 1453 2522 plus·

125 2546 423 2622 eoquamperleetum
446 2564 481 2606 er
504 2543 608 2608 atrivis
631 2552 709 2618 suis,
739 2551 817 2609 siout
844 2552 875 2608 in
903 2545 1165 2626 praecedentibus,
1197 2543 1403 2606 formabuntur
1426 2563 1454 2602 m

167 2649 199 2707 in
223 2667 238 2707 r
260 2653 438 2707 commutata
460 2648 644 2730 reliquisque
667 2649 722 2711 sub
745 2651 849 2711 eadem
871 2650 1077 2711 observatione
1100 2647 1232 2708 dederis.
1256 2645 1259 2730 l

251 2748 293 2810 De
316 2751 505 2812 coniunctim
528 2752 624 2813 modo.
675 2755 862 2815 coniunctim
885 2754 1057 2814 Latinorum
1079 2749 1203 2812 eandem
1226 2747 1303 2829 apud
1326 2747 1454 2810 Graecos
1472 2751 1571 2809 orum

165 2850 278 2911 babent
299 2871 418 2912 carosam
441 2854 573 2916 vocabuli
597 2862 626 2916 et
647 2876 681 2915 er
704 2875 762 2917 nna
784 2857 946 2935 eademque
962 2857 1078 2932 origiue
1100 2860 1264 2914 traxerunt.
1296 2871 1353 2913 non
1376 2853 1455 2911 enirn

165 2953 236 3013 buie
259 2953 354 3023 modo,
380 2962 411 3015 ut
433 2958 557 3027 ceteris,
581 2976 617 3017 ex
639 2959 808 3027 intellectu,
832 2960 884 3019 sed
900 2977 936 3019 ex
959 2957 1021 3017 solo
1044 2956 1191 3016 accidenti
1214 2972 1320 3015 nornen
1343 2961 1389 3013 est
1411 2955 1455 3013 in·

124 3054 272 3116 asditnm.
317 3057 395 3134 siqui
425 3057 498 3118 dicit
527 3059 607 3137 lego,
637 3061 710 3122 uibil
738 3060 861 3121 dubium
891 3060 1032 3138 relinquit
1062 3060 1133 3138 quin
1156 3057 1255 3133 legere
1279 3074 1310 3115 se
1333 3056 1455 3121 indicet,

166 3157 235 3216 ideo
257 3157 435 3217 indicativus
457 3160 637 3239 appellatum
661 3165 711 3241 qui
735 3162 807 3223 dicit
829 3162 907 3239 lege,
932 3170 1033 3241 aperte
1056 3160 1127 3240 quid
1150 3160 1200 3221 stat
1222 3160 1362 3237 imperat,
1386 3156 1455 3217 inde

164 3260 376 3337 imperativus;
407 3262 519 3322 uurram
547 3261 642 3341 legam
671 3282 738 3323 eum
766 3264 889 3331 dieitur,
918 3270 1038 3342 optatur
1066 3262 1144 3341 quod
1172 3262 1236 3321 fieri
1259 3259 1455 3325 desideratur,

165 3368 197 3419 et
218 3362 367 3438 optativus
395 3372 531 3434 vocatum
560 3363 675 3441 legere,
699 3366 902 3445 quianullum
925 3366 1016 3425 animi
1040 3364 1144 3424 delinit
1166 3364 1318 3431 allectum,
1347 3360 1455 3420 infiniti

165 3480 273 3521 nomen
301 3465 426 3541 aceepit.
471 3468 497 3523 si
526 3484 594 3526 vero
625 3467 728 3527 tlixero
756 3486 822 3527 cunr
851 3467 947 3545 legam
975 3486 1041 3526 crim
1071 3467 1195 3543 legerim
1225 3482 1291 3523 cunr
1320 3460 1456 3541 legissem

123 3584 151 3625 uo
166 3582 234 3623 eum
265 3563 379 3641 legero,
408 3567 531 3627 ostendo
558 3568 670 3629 nullum
699 3578 817 3648 tempus
845 3570 924 3630 modi
953 3572 1038 3629 istius
1067 3570 1124 3628 nisi
1153 3569 1343 3627 coniunctum
1373 3564 1456 3623 alleri

165 3667 244 3744 parti
267 3668 412 3726 orationis
435 3687 522 3747 posse
545 3672 686 3748 proferri.
717 3671 784 3730 ideo
805 3690 865 3730 non
889 3690 924 3730 ex
947 3654 1051 3738 sensu,
1075 3671 1126 3749 qui
1149 3669 1245 3730 adhue
1269 3667 1378 3727 dubins
1401 3675 1455 3731 est,
1486 3680 1491 3689 “

164 3768 216 3827 sed
248 3787 283 3827 ex
312 3765 372 3829 sola
400 3772 608 3831 coniunctione
637 3790 713 3852 quae
741 3774 768 3831 ei
798 3774 908 3833 accidit
935 3774 1141 3833 coniurrelivus
1169 3770 1271 3831 modus
1295 3767 1457 3849 appellatus

165 3877 221 3928 est.
253 3869 330 3928 unde
353 3878 382 3930 et
405 3872 511 3931 Graeci
534 3865 759 3934 onocentauris}
781 3867 837 3934 διὰ
858 3866 896 3935 τὰ
918 3867 1144 3952 ὑποτετάχθαι
1167 3878 1355 3939 vocaverunt,
1379 3869 1457 3949 quod

165 3988 288 4030 necesse
312 3978 357 4030 est
378 3973 420 4033 illi
443 3976 606 4052 praemisso
629 3976 741 4055 aliquid
764 3975 866 4044 subdi,
891 3984 923 4035 ut
945 3995 1051 4036 sensus
1074 3977 1191 4051 integer
1211 3974 1262 4034 sral
1277 3980 1307 4032 et
1328 3972 1456 4051 planior,

122 4098 150 4135 as
318 4092 397 4134 cum
419 4076 551 4137 faciam
573 4078 691 4138 vitula
713 4095 782 4157 pro
804 4076 997 4153 frugibus,
1022 4080 1102 4156 ipse
1126 4078 1263 4136 venito.

162 4173 281 4234 notabis
309 4175 341 4234 in
368 4177 424 4237 boe
452 4178 538 4238 modo
566 4179 642 4258 quod
673 4198 732 4240 non
759 4198 841 4239 more
865 4180 1046 4239 Graecorum
1074 4178 1199 4237 iunctim
1227 4168 1296 4237 birra
1320 4184 1454 4255 tempora

163 4276 339 4369 deflectunt,
369 4278 420 4338 sed
449 4280 564 4357 singula
593 4283 769 4360 separatim,
799 4300 866 4341 cum
896 4282 924 4341 in
954 4282 1085 4360 optativo
1113 4287 1325 4357 contraquam
1349 4278 1455 4337 Graeci

162 4378 248 4447 bina,
280 4398 340 4439 non
368 4378 484 4458 singola
513 4382 673 4443 declinent.
718 4392 786 4443 sunt
808 4392 908 4443 autern
930 4383 1033 4443 eadem
1055 4400 1130 4461 quae
1154 4384 1184 4442 in
1207 4382 1337 4459 optativo
1360 4386 1389 4437 el
1411 4380 1456 4439 in-

163 4497 254 4557 super
284 4484 480 4559 praeteritum
508 4486 676 4562 perlectum
704 4494 733 4544 et
761 4487 895 4545 futurum
917 4483 973 4544 sub
996 4484 1111 4543 divorsa
1135 4483 1292 4551 finalitate,
1316 4499 1459 4560 praeseus

100 4609 153 4663 „ro
168 4580 307 4661 idemque
334 4566 472 4645 loturum
498 4587 660 4664 optativum
689 4605 756 4646 enm
786 4586 896 4663 legam,
930 4588 1126 4665 praeteritum
1159 4585 1359 4665 inperfectum
1392 4600 1459 4643 cum

232 4770 247 4818 7
265 4782 415 4819 conuersum
438 4787 506 4823 corr.
525 4786 568 4820 ·sa
585 4772 611 4822 B
682 4775 712 4823 18
730 4738 830 4822 residue
847 4772 873 4822 B
943 4773 974 4822 19
992 4782 1093 4837 praeter
1110 4789 1156 4824 om.
1173 4771 1212 4833 B,
1231 4772 1293 4821 add.
1313 4769 1393 4820 Ianus

161 4838 332 4887 esnone
400 4839 592 4901 toreliqmdB
663 4840 797 4904 indigetB
865 4842 898 4890 29
916 4839 1081 4906 acceperitB
1150 4842 1183 4890 35
1200 4835 1269 4905 eum]
1289 4838 1367 4903 Verg.
1379 4838 1459 4889 bucol.
1519 4858 1527 4867 ,

162 4909 188 4964 3,
202 4906 235 4953 77
298 4908 329 4956 37
347 4907 461 4972 singulas
474 4909 609 4974 separatim
624 4908 649 4957 B
