3525 5600
333 416 396 479 630
885 419 1066 480 nunaunt!

333 603 428 652 tionum
441 618 542 654 suarum
556 618 687 652 nnmerum
701 605 802 653 denario
814 606 967 659 contineant.
983 606 1115 654 verborum
1130 614 1212 652 tamen
1226 604 1336 652 omnium
1347 605 1405 654 bina
1415 604 1502 654 divisio
1512 615 1553 655 est.
1565 619 1599 655 aut

333 672 435 719 enimin
448 670 657 736 septenorum,
667 672 691 720 id
705 684 744 721 est
760 673 784 720 itt
798 688 827 720 ca
840 689 906 735 qnae
918 673 1030 722 nltimam
1044 672 1251 733 circumflectunt,
1265 674 1344 720 autin
1359 668 1506 738 βαρύτατα,
1518 675 1559 722 ltoc
1570 686 1600 723 est

334 739 514 803 paenultimam
527 755 630 802 gravent
644 740 770 798 habentia,
784 741 939 794 dividuntur.
965 742 1064 790 addunt
1076 741 1178 804 qnidam
1193 741 1291 789 tertiam
1303 743 1414 805 speciem
1427 755 1499 803 quam
1513 755 1602 808 qpqtn·

335 824 389 871 την
406 804 481 868 (fort.
495 807 645 873 epicoenon)
668 818 773 867 vocant,
791 809 815 856 id
834 819 873 858 est
890 809 1015 859 acttalent:
1034 808 1110 858 ltsbet
1122 809 1198 862 enim,
1216 819 1244 856 ιιι
1257 809 1353 865 dicunt,
1370 819 1470 857 acutum
1482 810 1505 857 in
1519 811 1600 862 ultima¹

335 873 476 923 Macrobius
490 889 548 922 vero
562 876 625 924 duas
638 885 735 926 tantum
748 877 846 940 species
860 878 986 940 ostendit,
999 891 1074 928 unam
1089 878 1113 925 in
1127 875 1166 924 itis
1179 877 1202 924 iu
1218 877 1318 936 quibua,
1334 888 1361 925 ut
1373 877 1491 936 diximus,
1503 879 1600 926 ultimant

335 957 436 1008 semper
452 943 629 992 circumflexus
646 953 714 993 tenet
729 954 863 1005 accentus,
881 953 956 1008 atque
973 946 1030 994 ideo
1047 939 1244 1010 περισπωμέτη
1261 945 1351 994 meruit
1366 944 1497 1010 appellari,
1513 947 1601 994 niterent

336 1010 481 1073 quse,.dum
495 1011 682 1060 immutabiliter
694 1014 718 1060 in
732 1012 888 1077 paenultima
899 1028 1001 1076 gravem
1016 1023 1109 1071 teneat,
1123 1013 1218 1060 nullum
1233 1025 1315 1060 tamen
1329 1017 1352 1060 in
1366 1012 1416 1062 litte
1429 1025 1518 1060 certum
1531 1024 1601 1078 potest

336 1079 426 1127 babere
443 1093 542 1127 sonunt.
568 1079 678 1141 denique
696 1081 820 1144 barytotta
836 1080 937 1144 dicitur,
956 1083 982 1128 id
1000 1092 1038 1130 est
1055 1091 1113 1129 tono
1131 1091 1251 1128 extranea
1269 1082 1292 1128 in
1313 1080 1408 1140 ultima,
1427 1095 1475 1129 uon
1492 1082 1601 1142 quianon

335 1146 434 1203 lrabeat,
446 1147 491 1195 sed
505 1146 572 1210 quod
585 1157 680 1197 certum
694 1149 860 1212 stabilemque
871 1147 965 1198 babere
978 1163 1026 1196 nou
1041 1150 1130 1212 possit.
1155 1148 1292 1208 aliqnando
1306 1162 1415 1210 namque
1426 1162 1548 1211 gmvatur,
1564 1150 1602 1198 sli-

335 1215 436 1276 quaudo
455 1229 513 1263 vero
531 1216 638 1272 acuitur,
656 1231 791 1278 numquam
812 1228 897 1265 tantcu
911 1217 1121 1265 circumflectitur.
1147 1214 1193 1264 ltoc
1208 1217 1282 1263 etiam
1296 1217 1393 1264 vitietur
1406 1231 1453 1264 uon
1468 1231 1521 1265 esse
1533 1231 1602 1266 trans·

335 1283 455 1341 eundum,
476 1284 557 1345 qnod,
579 1299 636 1332 curu
658 1284 816 1345 quorundam
838 1285 975 1333 sttctoritas
996 1284 1050 1332 sola
1071 1285 1248 1348 perispomena
1265 1283 1396 1347 ipsiusque
1413 1283 1500 1332 tertiae
1515 1287 1602 1349 speciei.

335 1366 411 1413 quam
424 1351 459 1399 illi
473 1351 579 1412 addunt,
593 1353 668 1401 verba
680 1368 702 1401 ω
715 1352 860 1400 naturaliter
876 1353 999 1416 producto
1012 1353 1139 1400 tertninsri
1153 1350 1299 1412 contendat,
1318 1352 1438 1414 berytona
1450 1367 1507 1400 vero
1518 1367 1603 1417 semper

334 1434 350 1468 o
363 1419 507 1467 naturaliter
520 1432 645 1484 correpto,
659 1420 743 1468 omnia
756 1420 909 1470 Graecorum
923 1421 999 1470 verba
1012 1435 1062 1470 uua
1075 1419 1214 1482 eademque
1226 1418 1320 1479 littera,
1340 1421 1463 1484 producta
1480 1420 1567 1468 scilicet
1578 1437 1603 1478 ω,

335 1487 494 1536 Theodosius
511 1487 576 1536 liniri
594 1488 745 1551 pronuntiet
775 1487 833 1535 lude
851 1487 879 1537 flt
896 1489 1039 1538 utiliorum
1057 1487 1131 1537 linem
1150 1499 1271 1536 accentus
1288 1487 1430 1550 discernat,
1449 1501 1496 1535 nou
1510 1498 1603 1550 tempus.

335 1556 435 1604 videtur
446 1568 547 1618 quoque
560 1556 626 1604 idem
640 1556 716 1604 simili
729 1556 827 1604 ratione
839 1555 913 1619 velle,
932 1571 981 1606 nau
995 1569 1077 1606 tumen
1090 1555 1225 1616 affirmare,
1239 1555 1324 1604 omnia
1335 1553 1481 1604 Latinorum
1493 1557 1561 1604 rerba
1571 1571 1605 1603 rs-

335 1623 477 1672 tiouabilius
498 1623 637 1673 seeundum
659 1637 775 1687 graecam
798 1622 904 1672 lorntam
923 1638 938 1673 ο
954 1624 1077 1690 producto
1101 1623 1217 1672 cottcludi
1234 1637 1309 1686 quam
1327 1635 1459 1688 correpto,
1476 1637 1529 1670 cunt
1546 1624 1606 1671 iuxta

336 1707 416 1754 paene
429 1706 518 1740 omues
530 1689 678 1740 dicitrouum
691 1692 732 1742 sit.
758 1690 840 1755 prima
853 1693 929 1755 igitur
941 1693 1039 1756 species
1053 1693 1076 1741 in
1090 1693 1172 1741 tribus
1185 1690 1405 1754 coniugationibus
1418 1691 1573 1745 concluditur,
1585 1692 1604 1737 iu

336 1761 429 1822 quibus
441 1759 622 1808 circumllcxus
634 1760 745 1807 ultimam
762 1771 891 1821 tamquam
909 1771 1058 1825 perpetuam
1078 1761 1191 1824 possidet
1203 1759 1298 1811 sedern¹
1324 1759 1438 1807 secunda
1451 1769 1508 1806 vero
1520 1773 1562 1806 sex
1574 1759 1606 1804 rel

335 1837 433 1892 septem
450 1829 551 1878 videtur
567 1827 771 1890 conprehendere
788 1829 916 1891 syzygias,
935 1842 1041 1890 quarum
1061 1828 1229 1892 paenultimas
1244 1828 1315 1890 gravi
1327 1837 1432 1875 accentu
1447 1840 1494 1874 uon
1507 1825 1607 1873 dubitant

338 1895 482 1944 naturaliter
495 1910 552 1944 esse
563 1909 708 1960 possessas.
732 1909 839 1957 quorum
852 1897 965 1944 omnium
984 1896 1084 1958 regulas
1097 1896 1172 1944 modo
1185 1895 1316 1958 generales
1329 1894 1404 1943 modo
1417 1894 1549 1959 speciales.
1566 1908 1606 1940 nou

336 1974 420 2012 tamen
436 1965 520 2028 plene,
537 1963 667 2012 docendus
685 1978 743 2012 esse
759 1962 930 2028 promisimus.
957 1964 981 2012 in
995 1977 1044 2026 qua
1058 1977 1141 2014 tamen
1160 1963 1327 2028 promissione
1339 1962 1461 2011 lectorem
1473 1975 1606 2026 praemone-

337 2047 404 2086 mus,
424 2047 454 2079 ne
466 2032 526 2097 plus
539 2042 651 2092 quaerat.
671 2031 731 2093 quia
744 2045 789 2078 nec
802 2031 859 2095 plus
872 2031 991 2088 inveniet,
1006 2045 1081 2094 quam
1095 2047 1160 2094 quae
1172 2031 1298 2095 pertinent
1309 2031 1340 2079 ad
1354 2030 1543 2079 declinationem
1556 2044 1606 2077 con-

337 2100 563 2162 lormstionemque
581 2100 724 2154 verborum,
741 2099 766 2145 itt
783 2098 876 2160 quibus
893 2113 974 2164 paene
992 2107 1044 2147 tota
1062 2097 1137 2148 ltuins
1151 2098 1228 2148 libelli
1242 2099 1344 2150 utilitas.
1364 2099 1386 2145 si
1399 2097 1549 2160 aliquantula
1560 2099 1607 2158 qui-

337 2167 394 2216 dem
408 2179 454 2225 est,
468 2177 591 2219 veremur.
617 2166 676 2214 hinc
688 2166 737 2214 iant
750 2177 857 2214 mactare
869 2167 1031 2231 incipientes,
1044 2167 1127 2231 primo
1140 2167 1172 2215 de
1184 2168 1369 2232 perispomenis
1382 2166 1502 2224 dicemus,
1515 2179 1607 2228 qnorum

338 2236 418 2298 prima
430 2253 452 2285 ω
463 2235 613 2300 productum
625 2235 722 2300 primae
735 2248 858 2298 personae
869 2235 893 2282 iu
910 2250 950 2293 ers
963 2233 1147 2299 diplttltougum
1161 2248 1313 2284 convertens
1326 2233 1463 2284 secundam
1478 2233 1550 2282 ellicit
1561 2247 1608 2298 per-

337 2318 435 2364 sonsm,
455 2313 481 2352 ut
493 2301 567 2367 φιλῶ
580 2303 683 2365 φιλεῖς,
701 2303 757 2366 ipsa
770 2311 853 2350 autem
866 2303 979 2351 secunda
992 2300 1080 2366 σῖγμα
1092 2302 1190 2351 sublato
1204 2304 1302 2351 tertiam
1314 2301 1404 2365 giguit,
1419 2301 1508 2364 φιλεῖ.
1531 2313 1607 2348 notau-

338 2372 448 2432 dumque
465 2372 530 2432 qnod
549 2385 636 2419 omues
653 2385 778 2436 personae
795 2370 939 2434 singulares
960 2372 985 2420 itt
1004 2370 1052 2418 ltnc
1068 2371 1259 2434 coniugatione,
1280 2371 1346 2418 sicut
1362 2380 1385 2417 et
1402 2371 1428 2417 in
1449 2369 1504 2418 aliis
1524 2369 1609 2416 duabus

338 2440 452 2488 ciusdem
470 2439 574 2503 speciei,
592 2447 616 2486 et
633 2438 763 2500 aequalem
782 2437 936 2500 syllabarum
960 2452 1092 2487 numerum
1110 2449 1210 2486 teneant
1227 2449 1253 2487 et
1270 2438 1460 2487 circumllexnm
1478 2451 1571 2500 semper
1588 2437 1607 2484 itt

340 2509 424 2556 ultima
436 2507 589 2556 custodiant.
614 2507 695 2572 prima
709 2507 784 2553 ctiam
797 2505 901 2570 pluralis
914 2521 928 2554 n
941 2505 1065 2571 singulari
1079 2507 1158 2569 prima
1172 2507 1306 2570 egreditur,
1320 2520 1443 2554 conuerso
1457 2505 1548 2553 scilicet
1559 2521 1578 2552 u
1588 2505 1606 2550 in

339 2592 373 2625 ov
385 2575 569 2639 diphthongum
582 2573 681 2622 adiecta
698 2573 795 2636 syllaba
808 2589 870 2636 μιν,
889 2571 962 2637 φιλῶ
976 2571 1130 2638 φιλοῦμενῑ
1148 2573 1259 2624 secunda
1271 2573 1377 2638 pluralis
1390 2587 1405 2621 a
1418 2574 1491 2621 reaia
1503 2572 1609 2636 singulari

339 2644 424 2692 addita
440 2660 480 2706 re,
497 2643 580 2706 φιλεῖ
592 2641 714 2704 φιλεῑιτ;
733 2642 806 2689 tet-tia
824 2655 883 2688 vero
901 2642 1005 2706 pluralis
1022 2658 1036 2691 s
1054 2641 1135 2706 prims
1152 2643 1265 2690 eiusdem
1284 2643 1379 2690 numeri
1397 2642 1511 2690 nascitur
1527 2651 1607 2688 mutan

339 2727 392 2776 per
409 2713 434 2760 in
452 2726 488 2771 or,
507 2709 645 2773 qtriot‘tpe‘v
661 2707 796 2772 φιλοῦσιν
811 2707 841 2771 (l.
856 2707 994 2775 φιλοῦσι).
1020 2711 1057 2758 sic
1076 2709 1151 2773 igitur
1163 2710 1392 2758 verbnmaerirum
1406 2709 1544 2774 praesentis
1555 2721 1606 2754 teut-

340 2781 408 2845 poris
425 2779 527 2829 indicati
544 2775 729 2842 (innitemini)
747 2777 816 2827 modi
833 2777 929 2843 primae
945 2779 1131 2843 coniugationis
1150 2777 1392 2828 circumdexlbiliuut
1412 2777 1529 2837 flectitur,
1547 2777 1607 2839 φιλι

340 2849 434 2912 φιλεῖς
446 2850 532 2911 φιλεῖ,
546 2846 675 2912 pluraliter
688 2843 829 2909 prinsipes
842 2847 951 2910 φιλεῖτε
969 2846 1111 2910 φιλοῦσιν.
1135 2846 1231 2911 passivi
1244 2860 1344 2909 quoque
1361 2846 1463 2909 generis
1476 2846 1551 2910 prima
1562 2860 1607 2909 prr-

340 2931 403 2964 suna
415 2916 551 2981 singularis
559 2917 594 2962 ab
606 2916 689 2963 activa
701 2916 782 2978 primu
795 2914 917 2977 singulari
931 2914 957 2962 tn
976 2928 1097 2964 converso
1111 2930 1132 2962 ω
1145 2916 1169 2962 iu
1183 2928 1217 2963 oo
1230 2925 1254 2960 et
1266 2914 1477 2987 adsumptaqpctq
1491 2910 1558 2975 φιλῶ
1569 2928 1607 2974 qr·

340 2984 457 3049 λοῦμαιε
475 2982 588 3033 seranda
601 2996 700 3046 semper
713 2983 795 3030 minor
806 2995 857 3028 una
869 2981 966 3045 syllaba
984 2997 1058 3045 quam
1073 2982 1153 3045 prima
1167 2982 1300 3041 invenitur,
1321 2991 1345 3029 et
1357 2982 1381 3029 in
1396 2996 1450 3045 ητα
1463 2980 1557 3043 desinit,
1569 2994 1606 3041 qn·

341 3052 443 3115 iotiprrr
462 3050 545 3117 φιλῇς
563 3051 636 3098 tertia
653 3065 711 3099 vero
728 3065 742 3096 a
761 3050 842 3115 prima
859 3048 971 3097 eiusdem
988 3052 1088 3115 generis
1102 3060 1196 3097 mtttato
1209 3065 1229 3114 μ
1242 3050 1266 3097 iu
1280 3066 1295 3099 τ
1307 3060 1331 3098 et
1343 3048 1501 3114 dipbtltongo
1513 3062 1545 3097 ou
1555 3049 1576 3094 in
1587 3062 1605 3095 n

340 3121 524 3183 diplttltougnm
546 3132 677 3173 conversa,
700 3115 840 3181 prinsipes
861 3116 996 3179 patititur,
1022 3132 1171 3183 semperque
1194 3118 1273 3181 prima
1294 3130 1319 3165 et
1339 3117 1411 3165 tertia
1432 3115 1606 3179 aeqttaspllabar

341 3190 413 3241 llnut.
437 3191 518 3255 prima
534 3201 643 3251 persona
660 3186 764 3251 pluralis
781 3201 796 3233 a
818 3184 897 3249 prima
915 3184 1007 3249 plurali
1024 3188 1107 3235 activa
1126 3186 1223 3235 abiectu
1242 3202 1258 3235 v
1276 3198 1299 3233 rt
1315 3186 1402 3233 addita
1419 3184 1462 3233 θα
1479 3185 1563 3245 ubique
1576 3183 1604 3241 lit,

341 3256 482 3322 φιλοῦμεν
495 3245 673 3319 φιλούμεθαε
688 3254 799 3302 secunda
811 3251 917 3317 pluralis
927 3254 1009 3300 activa
1020 3263 1103 3303 movet
1114 3250 1167 3303 ταῦ
1181 3253 1283 3301 ultimae
1296 3268 1358 3301 snae
1370 3253 1395 3300 in
1407 3252 1491 3317 rippa
1501 3262 1524 3300 et
1531 3248 1603 3313 dritta,

341 3328 418 3385 litque
434 3327 538 3389 passiva
555 3324 664 3385 φιλεῖτε
676 3321 823 3385 φιλεῖσθετ
841 3321 915 3368 tertia
933 3320 1036 3385 pluralis
1050 3336 1064 3369 a
1083 3322 1155 3369 tertis
1168 3320 1290 3385 singulari
1304 3321 1406 3385 passiva
1420 3321 1497 3368 oritur
1508 3319 1605 3367 additur

341 3394 372 3441 ad
385 3412 400 3444 τ
413 3406 437 3441 et
454 3392 607 3458 puettnltiuta
627 3392 719 3455 primae
736 3402 861 3453 personae
878 3386 1015 3452 singularis
1029 3398 1136 3445 sert-ata,
1149 3388 1276 3451 φιλεῖται
1289 3386 1451 3452 φιλοῦνται.
1476 3388 1544 3451 igitur
1554 3398 1601 3449 pas-

341 3462 389 3509 sivi
405 3462 473 3508 veriti
491 3461 625 3508 declinatio
644 3459 679 3505 sit·
697 3468 748 3506 eat:
766 3452 904 3521 φιλοῦμαι
923 3453 992 3523 φιλῇ
1010 3458 1144 3519 φιλεῖται,
1162 3456 1291 3520 pluraliter
1309 3450 1474 3519 φιλούμεθα
1489 3452 1602 3518 palaris

342 3528 500 3593 φιλοῦνται.
