3525 5600
651 399 889 466 COMMENTVM
1359 399 1420 466 179

1235 523 1256 565 p.
1272 513 1360 552 188-90
1373 511 1395 552 L

151 593 226 660 tione,
255 591 309 650 nisi
338 609 415 670 quae
443 589 591 652 resolutae
619 594 768 670 integrum
797 591 918 653 faciunt.
963 609 1024 652 nou
1046 609 1205 672 possumus
1228 609 1299 670 ergo
1322 592 1422 653 dicere

151 693 295 772 conpositas
318 711 396 762 esse,
420 694 477 752 nisi
500 691 646 754 resolutas
668 712 790 756 revoces
813 693 848 755 ad
871 695 1029 772 integrum.

215 784 273 854 lloc
301 794 378 875 quocl
407 793 480 856 dicit
507 797 578 857 satis
600 794 672 856 utile
700 803 758 866 est,
789 794 932 876 pleraque
954 795 1032 876 apud
1055 795 1176 858 Latinos
1198 797 1318 858 uomina
1339 797 1421 858 inve·

148 899 249 957 riantur
276 897 315 956 ila
344 915 470 968 conexa,
500 907 532 959 ut
559 897 596 959 tle
625 897 741 961 duobus
762 899 952 961 nominativis
972 899 1058 972 liant,
1083 907 1116 960 ut
1137 907 1259 978 praetor
1280 898 1421 960 urbanus.

128 999 190 1058 aloe
212 1000 252 1058 sle
280 997 374 1060 habeo
402 999 516 1070 dicere,
552 1001 634 1080 quasi
663 1019 754 1062 unum
777 1001 816 1060 sit
842 1019 1005 1070 conexum,
1041 1001 1306 1080 praetorurbanus,
1335 1002 1421 1081 quasi

147 1119 220 1162 unum
243 1103 288 1161 sit.
334 1109 363 1162 et
392 1107 468 1182 quie
496 1105 552 1164 erit
581 1101 702 1181 regula?
733 1104 999 1182 quotienscumque
1026 1104 1172 1181 contingit
1192 1112 1226 1164 ut
1248 1123 1285 1164 ex
1306 1102 1422 1165 duobus

147 1205 312 1264 nominativis
341 1221 449 1265 nomeu
479 1212 678 1285 conponatur,
709 1213 835 1285 utraque
864 1212 948 1285 parte
976 1203 1185 1266 declinandum
1209 1214 1268 1275 est,
1298 1213 1330 1266 ut
1352 1213 1420 1285 puta

146 1314 248 1385 praetor
277 1305 423 1367 urbanus:
461 1308 464 1388 l
497 1315 617 1386 praetor·
648 1308 846 1368 nominativus
877 1315 935 1377 est,
968 1306 1101 1368 urbanus
1129 1309 1328 1368 nominativus
1363 1314 1421 1375 est;

146 1416 252 1487 utraque
274 1417 358 1487 parte
380 1408 437 1471 lroe
460 1427 569 1470 nomen
593 1409 767 1478 declinatur,
791 1408 840 1472 bie
862 1419 983 1489 praetor
1005 1409 1144 1479 urbanus,
1168 1409 1255 1470 buius
1276 1410 1422 1490 praetoris

121 1509 247 1580 lourbani,
281 1509 350 1572 huic
383 1513 514 1592 praetori
550 1511 680 1581 urbano,
714 1511 794 1574 bunc
823 1521 991 1591 praetorem
1019 1511 1181 1580 urbanum,
1215 1519 1245 1572 et
1277 1513 1335 1572 iam
1367 1529 1441 1590 per-

145 1631 231 1673 omncs
258 1630 351 1674 casus.
396 1615 421 1673 sl
450 1618 548 1674 autem
577 1615 758 1676 nominativo
787 1623 816 1675 et
843 1631 1030 1695 quocumque
1054 1613 1111 1674 alio
1134 1632 1205 1674 casu
1228 1620 1421 1694 conponatur,

146 1733 247 1778 neema
276 1723 320 1776 est
346 1713 396 1776 illa
423 1733 494 1795 pars
523 1715 699 1777 declinanda
727 1717 780 1792 slt,
809 1733 885 1795 quae
907 1715 997 1777 habet
1017 1716 1247 1784 nominativum
1276 1715 1324 1777 illa
1353 1733 1422 1796 pars

145 1815 253 1886 vacabit,
281 1835 360 1892 qnae
381 1821 590 1878 nominativum
618 1835 676 1880 non
698 1819 793 1888 babet,
818 1824 850 1879 ut
871 1825 941 1898 puta
964 1817 1102 1879 tribunus
1124 1817 1262 1880 militum:
1285 1818 1423 1880 tribunus

145 1919 324 1980 nominativus
347 1927 407 1992 est;
432 1919 559 1982 militum
583 1938 642 1983 nou
666 1927 711 1982 ast
733 1922 942 1982 nominativus.
973 1937 1044 1999 ergo
1060 1918 1134 1982 baec
1155 1940 1226 2003 pars
1247 1919 1423 1983 declinanda

118 2027 134 2066 1⁵
145 2029 192 2090 est,
213 2039 284 2102 quae
309 2031 353 2084 est
376 2023 524 2087 tribunus.
563 2023 700 2086 similiter
722 2031 843 2086 senatus
866 2022 1044 2085 consultum.
1082 2041 1141 2084 non
1164 2030 1194 2084 te
1215 2021 1296 2086 fallat
1318 2030 1423 2104 quarta

143 2121 291 2184 declinatio.
338 2144 407 2186 nam
430 2134 459 2188 et
481 2133 601 2188 senatus
624 2124 790 2188 consultum
813 2127 909 2206 prima
931 2133 1015 2206 parte
1037 2144 1096 2187 non
1120 2125 1299 2196 declinatur,
1322 2134 1421 2206 poste·

143 2225 208 2284 riore
228 2225 403 2290 declinatur.
441 2236 561 2290 senatus
584 2229 662 2290 enim
686 2227 775 2290 modo
799 2247 856 2290 non
881 2236 927 2289 est
947 2229 1159 2299 nominativus,
1183 2227 1235 2289 secl
1257 2230 1421 2308 genetivus,

143 2324 182 2386 lic
210 2335 326 2390 senatus
360 2328 448 2392 huius
480 2337 608 2392 senatus.
654 2331 734 2392 refer
767 2330 804 2392 ad
832 2330 961 2411 aliquam
984 2329 1197 2400 elocutionem,
1226 2338 1255 2390 et
1277 2332 1420 2392 invenies.

144 2447 201 2489 ecce
225 2432 250 2491 si
276 2430 357 2492 dicas
384 2432 457 2494 ‘hoc
486 2433 652 2494 consultum
681 2435 766 2495 cuius
795 2434 873 2494 esti’
903 2431 1009 2513 plebis.
1053 2432 1128 2493 ‘lroc
1150 2431 1314 2494 consultum
1338 2434 1422 2494 cuius

115 2531 209 2590 ²⁰esti’
229 2533 335 2610 gentis.
373 2535 415 2595 sic
439 2537 527 2596 etiam
550 2545 669 2598 senatus
691 2534 874 2598 consultum:
900 2553 959 2596 non
983 2537 1039 2597 erit
1060 2537 1272 2604 nominativus,
1296 2535 1349 2596 secl
1370 2554 1422 2614 ge·

143 2635 250 2694 activus.
295 2634 408 2696 ideirco
437 2639 526 2698 etiam
556 2636 592 2720 [si
614 2637 739 2699 dicimus
762 2637 810 2698 bic
832 2644 952 2698 senatus
974 2636 1064 2699 buius
1086 2645 1221 2699 senatus:
1254 2636 1329 2697 ‘boc
1350 2655 1422 2697 eou-

142 2735 235 2798 sultum
262 2739 346 2801 euius
375 2739 455 2801 esti'
489 2735 623 2823 senatus]
664 2738 712 2801 illa
746 2757 815 2821 pars
850 2741 907 2802 erit
940 2737 1116 2811 immobilis,
1150 2741 1243 2822 prior.
1287 2737 1422 2801 similiter

141 2846 213 2916 pater
238 2840 378 2902 familias:
412 2848 496 2922 pater
525 2844 721 2905 nominativus
743 2850 802 2911 est;
832 2842 959 2904 familias
982 2862 1041 2903 non
1066 2852 1111 2904 est
1133 2844 1345 2913 nominativus,
1369 2842 1422 2903 secl

141 2940 308 3005 declinamus
336 2946 393 3013 ita,
422 2943 511 3007 huius
538 2940 631 3026 patris
659 2944 799 3015 familias,
829 2944 899 3005 huie
925 2946 1003 3026 patri
1030 2943 1171 3015 familias,
1199 2944 1279 3006 bunc
1306 2952 1422 3024 patrem

112 3042 264 3113 vsamilias,
289 3054 319 3105 et
340 3046 474 3109 similiter
497 3056 605 3109 cetera.
630 3047 633 3131 l
659 3050 689 3109 in
718 3048 775 3109 hoc-
803 3050 924 3109 nomine
947 3048 1114 3110 invenimus
1138 3044 1304 3129 [exemplo]
1327 3049 1422 3108 varias

143 3143 348 3208 declinationes.
393 3148 571 3229 aliquotiens
599 3150 642 3211 sic
669 3149 847 3220 declinatur,
878 3170 965 3230 quem
993 3150 1029 3211 ad
1053 3150 1174 3211 modum
1195 3147 1299 3228 vegaria
1322 3150 1421 3227 erigit,

142 3255 168 3305 ut
185 3249 220 3309 ita
242 3248 391 3319 dieamus,
416 3250 464 3312 hic
486 3258 571 3331 pater
593 3251 734 3321 familias,
758 3252 845 3313 buius
867 3254 960 3333 patris
982 3251 1121 3322 familias,
1144 3252 1213 3314 huic
1236 3253 1314 3332 patri
1336 3252 1421 3313 fami·

142 3347 198 3418 lias,
225 3350 302 3413 hunc
330 3360 444 3433 patrem
473 3352 613 3423 familias,
644 3374 661 3415 o
689 3360 773 3434 pater
800 3352 939 3424 familias,
967 3353 1005 3413 ab
1032 3353 1088 3415 boc
1116 3362 1199 3434 patre
1228 3353 1367 3422 familias,
1391 3351 1423 3414 bl

143 3454 388 3529 patresfamilias,
418 3455 524 3517 lrorum
547 3456 825 3535 patrumfamilias,
856 3456 902 3517 bis
928 3455 1062 3535 patribus
1084 3455 1223 3525 familias,
1246 3454 1301 3517 hos
1322 3463 1423 3535 patres

116 3554 270 3627 ³flamilias;
295 3565 325 3619 et
348 3576 383 3618 ex
408 3558 513 3619 ordine
536 3557 608 3621 illud
632 3560 689 3619 erit
709 3556 871 3621 immobile.
916 3558 1093 3637 aliquotiens
1115 3560 1145 3619 iu
1168 3576 1294 3619 numero
1316 3555 1422 3638 plurali

144 3664 269 3727 mutatur,
293 3666 323 3720 et
344 3659 511 3725 invenimus
533 3660 563 3721 hi
585 3668 686 3741 patres
709 3661 852 3732 familiae,
878 3670 907 3722 et
929 3663 987 3721 iam
1009 3667 1113 3721 mutat.
1142 3662 1219 3722 seire
1236 3659 1326 3721 alebas
1341 3658 1421 3741 quod

144 3764 166 3815 et
184 3759 368 3821 immobiliter
396 3760 466 3823 licet
495 3763 580 3824 nobis
610 3763 758 3825 declinare
782 3763 838 3824 hoc
861 3781 971 3825 nomen
993 3771 1023 3825 et
1044 3762 1208 3838 mobiliter,
1232 3762 1263 3824 id
1286 3770 1332 3824 est
1353 3780 1420 3823 cum

144 3863 321 3923 conversione
346 3860 523 3945 [constareJ.
553 3863 626 3926 illud
649 3884 720 3927 vero
743 3866 908 3946 quaesitum
931 3872 991 3935 est,
1016 3874 1046 3925 et
1067 3865 1232 3946 prudenter
1254 3866 1420 3945 quaesitum

144 3971 191 4030 est,
213 3962 334 4025 familias
357 3966 406 4045 qui
429 3984 515 4027 casus
538 3972 590 4027 est.
625 3986 684 4028 non
709 3966 765 4029 lroc
787 3970 953 4049 quaesitum
976 3974 1029 4042 est,
1054 3967 1200 4049 quemad
1224 3967 1345 4029 modum
1369 3966 1420 4027 de·

118 4060 268 4127 soluetur:
297 4085 365 4127 nana
395 4070 549 4149 accepistis
577 4069 648 4130 duas
675 4088 739 4139 res:
769 4086 837 4131 nam
866 4082 916 4131 aut
937 4072 980 4131 sic
1003 4069 1186 4141 declinatur,
1209 4078 1242 4131 ut
1263 4068 1421 4131 immobilis

144 4164 172 4223 sit
191 4184 253 4245 pars
281 4172 440 4248 posterior,
470 4178 521 4233 aut
548 4179 581 4233 ut
608 4174 646 4233 sit
668 4170 800 4233 mobilis:
831 4171 904 4233 illud
927 4176 1089 4253 quaesitum
1114 4181 1171 4244 est,
1195 4174 1246 4254 qui
1268 4190 1352 4234 casus
1373 4172 1419 4240 sil,

147 4284 429 4297 --—---.—-.-—.

201 4356 260 4405 lde
278 4358 377 4407 duobns
398 4358 541 4408 nominibus
560 4358 620 4408 liant
636 4360 720 4409 ABG
788 4358 871 4410 blroe
891 4361 927 4408 eie
947 4358 990 4408 Ba
1008 4360 1049 4409 lvio
1063 4360 1172 4410 sieAC
1224 4358 1365 4409 conequ

146 4420 170 4471 1³
186 4430 244 4487 quae
260 4428 443 4479 nominativum
463 4444 512 4478 nnn
529 4428 605 4479 habet
616 4444 663 4479 ora.
677 4431 701 4478 A
708 4430 760 4479 BC
814 4430 845 4481 lii
862 4430 944 4495 plebis
963 4429 1011 4479 hoe
1031 4431 1172 4479 consultum
1192 4432 1265 4479 errius
1283 4440 1321 4478 est
1336 4428 1420 4495 gentis

145 4490 298 4563 acapnum
320 4498 360 4547 uel
381 4500 466 4563 gentis
485 4498 518 4547 Α.
539 4514 649 4564 eaquae
667 4508 804 4565 sequnntur
822 4510 865 4551 nat
881 4499 1051 4550 additamento
1068 4503 1166 4566 aliquo,
1186 4498 1255 4564 qnod
1269 4502 1360 4560 noun,
1378 4506 1422 4548 nat

142 4564 273 4621 perturbato
298 4568 431 4620 verborum
453 4570 541 4619 ordine
563 4576 685 4634 coneptu
708 4579 779 4635 sunt,
803 4578 829 4621 ni
852 4570 916 4619 lece
936 4570 996 4632 sere
1021 4571 1155 4633 scripserit
1173 4570 1361 4633 praemiaticua,
1382 4570 1421 4619 sie

143 4632 206 4682 etlam
223 4646 322 4687 senatus
338 4640 481 4689 consultum
499 4639 521 4689 si
540 4639 663 4699 dicimus,
682 4652 785 4691 senatus
804 4654 853 4689 non
872 4640 920 4705 erit
941 4640 1127 4701 nominativus,
1146 4639 1190 4687 aed
1207 4640 1358 4704 genetivus,
1379 4638 1420 4687 hie

144 4714 233 4754 venatus
247 4706 320 4758 huius
334 4718 453 4768 senatum
470 4707 535 4758 ‘boc
553 4710 694 4759 consultum
712 4710 784 4759 euivrs
798 4712 870 4761 est?’
889 4719 1002 4763 senatus,
1024 4709 1118 4759 ideirco
1130 4710 1205 4757 etiam
1220 4709 1262 4757 illa
1282 4724 1341 4774 pars
1356 4724 1420 4773 qnae

145 4775 254 4839 capuan
275 4778 322 4827 evit
348 4779 484 4829 immobilis
554 4780 588 4830 25
606 4780 751 4830 invenimus
768 4798 814 4833 one.
834 4778 872 4841 A,
891 4780 952 4832 adai.
972 4798 989 4829 e
1058 4777 1090 4830 31
1105 4781 1219 4841 sortasse
1237 4776 1263 4827 bl
1282 4790 1367 4845 putres
1382 4778 1419 4828 fa·

145 4842 253 4895 millaram
304 4846 337 4899 35
355 4848 490 4914 accepistis
506 4848 580 4899 Bou
598 4850 717 4916 accepisti
736 4849 761 4898 A
814 4850 848 4903 36
866 4860 910 4899 aut
933 4859 960 4899 ut
981 4850 1015 4900 sit
1033 4848 1134 4899 mobilis
1151 4844 1242 4899 nea*
1260 4858 1304 4900 aut
1320 4850 1345 4899 si
1365 4864 1419 4899 mo-

146 4908 235 4965 bilesA
292 4932 365 4969 casus
383 4919 416 4969 sit
433 4917 506 4969 nna
524 4934 599 4971 casus
617 4920 664 4970 iste
679 4920 711 4969 sit
728 4921 753 4969 A

1154 5002 1218 5067 12*
