<?xml version="1.0" encoding="UTF-8"?>
<!DOCTYPE html PUBLIC "-//W3C//DTD XHTML 1.0 Transitional//EN"
    "http://www.w3.org/TR/xhtml1/DTD/xhtml1-transitional.dtd">
<html xmlns="http://www.w3.org/1999/xhtml" xml:lang="en" lang="en">
 <head>
  <title>
</title>
<meta http-equiv="Content-Type" content="text/html;charset=utf-8" />
  <meta name='ocr-system' content='tesseract 3.04.00' />
  <meta name='ocr-capabilities' content='ocr_page ocr_carea ocr_par ocr_line ocrx_word'/>
</head>
<body>
  <div class='ocr_page' id='page_1' title='image "./grammaticilatin03hagagoog_0370.png"; bbox 0 0 3525 5600; ppageno 0'>
   <div class='ocr_carea' id='block_1_1' title="bbox 330 365 1076 432">
    <p class='ocr_par' dir='ltr' id='par_1_1' title="bbox 330 365 1076 432">
     <span class='ocr_line' id='line_1_1' title="bbox 330 365 1076 432; baseline -0.004 -1"><span class='ocrx_word' id='word_1_1' title='bbox 330 365 391 432; x_wconf 83' lang='lat'>358</span> <span class='ocrx_word' id='word_1_2' title='bbox 870 367 1076 432; x_wconf 78' lang='lat' dir='ltr'>censuum</span> 
     </span>
    </p>
   </div>
   <div class='ocr_carea' id='block_1_2' title="bbox 252 475 1717 3996">
    <p class='ocr_par' dir='ltr' id='par_1_2' title="bbox 300 475 1623 1450">
     <span class='ocr_line' id='line_1_2' title="bbox 354 475 524 530; baseline -0.012 -14"><span class='ocrx_word' id='word_1_3' title='bbox 354 490 376 530; x_wconf 94' lang='lat' dir='ltr'>p.</span> <span class='ocrx_word' id='word_1_4' title='bbox 390 479 447 517; x_wconf 71' lang='lat'>2011.</span> <span class='ocrx_word' id='word_1_5' title='bbox 463 479 488 516; x_wconf 76' lang='lat' dir='ltr'>ta</span> <span class='ocrx_word' id='word_1_6' title='bbox 503 475 524 515; x_wconf 81' lang='grc'>1).</span> 
     </span>
     <span class='ocr_line' id='line_1_3' title="bbox 329 555 1600 635; baseline 0.002 -21"><span class='ocrx_word' id='word_1_7' title='bbox 329 575 414 618; x_wconf 90' lang='lat' dir='ltr'>casus</span> <span class='ocrx_word' id='word_1_8' title='bbox 437 559 467 616; x_wconf 90' lang='lat' dir='ltr'>in</span> <span class='ocrx_word' id='word_1_9' title='bbox 490 558 555 635; x_wconf 88' lang='lat' dir='ltr'>ipso</span> <span class='ocrx_word' id='word_1_10' title='bbox 577 557 634 614; x_wconf 88' lang='lat' dir='ltr'>line</span> <span class='ocrx_word' id='word_1_11' title='bbox 658 555 851 622; x_wconf 90' lang='lat' dir='ltr'>dissentiunt,</span> <span class='ocrx_word' id='word_1_12' title='bbox 876 562 908 616; x_wconf 93' lang='grc' dir='ltr'>ιιι</span> <span class='ocrx_word' id='word_1_13' title='bbox 930 573 1023 632; x_wconf 85' lang='lat' dir='ltr'>gener</span> <span class='ocrx_word' id='word_1_14' title='bbox 1044 557 1163 632; x_wconf 87' lang='lat' dir='ltr'>generi,</span> <span class='ocrx_word' id='word_1_15' title='bbox 1193 556 1274 614; x_wconf 91' lang='lat' dir='ltr'>celer</span> <span class='ocrx_word' id='word_1_16' title='bbox 1296 556 1404 616; x_wconf 85' lang='lat' dir='ltr'>celeris</span> <span class='ocrx_word' id='word_1_17' title='bbox 1426 556 1512 624; x_wconf 90' lang='lat' dir='ltr'>lacit;</span> <span class='ocrx_word' id='word_1_18' title='bbox 1539 557 1600 616; x_wconf 90' lang='lat' dir='ltr'>item</span> 
     </span>
     <span class='ocr_line' id='line_1_4' title="bbox 330 643 1600 736; baseline 0.001 -19"><span class='ocrx_word' id='word_1_19' title='bbox 330 657 436 718; x_wconf 90' lang='lat' dir='ltr'>mulier</span> <span class='ocrx_word' id='word_1_20' title='bbox 458 664 488 716; x_wconf 89' lang='lat' dir='ltr'>et</span> <span class='ocrx_word' id='word_1_21' title='bbox 509 664 575 717; x_wconf 88' lang='lat' dir='ltr'>uter</span> <span class='ocrx_word' id='word_1_22' title='bbox 602 643 737 716; x_wconf 85' lang='lat' dir='ltr'>mulieris</span> <span class='ocrx_word' id='word_1_23' title='bbox 760 663 789 715; x_wconf 88' lang='lat' dir='ltr'>et</span> <span class='ocrx_word' id='word_1_24' title='bbox 811 658 889 716; x_wconf 90' lang='lat' dir='ltr'>utris</span> <span class='ocrx_word' id='word_1_25' title='bbox 912 658 1039 718; x_wconf 83' lang='lat' dir='ltr'>iaciunt:</span> <span class='ocrx_word' id='word_1_26' title='bbox 1073 657 1249 736; x_wconf 90' lang='lat' dir='ltr'>plerumque</span> <span class='ocrx_word' id='word_1_27' title='bbox 1272 667 1390 736; x_wconf 90' lang='lat' dir='ltr'>tempus</span> <span class='ocrx_word' id='word_1_28' title='bbox 1418 675 1478 716; x_wconf 92' lang='lat' dir='ltr'>non</span> <span class='ocrx_word' id='word_1_29' title='bbox 1506 675 1600 735; x_wconf 88' lang='lat' dir='ltr'>aequa·</span> 
     </span>
     <span class='ocr_line' id='line_1_5' title="bbox 329 757 1600 838; baseline 0 -20"><span class='ocrx_word' id='word_1_30' title='bbox 329 759 400 819; x_wconf 88' lang='lat' dir='ltr'>liter</span> <span class='ocrx_word' id='word_1_31' title='bbox 421 765 554 827; x_wconf 88' lang='lat' dir='ltr'>servant,</span> <span class='ocrx_word' id='word_1_32' title='bbox 578 765 611 818; x_wconf 91' lang='lat' dir='ltr'>ut</span> <span class='ocrx_word' id='word_1_33' title='bbox 633 775 721 836; x_wconf 87' lang='lat' dir='ltr'>sopor</span> <span class='ocrx_word' id='word_1_34' title='bbox 749 765 779 818; x_wconf 90' lang='lat' dir='ltr'>et</span> <span class='ocrx_word' id='word_1_35' title='bbox 807 757 897 818; x_wconf 87' lang='lat' dir='ltr'>arbor</span> <span class='ocrx_word' id='word_1_36' title='bbox 925 761 1040 838; x_wconf 78' lang='lat' dir='ltr'>soporis</span> <span class='ocrx_word' id='word_1_37' title='bbox 1062 768 1092 818; x_wconf 90' lang='lat' dir='ltr'>et</span> <span class='ocrx_word' id='word_1_38' title='bbox 1115 757 1232 818; x_wconf 72' lang='lat' dir='ltr'>acheris</span> <span class='ocrx_word' id='word_1_39' title='bbox 1254 759 1378 828; x_wconf 88' lang='lat' dir='ltr'>iaciunt,</span> <span class='ocrx_word' id='word_1_40' title='bbox 1402 759 1509 820; x_wconf 79' lang='lat' dir='ltr'>Cicero</span> <span class='ocrx_word' id='word_1_41' title='bbox 1529 758 1600 819; x_wconf 82' lang='lat' dir='ltr'>Cice·</span> 
     </span>
     <span class='ocr_line' id='line_1_6' title="bbox 331 859 1601 938; baseline -0.002 -17"><span class='ocrx_word' id='word_1_42' title='bbox 331 863 427 930; x_wconf 74' lang='lat' dir='ltr'>renis,</span> <span class='ocrx_word' id='word_1_43' title='bbox 457 862 636 938; x_wconf 78' lang='lat' dir='ltr'>Agamemno</span> <span class='ocrx_word' id='word_1_44' title='bbox 664 859 901 937; x_wconf 79' lang='lat' dir='ltr'>Agamemnduis.</span> <span class='ocrx_word' id='word_1_45' title='bbox 946 879 1012 920; x_wconf 92' lang='lat' dir='ltr'>cum</span> <span class='ocrx_word' id='word_1_46' title='bbox 1040 860 1114 920; x_wconf 89' lang='lat' dir='ltr'>baec</span> <span class='ocrx_word' id='word_1_47' title='bbox 1142 863 1339 921; x_wconf 68' lang='lat' dir='ltr'>inconstantia</span> <span class='ocrx_word' id='word_1_48' title='bbox 1367 863 1421 929; x_wconf 89' lang='lat' dir='ltr'>sit,</span> <span class='ocrx_word' id='word_1_49' title='bbox 1452 868 1513 920; x_wconf 90' lang='lat' dir='ltr'>tum</span> <span class='ocrx_word' id='word_1_50' title='bbox 1538 860 1601 920; x_wconf 93' lang='lat' dir='ltr'>illud</span> 
     </span>
     <span class='ocr_line' id='line_1_7' title="bbox 330 961 1623 1042; baseline -0.003 -20"><span class='ocrx_word' id='word_1_51' title='bbox 330 964 451 1032; x_wconf 88' lang='lat' dir='ltr'>accidit,</span> <span class='ocrx_word' id='word_1_52' title='bbox 474 961 553 1042; x_wconf 90' lang='lat' dir='ltr'>qued</span> <span class='ocrx_word' id='word_1_53' title='bbox 582 964 645 1041; x_wconf 88' lang='lat' dir='ltr'>ipse</span> <span class='ocrx_word' id='word_1_54' title='bbox 668 963 878 1029; x_wconf 88' lang='lat' dir='ltr'>nominativus,</span> <span class='ocrx_word' id='word_1_55' title='bbox 903 969 1003 1039; x_wconf 89' lang='lat' dir='ltr'>utpote</span> <span class='ocrx_word' id='word_1_56' title='bbox 1025 964 1076 1040; x_wconf 93' lang='lat' dir='ltr'>qui</span> <span class='ocrx_word' id='word_1_57' title='bbox 1099 961 1270 1031; x_wconf 82' lang='lat' dir='ltr'><strong>duodecim,</strong></span> <span class='ocrx_word' id='word_1_58' title='bbox 1301 964 1380 1022; x_wconf 89' lang='lat' dir='ltr'>sicut</span> <span class='ocrx_word' id='word_1_59' title='bbox 1401 962 1541 1031; x_wconf 87' lang='lat' dir='ltr'>diximus,</span> <span class='ocrx_word' id='word_1_60' title='bbox 1562 962 1623 1020; x_wconf 81' lang='lat' dir='ltr'>lit-s</span> 
     </span>
     <span class='ocr_line' id='line_1_8' title="bbox 329 1062 1603 1142; baseline -0.001 -18"><span class='ocrx_word' id='word_1_61' title='bbox 329 1067 403 1124; x_wconf 91' lang='lat' dir='ltr'>teris</span> <span class='ocrx_word' id='word_1_62' title='bbox 425 1067 616 1132; x_wconf 74' lang='lat' dir='ltr'>terminetur,</span> <span class='ocrx_word' id='word_1_63' title='bbox 640 1081 765 1142; x_wconf 91' lang='lat' dir='ltr'>quarum</span> <span class='ocrx_word' id='word_1_64' title='bbox 779 1062 1007 1122; x_wconf 74' lang='lat' dir='ltr'>semivocalibus</span> <span class='ocrx_word' id='word_1_65' title='bbox 1022 1072 1052 1123; x_wconf 90' lang='lat' dir='ltr'>et</span> <span class='ocrx_word' id='word_1_66' title='bbox 1066 1065 1157 1122; x_wconf 91' lang='lat' dir='ltr'>mutis</span> <span class='ocrx_word' id='word_1_67' title='bbox 1179 1082 1195 1121; x_wconf 93' lang='lat' dir='ltr'>c</span> <span class='ocrx_word' id='word_1_68' title='bbox 1218 1070 1248 1122; x_wconf 90' lang='lat' dir='ltr'>et</span> <span class='ocrx_word' id='word_1_69' title='bbox 1269 1071 1282 1122; x_wconf 91' lang='lat' dir='ltr'>t</span> <span class='ocrx_word' id='word_1_70' title='bbox 1303 1063 1426 1142; x_wconf 89' lang='lat' dir='ltr'>plurimi</span> <span class='ocrx_word' id='word_1_71' title='bbox 1442 1063 1603 1141; x_wconf 86' lang='lat' dir='ltr'>complexus</span> 
     </span>
     <span class='ocr_line' id='line_1_9' title="bbox 328 1165 1602 1245; baseline 0 -21"><span class='ocrx_word' id='word_1_72' title='bbox 328 1185 398 1228; x_wconf 92' lang='lat' dir='ltr'>cum</span> <span class='ocrx_word' id='word_1_73' title='bbox 419 1165 570 1227; x_wconf 89' lang='lat' dir='ltr'>vocalibus</span> <span class='ocrx_word' id='word_1_74' title='bbox 593 1165 808 1245; x_wconf 88' lang='lat' dir='ltr'>proloquendi</span> <span class='ocrx_word' id='word_1_75' title='bbox 831 1167 974 1225; x_wconf 89' lang='lat' dir='ltr'>varietate</span> <span class='ocrx_word' id='word_1_76' title='bbox 997 1172 1173 1234; x_wconf 90' lang='lat' dir='ltr'>nascuntur,</span> <span class='ocrx_word' id='word_1_77' title='bbox 1197 1167 1332 1226; x_wconf 83' lang='lat' dir='ltr'>infinitus</span> <span class='ocrx_word' id='word_1_78' title='bbox 1353 1183 1448 1244; x_wconf 90' lang='lat' dir='ltr'>paene</span> <span class='ocrx_word' id='word_1_79' title='bbox 1471 1172 1501 1224; x_wconf 88' lang='lat' dir='ltr'>et</span> <span class='ocrx_word' id='word_1_80' title='bbox 1523 1167 1602 1224; x_wconf 85' lang='lat' dir='ltr'>inter·</span> 
     </span>
     <span class='ocr_line' id='line_1_10' title="bbox 300 1265 1603 1354; baseline -0.003 -24"><span class='ocrx_word' id='word_1_81' title='bbox 300 1339 305 1350; x_wconf 31' lang='lat'><strong>¹</strong></span> <span class='ocrx_word' id='word_1_82' title='bbox 329 1271 459 1330; x_wconf 84' lang='lat' dir='ltr'>ndnatus</span> <span class='ocrx_word' id='word_1_83' title='bbox 482 1275 536 1328; x_wconf 87' lang='lat' dir='ltr'>est.</span> <span class='ocrx_word' id='word_1_84' title='bbox 582 1285 653 1344; x_wconf 85' lang='lat' dir='ltr'>ergo</span> <span class='ocrx_word' id='word_1_85' title='bbox 676 1265 713 1326; x_wconf 89' lang='lat' dir='ltr'>eb</span> <span class='ocrx_word' id='word_1_86' title='bbox 736 1267 789 1326; x_wconf 90' lang='lat' dir='ltr'>lras</span> <span class='ocrx_word' id='word_1_87' title='bbox 812 1266 1002 1354; x_wconf 64' lang='lat' dir='ltr'>diligultates</span> <span class='ocrx_word' id='word_1_88' title='bbox 1024 1265 1060 1326; x_wconf 93' lang='lat' dir='ltr'>ab</span> <span class='ocrx_word' id='word_1_89' title='bbox 1084 1286 1119 1326; x_wconf 90' lang='lat' dir='ltr'>eo</span> <span class='ocrx_word' id='word_1_90' title='bbox 1141 1266 1280 1328; x_wconf 88' lang='lat' dir='ltr'>ordinare</span> <span class='ocrx_word' id='word_1_91' title='bbox 1302 1267 1422 1344; x_wconf 88' lang='lat' dir='ltr'>regulas</span> <span class='ocrx_word' id='word_1_92' title='bbox 1444 1267 1603 1345; x_wconf 86' lang='lat' dir='ltr'>supersedi·</span> 
     </span>
     <span class='ocr_line' id='line_1_11' title="bbox 329 1368 1428 1450; baseline -0.002 -20"><span class='ocrx_word' id='word_1_93' title='bbox 329 1390 410 1440; x_wconf 89' lang='lat' dir='ltr'>mus,</span> <span class='ocrx_word' id='word_1_94' title='bbox 434 1371 502 1449; x_wconf 91' lang='lat' dir='ltr'>quia</span> <span class='ocrx_word' id='word_1_95' title='bbox 524 1388 620 1450; x_wconf 90' lang='lat' dir='ltr'>neque</span> <span class='ocrx_word' id='word_1_96' title='bbox 644 1371 757 1430; x_wconf 89' lang='lat' dir='ltr'>ratione</span> <span class='ocrx_word' id='word_1_97' title='bbox 780 1375 879 1428; x_wconf 90' lang='lat' dir='ltr'>certae</span> <span class='ocrx_word' id='word_1_98' title='bbox 902 1375 973 1428; x_wconf 89' lang='lat' dir='ltr'>sunt</span> <span class='ocrx_word' id='word_1_99' title='bbox 994 1375 1023 1428; x_wconf 89' lang='lat' dir='ltr'>et</span> <span class='ocrx_word' id='word_1_100' title='bbox 1046 1386 1170 1428; x_wconf 89' lang='lat' dir='ltr'>numere</span> <span class='ocrx_word' id='word_1_101' title='bbox 1190 1368 1428 1448; x_wconf 78' lang='lat' dir='ltr'>inexplicabiles.</span> 
     </span>
    </p>

    <p class='ocr_par' dir='ltr' id='par_1_3' title="bbox 252 1469 1717 3996">
     <span class='ocr_line' id='line_1_12' title="bbox 252 1469 1717 1550; baseline -0.001 -18"><span class='ocrx_word' id='word_1_102' title='bbox 252 1525 254 1538; x_wconf 84' lang='lat'><strong><em>‚</em></strong></span> <span class='ocrx_word' id='word_1_103' title='bbox 320 1479 328 1514; x_wconf 75' lang='lat' dir='ltr'>t</span> <span class='ocrx_word' id='word_1_104' title='bbox 415 1471 594 1534; x_wconf 88' lang='lat' dir='ltr'>Ordinemus</span> <span class='ocrx_word' id='word_1_105' title='bbox 623 1489 694 1548; x_wconf 88' lang='lat' dir='ltr'>erge</span> <span class='ocrx_word' id='word_1_106' title='bbox 722 1491 739 1530; x_wconf 90' lang='lat' dir='ltr'>a</span> <span class='ocrx_word' id='word_1_107' title='bbox 766 1473 896 1548; x_wconf 87' lang='lat' dir='ltr'>genitivo</span> <span class='ocrx_word' id='word_1_108' title='bbox 924 1469 1083 1546; x_wconf 78' lang='lat' dir='ltr'>singulari,</span> <span class='ocrx_word' id='word_1_109' title='bbox 1113 1473 1164 1549; x_wconf 89' lang='lat' dir='ltr'>qui</span> <span class='ocrx_word' id='word_1_110' title='bbox 1187 1489 1254 1530; x_wconf 94' lang='lat' dir='ltr'>cum</span> <span class='ocrx_word' id='word_1_111' title='bbox 1277 1473 1392 1550; x_wconf 90' lang='lat' dir='ltr'>etipsa</span> <span class='ocrx_word' id='word_1_112' title='bbox 1414 1479 1521 1531; x_wconf 89' lang='lat' dir='ltr'>natura</span> <span class='ocrx_word' id='word_1_113' title='bbox 1541 1489 1633 1549; x_wconf 87' lang='lat' dir='ltr'>quo-n</span> <span class='ocrx_word' id='word_1_114' title='bbox 1716 1488 1717 1519; x_wconf 79' lang='grc' dir='ltr'>ι</span> 
     </span>
     <span class='ocr_line' id='line_1_13' title="bbox 330 1569 1603 1651; baseline -0.002 -17"><span class='ocrx_word' id='word_1_115' title='bbox 330 1574 397 1635; x_wconf 90' lang='lat' dir='ltr'>darn</span> <span class='ocrx_word' id='word_1_116' title='bbox 420 1573 506 1634; x_wconf 86' lang='lat' dir='ltr'>orode</span> <span class='ocrx_word' id='word_1_117' title='bbox 534 1592 588 1651; x_wconf 92' lang='lat' dir='ltr'>per</span> <span class='ocrx_word' id='word_1_118' title='bbox 610 1592 642 1632; x_wconf 88' lang='lat' dir='ltr'>se</span> <span class='ocrx_word' id='word_1_119' title='bbox 664 1573 760 1632; x_wconf 90' lang='lat' dir='ltr'>valeat</span> <span class='ocrx_word' id='word_1_120' title='bbox 784 1569 850 1651; x_wconf 88' lang='lat' dir='ltr'>(uon</span> <span class='ocrx_word' id='word_1_121' title='bbox 880 1573 960 1631; x_wconf 90' lang='lat' dir='ltr'>enim</span> <span class='ocrx_word' id='word_1_122' title='bbox 982 1573 1091 1632; x_wconf 90' lang='lat' dir='ltr'>rationi</span> <span class='ocrx_word' id='word_1_123' title='bbox 1114 1574 1203 1632; x_wconf 86' lang='lat' dir='ltr'>alicui</span> <span class='ocrx_word' id='word_1_124' title='bbox 1225 1572 1433 1651; x_wconf 86' lang='lat' dir='ltr'>praecedentis</span> <span class='ocrx_word' id='word_1_125' title='bbox 1455 1591 1541 1632; x_wconf 79' lang='lat' dir='ltr'>casus</span> <span class='ocrx_word' id='word_1_126' title='bbox 1560 1572 1603 1632; x_wconf 86' lang='lat' dir='ltr'>dc·</span> 
     </span>
     <span class='ocr_line' id='line_1_14' title="bbox 330 1672 1604 1754; baseline -0.003 -18"><span class='ocrx_word' id='word_1_127' title='bbox 330 1676 395 1746; x_wconf 89' lang='lat' dir='ltr'>bet,</span> <span class='ocrx_word' id='word_1_128' title='bbox 418 1694 473 1734; x_wconf 91' lang='lat' dir='ltr'>cur</span> <span class='ocrx_word' id='word_1_129' title='bbox 494 1674 551 1734; x_wconf 91' lang='lat' dir='ltr'>boc</span> <span class='ocrx_word' id='word_1_130' title='bbox 574 1682 623 1734; x_wconf 89' lang='lat' dir='ltr'>aut</span> <span class='ocrx_word' id='word_1_131' title='bbox 645 1675 696 1734; x_wconf 91' lang='lat' dir='ltr'>illo</span> <span class='ocrx_word' id='word_1_132' title='bbox 723 1674 810 1734; x_wconf 88' lang='lat' dir='ltr'>modo</span> <span class='ocrx_word' id='word_1_133' title='bbox 839 1672 1014 1754; x_wconf 83' lang='lat' dir='ltr'>celeratur),</span> <span class='ocrx_word' id='word_1_134' title='bbox 1043 1682 1159 1734; x_wconf 87' lang='lat' dir='ltr'>ceteros</span> <span class='ocrx_word' id='word_1_135' title='bbox 1181 1693 1217 1734; x_wconf 85' lang='lat' dir='ltr'>ex</span> <span class='ocrx_word' id='word_1_136' title='bbox 1239 1692 1271 1732; x_wconf 88' lang='lat' dir='ltr'>se</span> <span class='ocrx_word' id='word_1_137' title='bbox 1293 1676 1390 1751; x_wconf 85' lang='lat' dir='ltr'>giguit</span> <span class='ocrx_word' id='word_1_138' title='bbox 1411 1682 1499 1753; x_wconf 88' lang='lat' dir='ltr'>atque</span> <span class='ocrx_word' id='word_1_139' title='bbox 1520 1674 1604 1753; x_wconf 80' lang='lat' dir='ltr'>expli·</span> 
     </span>
     <span class='ocr_line' id='line_1_15' title="bbox 330 1775 1604 1857; baseline -0.002 -21"><span class='ocrx_word' id='word_1_140' title='bbox 330 1787 386 1838; x_wconf 90' lang='lat' dir='ltr'>cat.</span> <span class='ocrx_word' id='word_1_141' title='bbox 431 1785 519 1857; x_wconf 91' lang='lat' dir='ltr'>atque</span> <span class='ocrx_word' id='word_1_142' title='bbox 541 1776 597 1836; x_wconf 89' lang='lat' dir='ltr'>lruc</span> <span class='ocrx_word' id='word_1_143' title='bbox 620 1794 709 1836; x_wconf 89' lang='lat' dir='ltr'>ausus</span> <span class='ocrx_word' id='word_1_144' title='bbox 738 1778 793 1835; x_wconf 88' lang='lat' dir='ltr'>sim</span> <span class='ocrx_word' id='word_1_145' title='bbox 820 1775 935 1845; x_wconf 88' lang='lat' dir='ltr'>dicere,</span> <span class='ocrx_word' id='word_1_146' title='bbox 959 1775 1037 1854; x_wconf 90' lang='lat' dir='ltr'>quod</span> <span class='ocrx_word' id='word_1_147' title='bbox 1060 1778 1157 1836; x_wconf 89' lang='lat' dir='ltr'>omnis</span> <span class='ocrx_word' id='word_1_148' title='bbox 1179 1776 1228 1836; x_wconf 90' lang='lat' dir='ltr'>illa</span> <span class='ocrx_word' id='word_1_149' title='bbox 1251 1777 1391 1844; x_wconf 76' lang='lat' dir='ltr'>varietaS,</span> <span class='ocrx_word' id='word_1_150' title='bbox 1414 1793 1502 1853; x_wconf 83' lang='lat' dir='ltr'>quant</span> <span class='ocrx_word' id='word_1_151' title='bbox 1525 1775 1604 1853; x_wconf 89' lang='lat' dir='ltr'>pleri·</span> 
     </span>
     <span class='ocr_line' id='line_1_16' title="bbox 330 1877 1605 1959; baseline -0.002 -20"><span class='ocrx_word' id='word_1_152' title='bbox 330 1899 387 1959; x_wconf 91' lang='lat' dir='ltr'>que</span> <span class='ocrx_word' id='word_1_153' title='bbox 411 1899 426 1939; x_wconf 93' lang='lat' dir='ltr'>a</span> <span class='ocrx_word' id='word_1_154' title='bbox 449 1880 629 1938; x_wconf 84' lang='lat' dir='ltr'>nominativo</span> <span class='ocrx_word' id='word_1_155' title='bbox 645 1879 741 1938; x_wconf 89' lang='lat' dir='ltr'>conati</span> <span class='ocrx_word' id='word_1_156' title='bbox 764 1885 834 1938; x_wconf 90' lang='lat' dir='ltr'>sunt</span> <span class='ocrx_word' id='word_1_157' title='bbox 856 1877 1020 1955; x_wconf 82' lang='lat' dir='ltr'>explicare,</span> <span class='ocrx_word' id='word_1_158' title='bbox 1044 1877 1141 1938; x_wconf 91' lang='lat' dir='ltr'>tribus</span> <span class='ocrx_word' id='word_1_159' title='bbox 1162 1884 1336 1956; x_wconf 88' lang='lat' dir='ltr'>quattuorve</span> <span class='ocrx_word' id='word_1_160' title='bbox 1358 1895 1375 1936; x_wconf 88' lang='lat' dir='ltr'>a</span> <span class='ocrx_word' id='word_1_161' title='bbox 1396 1878 1528 1954; x_wconf 84' lang='lat' dir='ltr'>genitivo</span> <span class='ocrx_word' id='word_1_162' title='bbox 1549 1895 1605 1936; x_wconf 88' lang='lat' dir='ltr'>cer·</span> 
     </span>
     <span class='ocr_line' id='line_1_17' title="bbox 331 1967 1635 2058; baseline -0.003 -17"><span class='ocrx_word' id='word_1_163' title='bbox 331 1985 370 2042; x_wconf 93' lang='lat' dir='ltr'>tis</span> <span class='ocrx_word' id='word_1_164' title='bbox 400 1980 512 2057; x_wconf 86' lang='lat' dir='ltr'>regulis</span> <span class='ocrx_word' id='word_1_165' title='bbox 540 1979 713 2041; x_wconf 82' lang='lat' dir='ltr'>includitur.</span> <span class='ocrx_word' id='word_1_166' title='bbox 758 1998 829 2058; x_wconf 87' lang='lat' dir='ltr'>ergo</span> <span class='ocrx_word' id='word_1_167' title='bbox 857 1999 893 2039; x_wconf 86' lang='lat' dir='ltr'>ex</span> <span class='ocrx_word' id='word_1_168' title='bbox 921 1967 1068 2058; x_wconf 82' lang='lat' dir='ltr'>qualibet</span> <span class='ocrx_word' id='word_1_169' title='bbox 1082 1980 1254 2040; x_wconf 86' lang='lat' dir='ltr'>uonriuativi</span> <span class='ocrx_word' id='word_1_170' title='bbox 1282 1979 1442 2038; x_wconf 80' lang='lat' dir='ltr'>inlleainuc</span> <span class='ocrx_word' id='word_1_171' title='bbox 1468 1981 1635 2055; x_wconf 78' lang='lat' dir='ltr'>genititme</span> 
     </span>
     <span class='ocr_line' id='line_1_18' title="bbox 331 2080 1606 2159; baseline -0.003 -17"><span class='ocrx_word' id='word_1_172' title='bbox 331 2083 492 2159; x_wconf 89' lang='lat' dir='ltr'>singularis</span> <span class='ocrx_word' id='word_1_173' title='bbox 516 2089 577 2143; x_wconf 90' lang='lat' dir='ltr'>tres</span> <span class='ocrx_word' id='word_1_174' title='bbox 592 2083 655 2142; x_wconf 89' lang='lat' dir='ltr'>lere</span> <span class='ocrx_word' id='word_1_175' title='bbox 671 2082 781 2142; x_wconf 83' lang='lat' dir='ltr'>formas</span> <span class='ocrx_word' id='word_1_176' title='bbox 797 2081 931 2141; x_wconf 85' lang='lat' dir='ltr'>cxlribet:</span> <span class='ocrx_word' id='word_1_177' title='bbox 955 2089 1005 2141; x_wconf 91' lang='lat' dir='ltr'>aut</span> <span class='ocrx_word' id='word_1_178' title='bbox 1027 2083 1107 2142; x_wconf 90' lang='lat' dir='ltr'>enim</span> <span class='ocrx_word' id='word_1_179' title='bbox 1130 2082 1161 2141; x_wconf 92' lang='lat' dir='ltr'>in</span> <span class='ocrx_word' id='word_1_180' title='bbox 1184 2084 1210 2141; x_wconf 91' lang='lat' dir='ltr'>is</span> <span class='ocrx_word' id='word_1_181' title='bbox 1233 2080 1457 2150; x_wconf 83' lang='lat' dir='ltr'>terminabitur,</span> <span class='ocrx_word' id='word_1_182' title='bbox 1481 2089 1515 2140; x_wconf 90' lang='lat' dir='ltr'>ut</span> <span class='ocrx_word' id='word_1_183' title='bbox 1535 2081 1606 2140; x_wconf 78' lang='lat' dir='ltr'>celer</span> 
     </span>
     <span class='ocr_line' id='line_1_19' title="bbox 332 2183 1606 2262; baseline -0.002 -19"><span class='ocrx_word' id='word_1_184' title='bbox 332 2183 455 2254; x_wconf 87' lang='lat' dir='ltr'>celeris,</span> <span class='ocrx_word' id='word_1_185' title='bbox 479 2186 631 2254; x_wconf 89' lang='lat' dir='ltr'>antini,</span> <span class='ocrx_word' id='word_1_186' title='bbox 657 2191 689 2243; x_wconf 95' lang='lat' dir='ltr'>ut</span> <span class='ocrx_word' id='word_1_187' title='bbox 711 2202 782 2262; x_wconf 83' lang='lat' dir='ltr'>aper</span> <span class='ocrx_word' id='word_1_188' title='bbox 804 2187 885 2262; x_wconf 91' lang='lat' dir='ltr'>apri,</span> <span class='ocrx_word' id='word_1_189' title='bbox 909 2191 960 2243; x_wconf 89' lang='lat' dir='ltr'>aut</span> <span class='ocrx_word' id='word_1_190' title='bbox 983 2185 1013 2242; x_wconf 91' lang='lat' dir='ltr'>in</span> <span class='ocrx_word' id='word_1_191' title='bbox 1036 2202 1084 2252; x_wconf 88' lang='lat' dir='ltr'>ae,</span> <span class='ocrx_word' id='word_1_192' title='bbox 1113 2191 1147 2242; x_wconf 95' lang='lat' dir='ltr'>ut</span> <span class='ocrx_word' id='word_1_193' title='bbox 1167 2183 1249 2244; x_wconf 89' lang='lat' dir='ltr'>Musa</span> <span class='ocrx_word' id='word_1_194' title='bbox 1270 2183 1381 2244; x_wconf 87' lang='lat' dir='ltr'>Musae.</span> <span class='ocrx_word' id='word_1_195' title='bbox 1426 2185 1561 2261; x_wconf 86' lang='lat' dir='ltr'>quotiens</span> <span class='ocrx_word' id='word_1_196' title='bbox 1581 2184 1606 2240; x_wconf 91' lang='lat' dir='ltr'>in</span> 
     </span>
     <span class='ocr_line' id='line_1_20' title="bbox 332 2280 1607 2367; baseline -0.002 -23"><span class='ocrx_word' id='word_1_197' title='bbox 332 2288 358 2344; x_wconf 92' lang='lat' dir='ltr'>is</span> <span class='ocrx_word' id='word_1_198' title='bbox 381 2288 572 2355; x_wconf 90' lang='lat' dir='ltr'>terminatur,</span> <span class='ocrx_word' id='word_1_199' title='bbox 602 2285 731 2346; x_wconf 93' lang='lat' dir='ltr'>dativum</span> <span class='ocrx_word' id='word_1_200' title='bbox 761 2287 791 2344; x_wconf 93' lang='lat' dir='ltr'>iu</span> <span class='ocrx_word' id='word_1_201' title='bbox 819 2288 827 2343; x_wconf 93' lang='lat' dir='ltr'>i</span> <span class='ocrx_word' id='word_1_202' title='bbox 857 2287 960 2355; x_wconf 91' lang='lat' dir='ltr'>mittit,</span> <span class='ocrx_word' id='word_1_203' title='bbox 990 2287 1189 2352; x_wconf 79' lang='lat' dir='ltr'>accusativum</span> <span class='ocrx_word' id='word_1_204' title='bbox 1213 2288 1243 2344; x_wconf 92' lang='lat' dir='ltr'>in</span> <span class='ocrx_word' id='word_1_205' title='bbox 1268 2280 1355 2367; x_wconf 74' lang='lat' dir='ltr'>lem,</span> <span class='ocrx_word' id='word_1_206' title='bbox 1379 2291 1412 2344; x_wconf 92' lang='lat' dir='ltr'>nt</span> <span class='ocrx_word' id='word_1_207' title='bbox 1432 2284 1503 2343; x_wconf 89' lang='lat' dir='ltr'>huic</span> <span class='ocrx_word' id='word_1_208' title='bbox 1524 2284 1607 2343; x_wconf 83' lang='lat' dir='ltr'>celeri</span> 
     </span>
     <span class='ocr_line' id='line_1_21' title="bbox 332 2386 1607 2466; baseline -0.003 -20"><span class='ocrx_word' id='word_1_209' title='bbox 332 2388 410 2448; x_wconf 84' lang='lat' dir='ltr'>ltunc</span> <span class='ocrx_word' id='word_1_210' title='bbox 438 2388 576 2448; x_wconf 89' lang='lat' dir='ltr'>celerem.</span> <span class='ocrx_word' id='word_1_211' title='bbox 622 2387 737 2447; x_wconf 83' lang='lat' dir='ltr'>dativus</span> <span class='ocrx_word' id='word_1_212' title='bbox 764 2405 854 2466; x_wconf 90' lang='lat' dir='ltr'>perro</span> <span class='ocrx_word' id='word_1_213' title='bbox 881 2389 892 2445; x_wconf 93' lang='lat' dir='ltr'>i</span> <span class='ocrx_word' id='word_1_214' title='bbox 922 2389 1097 2447; x_wconf 89' lang='lat' dir='ltr'>terminatus</span> <span class='ocrx_word' id='word_1_215' title='bbox 1119 2386 1279 2448; x_wconf 87' lang='lat' dir='ltr'>ablativum</span> <span class='ocrx_word' id='word_1_216' title='bbox 1300 2386 1483 2463; x_wconf 82' lang='lat' dir='ltr'>singularem</span> <span class='ocrx_word' id='word_1_217' title='bbox 1505 2393 1553 2446; x_wconf 87' lang='lat' dir='ltr'>aut</span> <span class='ocrx_word' id='word_1_218' title='bbox 1572 2387 1607 2444; x_wconf 88' lang='lat' dir='ltr'>si·</span> 
     </span>
     <span class='ocr_line' id='line_1_22' title="bbox 333 2488 1638 2568; baseline -0.002 -18"><span class='ocrx_word' id='word_1_219' title='bbox 333 2489 434 2550; x_wconf 87' lang='lat' dir='ltr'>milem</span> <span class='ocrx_word' id='word_1_220' title='bbox 456 2493 501 2550; x_wconf 86' lang='lat' dir='ltr'>sui</span> <span class='ocrx_word' id='word_1_221' title='bbox 526 2489 660 2558; x_wconf 87' lang='lat' dir='ltr'>exbibet,</span> <span class='ocrx_word' id='word_1_222' title='bbox 690 2498 740 2550; x_wconf 89' lang='lat' dir='ltr'>aut</span> <span class='ocrx_word' id='word_1_223' title='bbox 768 2492 799 2549; x_wconf 93' lang='lat' dir='ltr'>iu</span> <span class='ocrx_word' id='word_1_224' title='bbox 827 2509 842 2548; x_wconf 89' lang='lat' dir='ltr'>o</span> <span class='ocrx_word' id='word_1_225' title='bbox 873 2496 1039 2568; x_wconf 79' lang='lat' dir='ltr'>correptam</span> <span class='ocrx_word' id='word_1_226' title='bbox 1061 2489 1215 2567; x_wconf 85' lang='lat' dir='ltr'>conpellit,</span> <span class='ocrx_word' id='word_1_227' title='bbox 1245 2498 1278 2548; x_wconf 90' lang='lat' dir='ltr'>ut</span> <span class='ocrx_word' id='word_1_228' title='bbox 1299 2497 1345 2550; x_wconf 90' lang='lat' dir='ltr'>est</span> <span class='ocrx_word' id='word_1_229' title='bbox 1366 2488 1422 2548; x_wconf 88' lang='lat' dir='ltr'>bec</span> <span class='ocrx_word' id='word_1_230' title='bbox 1444 2490 1541 2567; x_wconf 90' lang='lat' dir='ltr'>ipsum</span> <span class='ocrx_word' id='word_1_231' title='bbox 1561 2505 1638 2548; x_wconf 79' lang='lat' dir='ltr'>nen</span> 
     </span>
     <span class='ocr_line' id='line_1_23' title="bbox 332 2590 1610 2671; baseline -0.005 -19"><span class='ocrx_word' id='word_1_232' title='bbox 332 2611 414 2662; x_wconf 78' lang='lat' dir='ltr'>nien,</span> <span class='ocrx_word' id='word_1_233' title='bbox 438 2591 475 2652; x_wconf 91' lang='lat' dir='ltr'>ab</span> <span class='ocrx_word' id='word_1_234' title='bbox 497 2591 553 2650; x_wconf 91' lang='lat' dir='ltr'>hoc</span> <span class='ocrx_word' id='word_1_235' title='bbox 576 2593 683 2651; x_wconf 86' lang='lat' dir='ltr'>celere.</span> <span class='ocrx_word' id='word_1_236' title='bbox 728 2591 856 2651; x_wconf 88' lang='lat' dir='ltr'>similem</span> <span class='ocrx_word' id='word_1_237' title='bbox 885 2609 955 2650; x_wconf 91' lang='lat' dir='ltr'>vern</span> <span class='ocrx_word' id='word_1_238' title='bbox 982 2593 1028 2650; x_wconf 92' lang='lat' dir='ltr'>sui</span> <span class='ocrx_word' id='word_1_239' title='bbox 1051 2591 1186 2661; x_wconf 84' lang='lat' dir='ltr'>exlribet,</span> <span class='ocrx_word' id='word_1_240' title='bbox 1209 2599 1243 2652; x_wconf 91' lang='lat' dir='ltr'>ut</span> <span class='ocrx_word' id='word_1_241' title='bbox 1265 2599 1311 2649; x_wconf 89' lang='lat' dir='ltr'>est</span> <span class='ocrx_word' id='word_1_242' title='bbox 1332 2598 1402 2671; x_wconf 89' lang='lat' dir='ltr'>puta</span> <span class='ocrx_word' id='word_1_243' title='bbox 1425 2590 1514 2650; x_wconf 82' lang='lat' dir='ltr'>liuius</span> <span class='ocrx_word' id='word_1_244' title='bbox 1534 2591 1610 2650; x_wconf 84' lang='lat' dir='ltr'>natis</span> 
     </span>
     <span class='ocr_line' id='line_1_24' title="bbox 332 2691 1609 2780; baseline -0.003 -28"><span class='ocrx_word' id='word_1_245' title='bbox 332 2694 401 2753; x_wconf 90' lang='lat' dir='ltr'>lmic</span> <span class='ocrx_word' id='word_1_246' title='bbox 423 2695 490 2754; x_wconf 88' lang='lat' dir='ltr'>nari</span> <span class='ocrx_word' id='word_1_247' title='bbox 514 2693 550 2754; x_wconf 89' lang='lat' dir='ltr'>ab</span> <span class='ocrx_word' id='word_1_248' title='bbox 573 2692 628 2753; x_wconf 88' lang='lat' dir='ltr'>lrac</span> <span class='ocrx_word' id='word_1_249' title='bbox 650 2695 727 2780; x_wconf 89' lang='lat' dir='ltr'>navi.</span> <span class='ocrx_word' id='word_1_250' title='bbox 772 2695 909 2771; x_wconf 89' lang='lat' dir='ltr'>quotiens</span> <span class='ocrx_word' id='word_1_251' title='bbox 936 2711 1007 2753; x_wconf 89' lang='lat' dir='ltr'>vero</span> <span class='ocrx_word' id='word_1_252' title='bbox 1034 2695 1044 2752; x_wconf 92' lang='lat' dir='ltr'>i</span> <span class='ocrx_word' id='word_1_253' title='bbox 1073 2696 1251 2755; x_wconf 89' lang='lat' dir='ltr'>terminatur</span> <span class='ocrx_word' id='word_1_254' title='bbox 1277 2695 1442 2770; x_wconf 85' lang='lat' dir='ltr'>genitivus,</span> <span class='ocrx_word' id='word_1_255' title='bbox 1471 2699 1504 2751; x_wconf 91' lang='lat' dir='ltr'>ut</span> <span class='ocrx_word' id='word_1_256' title='bbox 1530 2691 1609 2752; x_wconf 87' lang='lat' dir='ltr'>buius</span> 
     </span>
     <span class='ocr_line' id='line_1_25' title="bbox 333 2793 1608 2877; baseline -0.002 -21"><span class='ocrx_word' id='word_1_257' title='bbox 333 2798 412 2877; x_wconf 89' lang='lat' dir='ltr'>apri,</span> <span class='ocrx_word' id='word_1_258' title='bbox 436 2795 567 2857; x_wconf 90' lang='lat' dir='ltr'>dativum</span> <span class='ocrx_word' id='word_1_259' title='bbox 589 2797 653 2856; x_wconf 92' lang='lat' dir='ltr'>ino</span> <span class='ocrx_word' id='word_1_260' title='bbox 674 2796 778 2864; x_wconf 89' lang='lat' dir='ltr'>mittit,</span> <span class='ocrx_word' id='word_1_261' title='bbox 803 2797 1001 2855; x_wconf 84' lang='lat' dir='ltr'>accusativum</span> <span class='ocrx_word' id='word_1_262' title='bbox 1022 2797 1054 2856; x_wconf 92' lang='lat' dir='ltr'>in</span> <span class='ocrx_word' id='word_1_263' title='bbox 1076 2814 1140 2866; x_wconf 92' lang='lat' dir='ltr'>um,</span> <span class='ocrx_word' id='word_1_264' title='bbox 1164 2805 1195 2855; x_wconf 92' lang='lat' dir='ltr'>ut</span> <span class='ocrx_word' id='word_1_265' title='bbox 1217 2796 1286 2856; x_wconf 87' lang='lat' dir='ltr'>lruic</span> <span class='ocrx_word' id='word_1_266' title='bbox 1308 2814 1381 2875; x_wconf 87' lang='lat' dir='ltr'>apro</span> <span class='ocrx_word' id='word_1_267' title='bbox 1403 2793 1484 2854; x_wconf 81' lang='lat' dir='ltr'>nnnc</span> <span class='ocrx_word' id='word_1_268' title='bbox 1497 2812 1608 2873; x_wconf 87' lang='lat' dir='ltr'>aprum,</span> 
     </span>
     <span class='ocr_line' id='line_1_26' title="bbox 333 2898 1609 2976; baseline -0.005 -18"><span class='ocrx_word' id='word_1_269' title='bbox 333 2898 495 2959; x_wconf 87' lang='lat' dir='ltr'>ablativum</span> <span class='ocrx_word' id='word_1_270' title='bbox 520 2917 588 2957; x_wconf 91' lang='lat' dir='ltr'>vere</span> <span class='ocrx_word' id='word_1_271' title='bbox 610 2899 655 2957; x_wconf 92' lang='lat' dir='ltr'>sui</span> <span class='ocrx_word' id='word_1_272' title='bbox 678 2898 806 2959; x_wconf 89' lang='lat' dir='ltr'>similem</span> <span class='ocrx_word' id='word_1_273' title='bbox 822 2898 938 2957; x_wconf 90' lang='lat' dir='ltr'>dativus</span> <span class='ocrx_word' id='word_1_274' title='bbox 953 2899 1059 2966; x_wconf 85' lang='lat' dir='ltr'>elficit,</span> <span class='ocrx_word' id='word_1_275' title='bbox 1084 2907 1117 2957; x_wconf 90' lang='lat' dir='ltr'>ut</span> <span class='ocrx_word' id='word_1_276' title='bbox 1137 2898 1175 2959; x_wconf 88' lang='lat' dir='ltr'>ab</span> <span class='ocrx_word' id='word_1_277' title='bbox 1197 2898 1253 2957; x_wconf 89' lang='lat' dir='ltr'>boc</span> <span class='ocrx_word' id='word_1_278' title='bbox 1274 2916 1357 2976; x_wconf 88' lang='lat' dir='ltr'>apro.</span> <span class='ocrx_word' id='word_1_279' title='bbox 1387 2898 1527 2976; x_wconf 88' lang='lat' dir='ltr'>quotiens</span> <span class='ocrx_word' id='word_1_280' title='bbox 1547 2914 1609 2954; x_wconf 89' lang='lat' dir='ltr'>rem</span> 
     </span>
     <span class='ocr_line' id='line_1_27' title="bbox 333 2997 1642 3079; baseline 0 -19"><span class='ocrx_word' id='word_1_281' title='bbox 333 3003 481 3077; x_wconf 84' lang='lat' dir='ltr'>genitivus</span> <span class='ocrx_word' id='word_1_282' title='bbox 509 3000 671 3077; x_wconf 86' lang='lat' dir='ltr'>singularis</span> <span class='ocrx_word' id='word_1_283' title='bbox 699 3018 733 3059; x_wconf 90' lang='lat' dir='ltr'>ae</span> <span class='ocrx_word' id='word_1_284' title='bbox 760 2999 872 3079; x_wconf 79' lang='lat' dir='ltr'>syllaba</span> <span class='ocrx_word' id='word_1_285' title='bbox 902 3002 1095 3069; x_wconf 88' lang='lat' dir='ltr'>terminatur,</span> <span class='ocrx_word' id='word_1_286' title='bbox 1118 3008 1151 3059; x_wconf 93' lang='lat' dir='ltr'>ut</span> <span class='ocrx_word' id='word_1_287' title='bbox 1172 3001 1262 3060; x_wconf 89' lang='lat' dir='ltr'>buius</span> <span class='ocrx_word' id='word_1_288' title='bbox 1283 3000 1397 3068; x_wconf 89' lang='lat' dir='ltr'>Musae,</span> <span class='ocrx_word' id='word_1_289' title='bbox 1421 2999 1549 3059; x_wconf 90' lang='lat' dir='ltr'>similem</span> <span class='ocrx_word' id='word_1_290' title='bbox 1569 2997 1642 3060; x_wconf 74' lang='lat' dir='ltr'>suis</span> 
     </span>
     <span class='ocr_line' id='line_1_28' title="bbox 334 3100 1610 3178; baseline -0.003 -17"><span class='ocrx_word' id='word_1_291' title='bbox 334 3104 426 3164; x_wconf 81' lang='lat' dir='ltr'>eflicit</span> <span class='ocrx_word' id='word_1_292' title='bbox 449 3102 594 3171; x_wconf 91' lang='lat' dir='ltr'>dativum,</span> <span class='ocrx_word' id='word_1_293' title='bbox 619 3110 648 3162; x_wconf 87' lang='lat' dir='ltr'>et</span> <span class='ocrx_word' id='word_1_294' title='bbox 671 3104 869 3161; x_wconf 89' lang='lat' dir='ltr'>accusativum</span> <span class='ocrx_word' id='word_1_295' title='bbox 891 3103 921 3161; x_wconf 92' lang='lat' dir='ltr'>in</span> <span class='ocrx_word' id='word_1_296' title='bbox 945 3120 992 3161; x_wconf 92' lang='lat' dir='ltr'>am</span> <span class='ocrx_word' id='word_1_297' title='bbox 1013 3104 1106 3178; x_wconf 89' lang='lat' dir='ltr'>cogit,</span> <span class='ocrx_word' id='word_1_298' title='bbox 1131 3109 1163 3161; x_wconf 91' lang='lat' dir='ltr'>ut</span> <span class='ocrx_word' id='word_1_299' title='bbox 1185 3103 1253 3161; x_wconf 85' lang='lat' dir='ltr'>lruic</span> <span class='ocrx_word' id='word_1_300' title='bbox 1275 3101 1375 3161; x_wconf 84' lang='lat' dir='ltr'>Musae</span> <span class='ocrx_word' id='word_1_301' title='bbox 1397 3100 1474 3161; x_wconf 90' lang='lat' dir='ltr'>banc</span> <span class='ocrx_word' id='word_1_302' title='bbox 1496 3100 1610 3159; x_wconf 89' lang='lat' dir='ltr'>Musam.</span> 
     </span>
     <span class='ocr_line' id='line_1_29' title="bbox 336 3202 1611 3274; baseline -0.003 -10"><span class='ocrx_word' id='word_1_303' title='bbox 336 3205 390 3264; x_wconf 88' lang='lat' dir='ltr'>hoc</span> <span class='ocrx_word' id='word_1_304' title='bbox 419 3223 485 3264; x_wconf 92' lang='lat' dir='ltr'>cum</span> <span class='ocrx_word' id='word_1_305' title='bbox 514 3207 588 3274; x_wconf 89' lang='lat' dir='ltr'>erit,</span> <span class='ocrx_word' id='word_1_306' title='bbox 617 3223 675 3264; x_wconf 91' lang='lat' dir='ltr'>non</span> <span class='ocrx_word' id='word_1_307' title='bbox 705 3204 799 3265; x_wconf 90' lang='lat' dir='ltr'>selum</span> <span class='ocrx_word' id='word_1_308' title='bbox 828 3204 991 3271; x_wconf 87' lang='lat' dir='ltr'>vocativus,</span> <span class='ocrx_word' id='word_1_309' title='bbox 1020 3202 1073 3263; x_wconf 89' lang='lat' dir='ltr'>sed</span> <span class='ocrx_word' id='word_1_310' title='bbox 1100 3212 1131 3262; x_wconf 91' lang='lat' dir='ltr'>et</span> <span class='ocrx_word' id='word_1_311' title='bbox 1158 3203 1303 3263; x_wconf 84' lang='lat' dir='ltr'>ablativus</span> <span class='ocrx_word' id='word_1_312' title='bbox 1329 3205 1503 3265; x_wconf 84' lang='lat' dir='ltr'>nominativi</span> <span class='ocrx_word' id='word_1_313' title='bbox 1532 3210 1611 3261; x_wconf 87' lang='lat' dir='ltr'>emat</span> 
     </span>
     <span class='ocr_line' id='line_1_30' title="bbox 317 3303 1613 3384; baseline -0.005 -19"><span class='ocrx_word' id='word_1_314' title='bbox 317 3307 464 3375; x_wconf 84' lang='lat' dir='ltr'>similes,</span> <span class='ocrx_word' id='word_1_315' title='bbox 494 3315 526 3366; x_wconf 95' lang='lat' dir='ltr'>ut</span> <span class='ocrx_word' id='word_1_316' title='bbox 554 3326 571 3365; x_wconf 88' lang='grc' dir='ltr'>ο</span> <span class='ocrx_word' id='word_1_317' title='bbox 599 3306 680 3367; x_wconf 89' lang='lat' dir='ltr'>Musa</span> <span class='ocrx_word' id='word_1_318' title='bbox 709 3314 738 3365; x_wconf 91' lang='lat' dir='ltr'>et</span> <span class='ocrx_word' id='word_1_319' title='bbox 766 3303 803 3365; x_wconf 88' lang='lat' dir='ltr'>ab</span> <span class='ocrx_word' id='word_1_320' title='bbox 831 3305 886 3367; x_wconf 91' lang='lat' dir='ltr'>bac</span> <span class='ocrx_word' id='word_1_321' title='bbox 913 3305 1006 3365; x_wconf 89' lang='lat' dir='ltr'>Musa.</span> <span class='ocrx_word' id='word_1_322' title='bbox 1050 3313 1137 3383; x_wconf 90' lang='lat' dir='ltr'>atque</span> <span class='ocrx_word' id='word_1_323' title='bbox 1165 3306 1213 3366; x_wconf 90' lang='lat' dir='ltr'>bis</span> <span class='ocrx_word' id='word_1_324' title='bbox 1239 3304 1359 3384; x_wconf 90' lang='lat' dir='ltr'>quidem</span> <span class='ocrx_word' id='word_1_325' title='bbox 1386 3304 1485 3365; x_wconf 89' lang='lat' dir='ltr'>tribus</span> <span class='ocrx_word' id='word_1_326' title='bbox 1508 3303 1613 3381; x_wconf 85' lang='lat' dir='ltr'>regulis</span> 
     </span>
     <span class='ocr_line' id='line_1_31' title="bbox 335 3406 1614 3487; baseline -0.003 -20"><span class='ocrx_word' id='word_1_327' title='bbox 335 3410 430 3468; x_wconf 84' lang='lat' dir='ltr'>uronis</span> <span class='ocrx_word' id='word_1_328' title='bbox 453 3426 546 3487; x_wconf 90' lang='lat' dir='ltr'>paene</span> <span class='ocrx_word' id='word_1_329' title='bbox 569 3410 721 3469; x_wconf 90' lang='lat' dir='ltr'>neminum</span> <span class='ocrx_word' id='word_1_330' title='bbox 744 3406 902 3466; x_wconf 87' lang='lat' dir='ltr'>rutrltitudo</span> <span class='ocrx_word' id='word_1_331' title='bbox 924 3407 1121 3467; x_wconf 90' lang='lat' dir='ltr'>concluditur.</span> <span class='ocrx_word' id='word_1_332' title='bbox 1165 3408 1219 3467; x_wconf 90' lang='lat' dir='ltr'>sed</span> <span class='ocrx_word' id='word_1_333' title='bbox 1240 3407 1384 3487; x_wconf 88' lang='lat' dir='ltr'>quaedam</span> <span class='ocrx_word' id='word_1_334' title='bbox 1407 3415 1492 3467; x_wconf 81' lang='lat' dir='ltr'>extra</span> <span class='ocrx_word' id='word_1_335' title='bbox 1514 3406 1565 3465; x_wconf 89' lang='lat' dir='ltr'>bas</span> <span class='ocrx_word' id='word_1_336' title='bbox 1586 3406 1614 3463; x_wconf 93' lang='lat' dir='ltr'>in</span> 
     </span>
     <span class='ocr_line' id='line_1_32' title="bbox 335 3508 1717 3592; baseline -0.001 -23"><span class='ocrx_word' id='word_1_337' title='bbox 335 3512 438 3589; x_wconf 90' lang='lat' dir='ltr'>paucis</span> <span class='ocrx_word' id='word_1_338' title='bbox 466 3509 622 3570; x_wconf 89' lang='lat' dir='ltr'>admodum</span> <span class='ocrx_word' id='word_1_339' title='bbox 652 3508 821 3569; x_wconf 88' lang='lat' dir='ltr'>numinibus</span> <span class='ocrx_word' id='word_1_340' title='bbox 849 3509 938 3567; x_wconf 91' lang='lat' dir='ltr'>aliter</span> <span class='ocrx_word' id='word_1_341' title='bbox 960 3512 1113 3579; x_wconf 91' lang='lat' dir='ltr'>eveniunt,</span> <span class='ocrx_word' id='word_1_342' title='bbox 1137 3528 1213 3588; x_wconf 91' lang='lat' dir='ltr'>quae</span> <span class='ocrx_word' id='word_1_343' title='bbox 1236 3518 1265 3568; x_wconf 87' lang='lat' dir='ltr'>et</span> <span class='ocrx_word' id='word_1_344' title='bbox 1287 3511 1352 3588; x_wconf 92' lang='lat' dir='ltr'>ipsa</span> <span class='ocrx_word' id='word_1_345' title='bbox 1375 3510 1508 3569; x_wconf 87' lang='lat' dir='ltr'>breviter</span> <span class='ocrx_word' id='word_1_346' title='bbox 1530 3509 1645 3567; x_wconf 75' lang='lat' dir='ltr'>attin-so</span> <span class='ocrx_word' id='word_1_347' title='bbox 1716 3587 1717 3592; x_wconf 8' lang='grc' dir='ltr'>η</span> 
     </span>
     <span class='ocr_line' id='line_1_33' title="bbox 335 3611 1613 3691; baseline -0.002 -20"><span class='ocrx_word' id='word_1_348' title='bbox 335 3630 447 3689; x_wconf 85' lang='lat' dir='ltr'>gemus.</span> <span class='ocrx_word' id='word_1_349' title='bbox 485 3611 539 3671; x_wconf 90' lang='lat' dir='ltr'>bae</span> <span class='ocrx_word' id='word_1_350' title='bbox 562 3619 632 3672; x_wconf 87' lang='lat' dir='ltr'>sunt</span> <span class='ocrx_word' id='word_1_351' title='bbox 653 3618 791 3691; x_wconf 87' lang='lat' dir='ltr'>quattuor</span> <span class='ocrx_word' id='word_1_352' title='bbox 812 3618 926 3671; x_wconf 89' lang='lat' dir='ltr'>tautum</span> <span class='ocrx_word' id='word_1_353' title='bbox 949 3611 1036 3671; x_wconf 80' lang='lat' dir='ltr'>niodo</span> <span class='ocrx_word' id='word_1_354' title='bbox 1056 3613 1179 3671; x_wconf 81' lang='lat' dir='ltr'>formae.</span> <span class='ocrx_word' id='word_1_355' title='bbox 1217 3614 1313 3690; x_wconf 92' lang='lat' dir='ltr'>prima</span> <span class='ocrx_word' id='word_1_356' title='bbox 1335 3620 1383 3671; x_wconf 89' lang='lat' dir='ltr'>est</span> <span class='ocrx_word' id='word_1_357' title='bbox 1403 3614 1489 3671; x_wconf 90' lang='lat' dir='ltr'>cuius</span> <span class='ocrx_word' id='word_1_358' title='bbox 1510 3612 1613 3687; x_wconf 86' lang='lat' dir='ltr'>geniti·</span> 
     </span>
     <span class='ocr_line' id='line_1_34' title="bbox 337 3706 1613 3793; baseline 0 -21"><span class='ocrx_word' id='word_1_359' title='bbox 337 3732 389 3773; x_wconf 91' lang='lat' dir='ltr'>vus</span> <span class='ocrx_word' id='word_1_360' title='bbox 411 3716 441 3773; x_wconf 93' lang='lat' dir='ltr'>in</span> <span class='ocrx_word' id='word_1_361' title='bbox 464 3732 500 3772; x_wconf 91' lang='lat' dir='ltr'>us</span> <span class='ocrx_word' id='word_1_362' title='bbox 520 3714 695 3793; x_wconf 88' lang='lat' dir='ltr'>productam</span> <span class='ocrx_word' id='word_1_363' title='bbox 718 3706 792 3783; x_wconf 80' lang='lat' dir='ltr'>cxit&#39;,</span> <span class='ocrx_word' id='word_1_364' title='bbox 811 3721 854 3773; x_wconf 87' lang='grc' dir='ltr'>Ιιιι</span> <span class='ocrx_word' id='word_1_365' title='bbox 881 3712 971 3773; x_wconf 89' lang='lat' dir='ltr'>buius</span> <span class='ocrx_word' id='word_1_366' title='bbox 992 3714 1105 3773; x_wconf 89' lang='lat' dir='ltr'>vultus:</span> <span class='ocrx_word' id='word_1_367' title='bbox 1136 3715 1185 3774; x_wconf 89' lang='lat' dir='ltr'>bic</span> <span class='ocrx_word' id='word_1_368' title='bbox 1212 3714 1342 3773; x_wconf 90' lang='lat' dir='ltr'>dativum</span> <span class='ocrx_word' id='word_1_369' title='bbox 1365 3714 1526 3774; x_wconf 83' lang='lat' dir='ltr'>inflexione</span> <span class='ocrx_word' id='word_1_370' title='bbox 1547 3732 1613 3793; x_wconf 87' lang='lat' dir='ltr'>qua·</span> 
     </span>
     <span class='ocr_line' id='line_1_35' title="bbox 337 3815 1615 3895; baseline -0.003 -18"><span class='ocrx_word' id='word_1_371' title='bbox 337 3816 404 3877; x_wconf 90' lang='lat' dir='ltr'>dam</span> <span class='ocrx_word' id='word_1_372' title='bbox 426 3824 543 3895; x_wconf 86' lang='lat' dir='ltr'>torquet</span> <span class='ocrx_word' id='word_1_373' title='bbox 565 3818 597 3876; x_wconf 92' lang='lat' dir='ltr'>iu</span> <span class='ocrx_word' id='word_1_374' title='bbox 620 3819 664 3885; x_wconf 92' lang='lat' dir='ltr'>ui,</span> <span class='ocrx_word' id='word_1_375' title='bbox 695 3824 726 3875; x_wconf 94' lang='lat' dir='ltr'>ut</span> <span class='ocrx_word' id='word_1_376' title='bbox 753 3816 822 3875; x_wconf 84' lang='lat' dir='ltr'>lruic</span> <span class='ocrx_word' id='word_1_377' title='bbox 851 3817 958 3886; x_wconf 88' lang='lat' dir='ltr'>vultui;</span> <span class='ocrx_word' id='word_1_378' title='bbox 987 3819 1186 3877; x_wconf 88' lang='lat' dir='ltr'>accusativum</span> <span class='ocrx_word' id='word_1_379' title='bbox 1215 3818 1246 3875; x_wconf 92' lang='lat' dir='ltr'>in</span> <span class='ocrx_word' id='word_1_380' title='bbox 1274 3834 1323 3875; x_wconf 92' lang='lat' dir='ltr'>um</span> <span class='ocrx_word' id='word_1_381' title='bbox 1349 3816 1456 3884; x_wconf 91' lang='lat' dir='ltr'>mittit,</span> <span class='ocrx_word' id='word_1_382' title='bbox 1487 3822 1521 3875; x_wconf 91' lang='lat' dir='ltr'>ut</span> <span class='ocrx_word' id='word_1_383' title='bbox 1542 3815 1615 3874; x_wconf 91' lang='lat' dir='ltr'>bunc</span> 
     </span>
     <span class='ocr_line' id='line_1_36' title="bbox 336 3903 1614 3996; baseline -0.002 -19"><span class='ocrx_word' id='word_1_384' title='bbox 336 3903 464 3989; x_wconf 89' lang='lat' dir='ltr'>vultum;</span> <span class='ocrx_word' id='word_1_385' title='bbox 488 3916 649 3979; x_wconf 90' lang='lat' dir='ltr'>ablativum</span> <span class='ocrx_word' id='word_1_386' title='bbox 671 3920 702 3978; x_wconf 91' lang='lat' dir='ltr'>in</span> <span class='ocrx_word' id='word_1_387' title='bbox 724 3937 744 3977; x_wconf 96' lang='lat' dir='ltr'>u</span> <span class='ocrx_word' id='word_1_388' title='bbox 766 3919 858 3994; x_wconf 88' lang='lat' dir='ltr'>cogit,</span> <span class='ocrx_word' id='word_1_389' title='bbox 884 3925 914 3977; x_wconf 94' lang='lat' dir='ltr'>ut</span> <span class='ocrx_word' id='word_1_390' title='bbox 937 3917 975 3977; x_wconf 90' lang='lat' dir='ltr'>ab</span> <span class='ocrx_word' id='word_1_391' title='bbox 996 3918 1052 3978; x_wconf 89' lang='lat' dir='ltr'>lroc</span> <span class='ocrx_word' id='word_1_392' title='bbox 1074 3918 1165 3978; x_wconf 91' lang='lat' dir='ltr'>vultu.</span> <span class='ocrx_word' id='word_1_393' title='bbox 1209 3918 1339 3978; x_wconf 90' lang='lat' dir='ltr'>secunda</span> <span class='ocrx_word' id='word_1_394' title='bbox 1360 3926 1407 3977; x_wconf 87' lang='lat' dir='ltr'>est</span> <span class='ocrx_word' id='word_1_395' title='bbox 1428 3934 1505 3996; x_wconf 89' lang='lat' dir='ltr'>quae</span> <span class='ocrx_word' id='word_1_396' title='bbox 1527 3917 1614 3978; x_wconf 88' lang='lat' dir='ltr'>simili</span> 
     </span>
    </p>
   </div>
   <div class='ocr_carea' id='block_1_3' title="bbox 336 4222 1712 4919">
    <p class='ocr_par' dir='ltr' id='par_1_4' title="bbox 336 4222 1712 4919">
     <span class='ocr_line' id='line_1_37' title="bbox 408 4222 1618 4291; baseline -0.003 -16"><span class='ocrx_word' id='word_1_397' title='bbox 408 4226 421 4275; x_wconf 95' lang='lat'>1</span> <span class='ocrx_word' id='word_1_398' title='bbox 441 4226 465 4273; x_wconf 90' lang='lat' dir='ltr'>in</span> <span class='ocrx_word' id='word_1_399' title='bbox 484 4224 541 4289; x_wconf 86' lang='lat' dir='ltr'>ipso</span> <span class='ocrx_word' id='word_1_400' title='bbox 555 4224 605 4273; x_wconf 87' lang='lat' dir='ltr'>lloe</span> <span class='ocrx_word' id='word_1_401' title='bbox 623 4224 781 4272; x_wconf 84' lang='lat' dir='ltr'>consentiunt</span> <span class='ocrx_word' id='word_1_402' title='bbox 798 4230 826 4272; x_wconf 93' lang='lat' dir='ltr'>ut</span> <span class='ocrx_word' id='word_1_403' title='bbox 843 4238 922 4287; x_wconf 83' lang='lat' dir='ltr'>gener</span> <span class='ocrx_word' id='word_1_404' title='bbox 940 4224 1007 4273; x_wconf 89' lang='lat' dir='ltr'>celer</span> <span class='ocrx_word' id='word_1_405' title='bbox 1022 4225 1125 4291; x_wconf 84' lang='lat' dir='ltr'>generis</span> <span class='ocrx_word' id='word_1_406' title='bbox 1144 4233 1169 4273; x_wconf 87' lang='lat' dir='ltr'>et</span> <span class='ocrx_word' id='word_1_407' title='bbox 1187 4232 1213 4273; x_wconf 91' lang='lat' dir='ltr'>et</span> <span class='ocrx_word' id='word_1_408' title='bbox 1232 4224 1322 4273; x_wconf 82' lang='lat' dir='ltr'>ceteris</span> <span class='ocrx_word' id='word_1_409' title='bbox 1341 4222 1438 4273; x_wconf 77' lang='lat' dir='ltr'>iaciunt</span> <span class='ocrx_word' id='word_1_410' title='bbox 1451 4226 1512 4274; x_wconf 87' lang='lat' dir='ltr'>item</span> <span class='ocrx_word' id='word_1_411' title='bbox 1530 4223 1618 4273; x_wconf 80' lang='lat' dir='ltr'>desen·</span> 
     </span>
     <span class='ocr_line' id='line_1_38' title="bbox 336 4292 1618 4359; baseline -0.002 -16"><span class='ocrx_word' id='word_1_412' title='bbox 336 4296 400 4344; x_wconf 88' lang='lat' dir='ltr'>tiuot</span> <span class='ocrx_word' id='word_1_413' title='bbox 414 4295 503 4343; x_wconf 88' lang='lat' dir='ltr'>mulier</span> <span class='ocrx_word' id='word_1_414' title='bbox 522 4302 577 4343; x_wconf 90' lang='lat' dir='ltr'>uter</span> <span class='ocrx_word' id='word_1_415' title='bbox 590 4294 703 4343; x_wconf 90' lang='lat' dir='ltr'>mulieris</span> <span class='ocrx_word' id='word_1_416' title='bbox 722 4295 784 4343; x_wconf 88' lang='lat' dir='ltr'>utris</span> <span class='ocrx_word' id='word_1_417' title='bbox 803 4293 898 4342; x_wconf 85' lang='lat' dir='ltr'>loeium</span> <span class='ocrx_word' id='word_1_418' title='bbox 911 4294 941 4342; x_wconf 91' lang='lat' dir='ltr'><em>M</em></span> <span class='ocrx_word' id='word_1_419' title='bbox 1006 4294 1122 4345; x_wconf 71' lang='lat' dir='ltr'>deicere</span> <span class='ocrx_word' id='word_1_420' title='bbox 1141 4295 1264 4343; x_wconf 84' lang='lat' dir='ltr'>ciceronis</span> <span class='ocrx_word' id='word_1_421' title='bbox 1279 4308 1449 4359; x_wconf 82' lang='lat' dir='ltr'>agamemnon</span> <span class='ocrx_word' id='word_1_422' title='bbox 1467 4299 1550 4355; x_wconf 69' lang='lat' dir='ltr'>(corr,</span> <span class='ocrx_word' id='word_1_423' title='bbox 1563 4292 1618 4356; x_wconf 54' lang='grc' dir='ltr'>ιιι)</span> 
     </span>
     <span class='ocr_line' id='line_1_39' title="bbox 337 4361 1573 4431; baseline 0 -18"><span class='ocrx_word' id='word_1_424' title='bbox 337 4364 530 4430; x_wconf 77' lang='lat' dir='ltr'>agamemnonis</span> <span class='ocrx_word' id='word_1_425' title='bbox 549 4364 625 4413; x_wconf 87' lang='lat' dir='ltr'>carbo</span> <span class='ocrx_word' id='word_1_426' title='bbox 644 4365 759 4413; x_wconf 78' lang='lat' dir='ltr'>carbonis</span> <span class='ocrx_word' id='word_1_427' title='bbox 778 4378 833 4411; x_wconf 87' lang='lat' dir='ltr'>cum</span> <span class='ocrx_word' id='word_1_428' title='bbox 854 4363 886 4410; x_wconf 88' lang='lat' dir='ltr'><em>M</em></span> <span class='ocrx_word' id='word_1_429' title='bbox 901 4364 984 4413; x_wconf 90' lang='lat' dir='ltr'>cicero</span> <span class='ocrx_word' id='word_1_430' title='bbox 1002 4365 1123 4415; x_wconf 83' lang='lat' dir='ltr'>ciceronis</span> <span class='ocrx_word' id='word_1_431' title='bbox 1137 4378 1194 4413; x_wconf 86' lang='lat' dir='ltr'>cum</span> <span class='ocrx_word' id='word_1_432' title='bbox 1212 4361 1269 4413; x_wconf 82' lang='lat' dir='ltr'>BL</span> <span class='ocrx_word' id='word_1_433' title='bbox 1319 4366 1335 4413; x_wconf 84' lang='grc'><strong>4</strong></span> <span class='ocrx_word' id='word_1_434' title='bbox 1350 4362 1393 4431; x_wconf 87' lang='lat' dir='ltr'>sit]</span> <span class='ocrx_word' id='word_1_435' title='bbox 1415 4364 1466 4413; x_wconf 86' lang='lat' dir='ltr'>sint</span> <span class='ocrx_word' id='word_1_436' title='bbox 1477 4364 1544 4414; x_wconf 83' lang='grc' dir='ltr'>ΒΜ</span> <span class='ocrx_word' id='word_1_437' title='bbox 1549 4364 1573 4413; x_wconf 73' lang='lat' dir='ltr'><em>h</em></span> 
     </span>
     <span class='ocr_line' id='line_1_40' title="bbox 338 4432 1576 4501; baseline -0.002 -18"><span class='ocrx_word' id='word_1_438' title='bbox 338 4432 517 4501; x_wconf 85' lang='lat' dir='ltr'>tum]ton&#39;1M</span> <span class='ocrx_word' id='word_1_439' title='bbox 586 4433 661 4496; x_wconf 79' lang='lat' dir='ltr'>bqtti</span> <span class='ocrx_word' id='word_1_440' title='bbox 678 4449 709 4481; x_wconf 89' lang='lat' dir='ltr'>ex</span> <span class='ocrx_word' id='word_1_441' title='bbox 723 4432 856 4483; x_wconf 84' lang='lat' dir='ltr'>duodecim</span> <span class='ocrx_word' id='word_1_442' title='bbox 872 4432 904 4482; x_wconf 94' lang='lat' dir='ltr'><em>M</em></span> <span class='ocrx_word' id='word_1_443' title='bbox 971 4434 1148 4500; x_wconf 83' lang='lat' dir='ltr'>deomplexus</span> <span class='ocrx_word' id='word_1_444' title='bbox 1166 4440 1225 4483; x_wconf 90' lang='lat' dir='ltr'>sunt</span> <span class='ocrx_word' id='word_1_445' title='bbox 1241 4447 1299 4482; x_wconf 86' lang='lat' dir='ltr'>eum</span> <span class='ocrx_word' id='word_1_446' title='bbox 1318 4448 1365 4498; x_wconf 86' lang='lat' dir='ltr'>pro</span> <span class='ocrx_word' id='word_1_447' title='bbox 1384 4434 1505 4497; x_wconf 88' lang='lat' dir='ltr'>loquendi</span> <span class='ocrx_word' id='word_1_448' title='bbox 1519 4434 1576 4486; x_wconf 79' lang='lat' dir='ltr'>Bb</span> 
     </span>
     <span class='ocr_line' id='line_1_41' title="bbox 338 4494 1712 4568; baseline -0.001 -15"><span class='ocrx_word' id='word_1_449' title='bbox 338 4506 509 4555; x_wconf 82' lang='lat' dir='ltr'>&#39;lnoscuntur</span> <span class='ocrx_word' id='word_1_450' title='bbox 527 4502 559 4553; x_wconf 90' lang='lat' dir='ltr'><em>M</em></span> <span class='ocrx_word' id='word_1_451' title='bbox 625 4500 729 4568; x_wconf 81' lang='lat' dir='ltr'>bquia]</span> <span class='ocrx_word' id='word_1_452' title='bbox 752 4518 815 4565; x_wconf 88' lang='lat' dir='ltr'>quae</span> <span class='ocrx_word' id='word_1_453' title='bbox 833 4502 858 4551; x_wconf 79' lang='lat' dir='ltr'>n</span> <span class='ocrx_word' id='word_1_454' title='bbox 928 4504 960 4553; x_wconf 89' lang='lat'>10</span> <span class='ocrx_word' id='word_1_455' title='bbox 978 4505 1124 4554; x_wconf 78' lang='lat' dir='ltr'>ordinentur</span> <span class='ocrx_word' id='word_1_456' title='bbox 1139 4504 1194 4553; x_wconf 87' lang='lat' dir='ltr'>BL</span> <span class='ocrx_word' id='word_1_457' title='bbox 1211 4503 1340 4553; x_wconf 83' lang='lat' dir='ltr'>ordiemur</span> <span class='ocrx_word' id='word_1_458' title='bbox 1352 4500 1494 4555; x_wconf 79' lang='lat' dir='ltr'>Sicbardus</span> <span class='ocrx_word' id='word_1_459' title='bbox 1566 4504 1619 4568; x_wconf 81' lang='lat' dir='ltr'>ipse</span> <span class='ocrx_word' id='word_1_460' title='bbox 1707 4494 1712 4507; x_wconf 86' lang='lat'>&#39;</span> 
     </span>
     <span class='ocr_line' id='line_1_42' title="bbox 339 4570 1619 4635; baseline -0.002 -12"><span class='ocrx_word' id='word_1_461' title='bbox 339 4591 371 4623; x_wconf 86' lang='lat' dir='ltr'>ex</span> <span class='ocrx_word' id='word_1_462' title='bbox 389 4582 478 4625; x_wconf 84' lang='lat' dir='ltr'>natura</span> <span class='ocrx_word' id='word_1_463' title='bbox 497 4575 529 4623; x_wconf 92' lang='lat' dir='ltr'><em>M</em></span> <span class='ocrx_word' id='word_1_464' title='bbox 582 4574 611 4622; x_wconf 97' lang='lat' dir='ltr'>ll</span> <span class='ocrx_word' id='word_1_465' title='bbox 630 4572 737 4621; x_wconf 84' lang='lat' dir='ltr'>alicuius</span> <span class='ocrx_word' id='word_1_466' title='bbox 754 4570 895 4623; x_wconf 80' lang='lat' dir='ltr'>Siclmrdus</span> <span class='ocrx_word' id='word_1_467' title='bbox 932 4572 977 4623; x_wconf 81' lang='grc'>’13</span> <span class='ocrx_word' id='word_1_468' title='bbox 995 4574 1148 4634; x_wconf 78' lang='lat' dir='ltr'>bueconem</span> <span class='ocrx_word' id='word_1_469' title='bbox 1174 4572 1204 4635; x_wconf 82' lang='lat' dir='ltr'>(lr</span> <span class='ocrx_word' id='word_1_470' title='bbox 1221 4587 1296 4622; x_wconf 79' lang='lat' dir='ltr'>casus</span> <span class='ocrx_word' id='word_1_471' title='bbox 1312 4574 1414 4629; x_wconf 71' lang='lat' dir='ltr'>como</span> <span class='ocrx_word' id='word_1_472' title='bbox 1431 4574 1619 4633; x_wconf 70' lang='lat' dir='ltr'>aususblsim</span> 
     </span>
     <span class='ocr_line' id='line_1_43' title="bbox 339 4642 1620 4707; baseline 0 -15"><span class='ocrx_word' id='word_1_473' title='bbox 339 4644 422 4693; x_wconf 85' lang='lat' dir='ltr'>dicere</span> <span class='ocrx_word' id='word_1_474' title='bbox 440 4646 522 4694; x_wconf 86' lang='lat' dir='ltr'>omnis</span> <span class='ocrx_word' id='word_1_475' title='bbox 541 4642 597 4692; x_wconf 83' lang='lat' dir='ltr'>BL</span> <span class='ocrx_word' id='word_1_476' title='bbox 653 4658 710 4693; x_wconf 88' lang='lat' dir='ltr'>sum</span> <span class='ocrx_word' id='word_1_477' title='bbox 731 4642 760 4690; x_wconf 89' lang='lat' dir='ltr'><em>M</em></span> <span class='ocrx_word' id='word_1_478' title='bbox 824 4644 856 4693; x_wconf 81' lang='lat'>15</span> <span class='ocrx_word' id='word_1_479' title='bbox 874 4643 1030 4706; x_wconf 87' lang='lat' dir='ltr'>perllexiene</span> <span class='ocrx_word' id='word_1_480' title='bbox 1049 4646 1074 4695; x_wconf 91' lang='lat' dir='ltr'><em>B</em></span> <span class='ocrx_word' id='word_1_481' title='bbox 1125 4642 1158 4695; x_wconf 77' lang='lat'>16</span> <span class='ocrx_word' id='word_1_482' title='bbox 1174 4644 1323 4692; x_wconf 83' lang='lat' dir='ltr'>terminatur</span> <span class='ocrx_word' id='word_1_483' title='bbox 1345 4643 1376 4691; x_wconf 91' lang='lat' dir='ltr'><em>M</em></span> <span class='ocrx_word' id='word_1_484' title='bbox 1425 4643 1460 4695; x_wconf 77' lang='lat'>20</span> <span class='ocrx_word' id='word_1_485' title='bbox 1476 4654 1620 4707; x_wconf 79' lang='lat' dir='ltr'>correptam</span> 
     </span>
     <span class='ocr_line' id='line_1_44' title="bbox 339 4711 1555 4779; baseline 0 -16"><span class='ocrx_word' id='word_1_486' title='bbox 339 4728 385 4767; x_wconf 85' lang='lat' dir='ltr'>orn.</span> <span class='ocrx_word' id='word_1_487' title='bbox 405 4714 460 4765; x_wconf 86' lang='lat' dir='ltr'>BL</span> <span class='ocrx_word' id='word_1_488' title='bbox 548 4713 623 4778; x_wconf 88' lang='lat' dir='ltr'>ipsud</span> <span class='ocrx_word' id='word_1_489' title='bbox 642 4714 673 4762; x_wconf 95' lang='lat' dir='ltr'><em>M</em></span> <span class='ocrx_word' id='word_1_490' title='bbox 758 4712 791 4761; x_wconf 76' lang='lat'>25</span> <span class='ocrx_word' id='word_1_491' title='bbox 808 4728 838 4761; x_wconf 91' lang='lat' dir='ltr'>ae</span> <span class='ocrx_word' id='word_1_492' title='bbox 857 4712 890 4761; x_wconf 90' lang='lat' dir='ltr'>sit</span> <span class='ocrx_word' id='word_1_493' title='bbox 907 4711 988 4774; x_wconf 83' lang='lat' dir='ltr'>(corr.</span> <span class='ocrx_word' id='word_1_494' title='bbox 1007 4713 1048 4777; x_wconf 85' lang='lat' dir='ltr'>lit)</span> <span class='ocrx_word' id='word_1_495' title='bbox 1065 4715 1212 4764; x_wconf 74' lang='lat' dir='ltr'>terminatus</span> <span class='ocrx_word' id='word_1_496' title='bbox 1231 4713 1265 4761; x_wconf 88' lang='lat' dir='ltr'><em>M</em></span> <span class='ocrx_word' id='word_1_497' title='bbox 1348 4713 1470 4779; x_wconf 79' lang='lat' dir='ltr'>&#39;2600get</span> <span class='ocrx_word' id='word_1_498' title='bbox 1489 4714 1555 4763; x_wconf 83' lang='lat' dir='ltr'>ML</span> 
     </span>
     <span class='ocr_line' id='line_1_45' title="bbox 340 4780 1620 4849; baseline -0.002 -18"><span class='ocrx_word' id='word_1_499' title='bbox 340 4784 374 4832; x_wconf 79' lang='lat'>29</span> <span class='ocrx_word' id='word_1_500' title='bbox 392 4792 463 4833; x_wconf 86' lang='lat' dir='ltr'>extra</span> <span class='ocrx_word' id='word_1_501' title='bbox 483 4782 531 4831; x_wconf 84' lang='lat' dir='ltr'>hac</span> <span class='ocrx_word' id='word_1_502' title='bbox 544 4783 569 4831; x_wconf 87' lang='lat' dir='ltr'><em>B</em></span> <span class='ocrx_word' id='word_1_503' title='bbox 589 4790 660 4831; x_wconf 83' lang='lat' dir='ltr'>extra</span> <span class='ocrx_word' id='word_1_504' title='bbox 677 4782 738 4831; x_wconf 84' lang='lat' dir='ltr'>boec</span> <span class='ocrx_word' id='word_1_505' title='bbox 755 4782 785 4829; x_wconf 95' lang='lat' dir='ltr'><em>M</em></span> <span class='ocrx_word' id='word_1_506' title='bbox 803 4791 889 4831; x_wconf 86' lang='lat' dir='ltr'>centra</span> <span class='ocrx_word' id='word_1_507' title='bbox 905 4783 967 4831; x_wconf 86' lang='lat' dir='ltr'>baec</span> <span class='ocrx_word' id='word_1_508' title='bbox 986 4783 1009 4832; x_wconf 83' lang='lat' dir='ltr'><em>L</em></span> <span class='ocrx_word' id='word_1_509' title='bbox 1078 4784 1112 4836; x_wconf 76' lang='lat'>33</span> <span class='ocrx_word' id='word_1_510' title='bbox 1128 4785 1154 4835; x_wconf 91' lang='lat' dir='ltr'>in</span> <span class='ocrx_word' id='word_1_511' title='bbox 1173 4780 1209 4849; x_wconf 93' lang='lat' dir='ltr'>ui]</span> <span class='ocrx_word' id='word_1_512' title='bbox 1231 4784 1256 4831; x_wconf 90' lang='lat' dir='ltr'>io</span> <span class='ocrx_word' id='word_1_513' title='bbox 1274 4785 1282 4831; x_wconf 92' lang='lat' dir='ltr'>i</span> <span class='ocrx_word' id='word_1_514' title='bbox 1302 4784 1333 4833; x_wconf 87' lang='lat' dir='ltr'><em>M</em></span> <span class='ocrx_word' id='word_1_515' title='bbox 1402 4784 1437 4834; x_wconf 76' lang='grc'>31</span> <span class='ocrx_word' id='word_1_516' title='bbox 1451 4799 1520 4846; x_wconf 83' lang='lat' dir='ltr'>quae</span> <span class='ocrx_word' id='word_1_517' title='bbox 1533 4785 1620 4847; x_wconf 83' lang='lat' dir='ltr'>singu-</span> 
     </span>
     <span class='ocr_line' id='line_1_46' title="bbox 343 4850 1558 4919; baseline 0.002 -18"><span class='ocrx_word' id='word_1_518' title='bbox 343 4852 419 4902; x_wconf 83' lang='lat' dir='ltr'>larem</span> <span class='ocrx_word' id='word_1_519' title='bbox 437 4854 576 4919; x_wconf 85' lang='lat' dir='ltr'>genitiuum</span> <span class='ocrx_word' id='word_1_520' title='bbox 596 4862 619 4901; x_wconf 86' lang='lat' dir='ltr'>et</span> <span class='ocrx_word' id='word_1_521' title='bbox 638 4850 749 4902; x_wconf 74' lang='lat' dir='ltr'>datiuum</span> <span class='ocrx_word' id='word_1_522' title='bbox 769 4866 817 4902; x_wconf 89' lang='lat' dir='ltr'>nen</span> <span class='ocrx_word' id='word_1_523' title='bbox 836 4854 861 4901; x_wconf 89' lang='lat' dir='ltr'>in</span> <span class='ocrx_word' id='word_1_524' title='bbox 876 4852 885 4899; x_wconf 91' lang='lat' dir='ltr'>i</span> <span class='ocrx_word' id='word_1_525' title='bbox 901 4862 1000 4919; x_wconf 84' lang='lat' dir='ltr'>torquet</span> <span class='ocrx_word' id='word_1_526' title='bbox 1017 4854 1062 4903; x_wconf 88' lang='lat' dir='ltr'>sed</span> <span class='ocrx_word' id='word_1_527' title='bbox 1081 4854 1193 4903; x_wconf 80' lang='lat' dir='ltr'>ultimam</span> <span class='ocrx_word' id='word_1_528' title='bbox 1212 4865 1391 4903; x_wconf 85' lang='lat' dir='ltr'>consonantem</span> <span class='ocrx_word' id='word_1_529' title='bbox 1405 4853 1507 4904; x_wconf 81' lang='lat' dir='ltr'>irsudat</span> <span class='ocrx_word' id='word_1_530' title='bbox 1525 4854 1558 4904; x_wconf 87' lang='lat' dir='ltr'><em>M</em></span> 
     </span>
    </p>
   </div>
   <div class='ocr_carea' id='block_1_4' title="bbox 0 0 1782 5600">
    <p class='ocr_par' dir='ltr' id='par_1_5' title="bbox 0 0 1782 5600">
     <span class='ocr_line' id='line_1_47' title="bbox 0 0 1782 5600; baseline 0 0"><span class='ocrx_word' id='word_1_531' title='bbox 0 0 1782 5600; x_wconf 95' lang='lat' dir='ltr'> </span> 
     </span>
    </p>
   </div>
  </div>
 </body>
</html>
