3525 5600
754 405 825 467 lits
1395 403 1436 470 31

1246 527 1267 568 p.
1282 515 1338 557 assa
1351 517 1377 558 sa
1390 513 1413 555 r.

150 595 320 670 tpttrttt:
348 591 380 654 hi
402 594 491 656 etiam
513 593 608 674 hippii
623 592 771 654 dicuntur.
794 625 838 638 -
866 591 1072 672 Συζυγίαι
1094 593 1233 656 dicuntur
1255 594 1345 656 latine
1368 605 1593 664 cota-3to,tt.tt

151 697 324 758 iunctiones.
349 730 390 740 -
417 694 602 775 Deinceps
630 693 710 756 alii:
739 712 864 774 quorum
894 696 1012 756 nomina
1035 697 1065 756 io
1088 713 1143 757 usu
1165 715 1226 758 non
1248 703 1325 758 sunt.
1370 715 1438 777 pro·

151 799 202 876 prii
218 797 312 876 pedes
326 806 396 861 sunt
410 796 537 859 xxvttt.
553 831 597 842 -
617 795 736 858 Pedes
757 804 948 875 quattuor:
974 795 1065 878 [ratio
1087 799 1260 860 varietatum
1283 797 1356 860 baec
1380 806 1438 860 est:
1452 809 1485 860 es

151 906 218 977 quot
238 900 398 961 varietates
420 900 547 974 luerint,
571 907 615 960 tot
637 907 667 960 et
687 897 780 979 pedes
801 907 884 967 sont,
915 900 982 976 quia
1005 917 1063 960 nna
1085 898 1196 979 syllaba
1219 899 1292 960 duas
1315 901 1439 962 varieta-

130 1010 192 1062 stes
213 1000 320 1072 habet,
344 1012 395 1062 aut
415 1000 513 1062 brevis
536 1009 582 1062 est
602 1008 656 1063 out
668 999 777 1081 longo]
793 1002 862 1081 quia
885 1000 961 1062 duae
984 999 1112 1081 syllabae
1128 1009 1269 1080 quattuor
1285 1004 1441 1064 varietates

148 1102 264 1172 babent,
289 1106 357 1183 qnia
380 1112 431 1166 aut
451 1103 558 1182 longae
579 1111 648 1164 sunt
663 1111 713 1164 aut
727 1102 842 1174 breves,
866 1110 917 1164 aut
939 1121 997 1165 una
1020 1102 1106 1183 longa
1124 1112 1153 1165 et
1176 1123 1234 1166 nna
1258 1102 1365 1174 brevis,
1391 1110 1441 1164 ant

150 1223 203 1266 una
226 1203 328 1267 brevis
355 1215 386 1268 et
413 1225 473 1268 una
500 1205 598 1285 longa.
642 1203 786 1286 trisyllabi
812 1204 943 1266 sedecim
966 1204 1056 1286 pedes
1077 1223 1132 1286 per
1154 1207 1310 1268 varietates
1332 1204 1441 1266 slmiles

149 1307 257 1369 iaciunt
273 1309 391 1378 ΧΧΧΙΙ,
416 1306 597 1389 tetrasyllabi
612 1308 763 1386 sexaginta
779 1314 810 1368 et
829 1314 969 1387 quattuor
989 1325 1058 1368 cum
1078 1301 1094 1391 ll
1112 1306 1271 1388 trisyllabis
1290 1307 1440 1387 geminati.

152 1441 186 1453 -
208 1408 282 1472 ldeo
305 1417 464 1492 excepto
486 1409 776 1490 amphibracho,
792 1412 932 1487 quoniam
948 1408 1178 1490 amphibrachus
1193 1418 1275 1472 caret
1288 1411 1441 1480 divisione,
1453 1424 1488 1472 ao

119 1512 214 1590 aquia
236 1529 291 1592 pes
313 1515 364 1592 qari
386 1511 471 1574 illum
487 1512 650 1582 antecedit,
674 1511 902 1592 amphimacrus,
926 1513 1056 1592 quinquo
1078 1521 1212 1593 tempora
1229 1511 1363 1574 habetet
1384 1515 1440 1574 iste

151 1621 301 1692 quattuor,
324 1633 380 1676 nec
396 1614 517 1694 duplum
540 1621 585 1676 est
605 1633 660 1676 nec
676 1632 800 1694 aequum
817 1631 873 1675 oec
889 1613 1055 1694 sescuplum
1072 1633 1091 1670 a
1132 1613 1223 1688 tideo
1246 1615 1440 1695 epitritus,
1454 1629 1485 1678 31

150 1718 205 1776 sive
218 1717 289 1796 quia
306 1723 430 1796 septena
445 1725 594 1797 tempora;
617 1725 648 1778 et
668 1735 798 1798 paeones
819 1717 924 1796 quina,
948 1715 1076 1796 ideoque
1098 1717 1214 1794 integra
1236 1715 1341 1778 divisio
1363 1717 1441 1778 inter

150 1822 242 1900 ipsos,
272 1837 331 1879 nee
356 1817 445 1900 dupla
467 1817 520 1880 sed
542 1817 679 1898 sescupla
701 1836 767 1879 esse
789 1826 900 1897 potest,
925 1819 993 1896 quia
1015 1818 1105 1880 semis
1128 1819 1227 1878 minus
1249 1823 1303 1880 est.
1341 1836 1440 1880 sescu-

150 1922 228 2002 plum
250 1923 332 1982 enirn
354 1927 400 1982 est
421 1919 574 1982 dimidium
597 1919 636 1982 de
657 1920 755 2000 duplo.
770 1953 812 1964 —
834 1921 937 1982 Enim
960 1938 1073 2000 aequa
1096 1918 1233 1982 divisio
1256 1927 1323 1981 est:
1348 1937 1441 1998 aequa

118 2041 140 2081 rs
151 2023 251 2085 divisio
274 2040 368 2084 unarm
391 2029 421 2084 et
443 2040 546 2092 unum,
570 2022 628 2084 duo
651 2030 681 2083 et
702 2022 775 2091 duo;
798 2020 889 2102 dupla
911 2039 1002 2083 unum
1018 2030 1048 2082 et
1069 2019 1138 2096 duo,
1162 2019 1221 2083 duo
1243 2029 1274 2084 et
1295 2029 1441 2103 quattuor.
1455 2037 1488 2086 aa

151 2133 287 2206 quattuor
302 2132 334 2186 et
353 2132 435 2194 octo;
461 2123 563 2205 [tripla
579 2123 622 2206 et]
639 2124 776 2204 sescupla
792 2126 849 2186 tria
872 2131 902 2184 et
923 2123 981 2185 duo
1003 2131 1054 2184 aut
1076 2121 1135 2184 duo
1158 2131 1188 2184 et
1210 2125 1275 2185 tria.
1306 2125 1442 2205 quotiens

149 2247 204 2290 une
225 2247 299 2307 pars
321 2226 584 2309 alteram-partem
606 2226 765 2289 medietate
786 2227 880 2306 partis
903 2227 1007 2296 vincit,
1031 2233 1102 2288 tunc
1124 2225 1258 2307 sescupla
1281 2233 1338 2296 est,
1362 2234 1395 2288 ut
1410 2227 1441 2286 in

149 2329 321 2410 paeonibus.
348 2327 457 2410 [aequa
472 2327 630 2410 dactulica]
655 2327 887 2412 amphibrachus
902 2327 1011 2390 nullam
1034 2326 1071 2389 de
1093 2327 1189 2390 tribus
1211 2326 1300 2390 hahet
1322 2326 1441 2390 divisio·

150 2450 230 2499 nem,
254 2433 410 2511 quoniam,
432 2433 459 2492 si
480 2432 609 2493 mediam
631 2430 749 2509 longam
773 2429 809 2492 ad
831 2431 912 2492 arsin
935 2430 1059 2501 adicias,
1083 2437 1145 2492 tres
1167 2437 1256 2492 erunt
1277 2432 1308 2491 in
1330 2432 1389 2492 arsi
1413 2438 1442 2492 et

117 2551 205 2594 nona
226 2535 260 2593 in
275 2533 367 2601 thesi;
392 2535 418 2595 si
438 2533 475 2596 ad
494 2533 769 2604 thesinadbibeas,
793 2551 886 2595 unum
915 2535 973 2594 erit
996 2531 1115 2614 [unum]
1139 2542 1255 2614 tempos
1277 2533 1307 2593 in
1331 2534 1389 2594 arsl
1412 2539 1442 2592 et

149 2636 202 2696 tria
224 2638 257 2696 io
278 2635 372 2706 thesi,
400 2655 476 2716 quiae
502 2656 552 2699 res
579 2655 636 2698 nec
662 2653 786 2716 aequam
813 2653 868 2698 nec
891 2634 1010 2715 duplam
1032 2651 1089 2696 nec
1109 2634 1274 2714 sescuplam
1296 2635 1442 2714 signiticat

150 2738 333 2801 divisionem.
362 2737 499 2801 similiter
521 2747 551 2801 et
573 2739 684 2819 epitriti
707 2745 847 2817 quattuor
866 2773 908 2782 -
924 2737 1031 2798 lletri
1046 2735 1159 2818 pedes
1175 2736 1350 2817 legitimi:
1377 2735 1486 2819 [quito

149 2850 215 2901 sunt
232 2836 241 2925 1
260 2839 420 2910 naturales,
442 2842 474 2902 ln
496 2840 618 2903 heroico
640 2841 797 2921 spondius;
821 2840 905 2902 ootbi
927 2842 1104 2920 degeneres,
1127 2846 1161 2901 ut
1183 2842 1208 2903 si
1231 2840 1311 2903 dicas
1333 2840 1441 2902 nothus

150 2940 184 3003 de
204 2951 292 3023 patre
314 2942 408 3003 nobili
429 2950 459 3005 et
480 2950 575 3005 matre
596 2942 745 3026 ignobili]
776 2942 903 3023 legitimi
925 2952 993 3005 sont
1015 2943 1154 3025 spondei,
1179 2945 1245 3023 quia
1268 2942 1356 3023 primi
1384 2943 1440 3023 ipsi

117 3046 260 3105 sinrenti
285 3051 354 3105 sunt
381 3050 409 3105 et
437 3062 473 3105 ex
499 3045 571 3125 ipsis
599 3045 648 3107 alii
675 3046 743 3107 iacti
772 3047 854 3107 nothi
882 3044 1078 3127 [simplices];
1106 3044 1189 3107 nothi
1218 3043 1342 3113 deotolt,
1372 3044 1438 3124 quia

153 3146 243 3207 tracta
272 3146 384 3226 syllaba
411 3147 536 3227 spondei
557 3148 654 3209 taetus
675 3156 719 3208 est
741 3148 863 3217 nothus,
887 3146 957 3208 lude
979 3147 1114 3209 lacticius
1138 3145 1185 3227 [ut
1207 3144 1355 3224 Vergilius

306 3251 500 3329 supposita
523 3248 566 3310 de
588 3256 704 3312 matre
726 3249 860 3311 nothos
881 3250 1004 3311 iurata
1026 3248 1200 3329 creavit}

645 3436 695 3499 uu
715 3436 946 3499 adeuntibus

231 3557 379 3617 docentus
408 3556 517 3619 dicitur
543 3558 673 3637 partium
701 3556 852 3618 orationis.
904 3556 973 3637 quid
1001 3558 1092 3637 igitur
1118 3564 1257 3619 accentus
1284 3556 1539 3628 ciconiariam

118 3676 139 3716 aa
150 3664 179 3717 et
198 3659 262 3718 toni
276 3658 417 3720 dicuntur
440 3666 470 3720 et
491 3667 620 3721 tenores.
652 3666 757 3721 scotus
771 3660 822 3739 qni
837 3662 948 3721 cursim
970 3660 1132 3739 prolertur,
1156 3668 1189 3722 ut
1203 3659 1295 3732 huna,
1313 3678 1437 3723 excusso

216 3880 278 3934 Coei.
296 3880 379 3935 bem.
397 3880 420 3928 V
438 3879 526 3935 3-4.
617 3880 630 3932 1
656 3880 777 3931 dicuntur
797 3880 875 3931 latine
898 3880 981 3945 (corr.
1009 3881 1082 3945 naa)
1105 3884 1296 3934 coniunctiones
1320 3883 1438 3934 dicuntur

66 3954 71 3964 '
149 3947 269 4023 deitpeps
339 3948 448 4017 dhaes]
470 3950 518 4001 hoe
586 3947 692 4015 iquos]
709 3965 759 4015 qno
829 3948 899 4016 suant]
915 3953 967 4003 sint
1035 3952 1162 4003 bhabent
1232 3963 1275 4005 aut
1294 3953 1371 4019 longa
1389 3968 1435 4007 om.

214 4021 392 4086 itreasyllabi
409 4036 477 4072 cerr.
496 4020 623 4088 trisyllabi
692 4019 833 4089 SXXXll]
855 4020 949 4073 xxxu
1021 4023 1209 4076 9smbbrseho
1268 4022 1437 4074 arnbbrsehus

216 4091 379 4141 smbnrscms
450 4089 481 4141 il
501 4106 547 4141 nec
565 4106 653 4142 aecum
671 4106 717 4141 nee
734 4091 898 4159 sexseuplnm
969 4092 1001 4144 la
1030 4090 1100 4159 quia]
1124 4109 1173 4159 qus
1242 4094 1334 4157 ideque
1405 4091 1437 4143 ta

151 4161 312 4228 ucsuoenpla
330 4177 398 4213 sorr.
419 4162 466 4211 sed
482 4162 599 4229 sescupla
670 4162 703 4213 14
723 4163 791 4211 enim
808 4176 824 4212 s
842 4178 893 4227 qua
910 4162 1006 4213 diuisio
1078 4162 1111 4215 tt
1130 4164 1288 4215 medietatem
1307 4170 1379 4229 parte
1392 4201 1398 4213 .
1412 4163 1434 4209 is

218 4232 250 4282 li
269 4230 440 4283 smbbrschns
457 4231 528 4282 nulla
599 4232 632 4284 19
649 4232 682 4281 ad
700 4232 765 4282 arsis
836 4233 940 4283 adibeas
1009 4232 1045 4284 20
1065 4234 1092 4283 ln
1115 4234 1184 4285 arsin
1204 4242 1227 4284 et
1246 4235 1293 4283 tria
1311 4234 1336 4282 in
1355 4232 1435 4283 thesin

213 4302 246 4351 21
267 4316 315 4351 nec
332 4301 439 4367 duptam
458 4318 505 4352 nec
529 4298 677 4368 sescuplum
747 4310 771 4351 et
789 4304 883 4369 epitriti
902 4313 927 4353 et
946 4310 1065 4367 quattuor
1133 4303 1166 4356 23
1185 4304 1259 4355 matri
1330 4300 1364 4355 ab
1380 4316 1437 4353 ora·

149 4368 232 4438 tionis]
258 4382 388 4422 oratorum
458 4373 520 4435 qnid
538 4374 617 4438 igitur
633 4372 712 4425 edidit
725 4374 875 4435 Ρυιεοήὶια,
893 4373 951 4439 mihi
972 4390 1029 4426 esee
1050 4374 1182 4425 uidebatur
1199 4374 1334 4439 quidicitur
1403 4370 1438 4423 30

150 4454 247 4490 careum
319 4456 391 4493 anns
408 4450 434 4493 et
452 4458 523 4495 roms
539 4444 672 4495 menese
689 4451 832 4494 accerume

215 4632 232 4682 7
248 4632 364 4696 sortasse
376 4642 428 4684 tres
444 4632 558 4699 syllabae
574 4641 640 4695 octo,
654 4642 773 4697 quattuor
787 4632 901 4699 syllabae
913 4634 1026 4685 sedecim
1042 4634 1121 4701 pedes
1137 4647 1182 4698 per
1195 4634 1329 4684 varietates
1341 4630 1438 4683 similes

153 4698 253 4756 leeinnt.
291 4705 340 4753 aed
360 4710 499 4766 praeterea
516 4704 549 4754 de
574 4705 732 4766 eapostooae
751 4705 841 4766 pedum
866 4704 1012 4767 duplicium,
1037 4704 1073 4754 nd
1097 4718 1171 4769 quam
1187 4706 1285 4771 reliquo
1302 4705 1437 4769 pertinent,

152 4774 272 4834 gesem
287 4774 417 4825 eeddt'see
432 4788 535 4826 neeesse
552 4780 591 4825 eat
662 4774 951 4840 temporetempore
970 4774 1044 4824 habet
1062 4783 1088 4824 et
1106 4788 1216 4839 paeones
1234 4772 1375 4827 Potecdim.
1395 4782 1439 4823 eut

153 4849 205 4890 sate
222 4842 283 4892 ideo
298 4851 343 4893 east
356 4852 417 4907 post
433 4852 547 4909 tempora
564 4844 686 4909 paoem
700 4844 732 4894 de
749 4844 894 4907 definitione
907 4846 1063 4911 epitritorum
1079 4843 1335 4895 conducentem
1403 4845 1438 4892 ao

153 4908 290 4979 Vergilius]
306 4913 372 4965 Aea.
387 4914 434 4965 Vll
447 4914 499 4967 283
550 4912 585 4966 ²9
600 4914 715 4979 seruate
727 4924 847 4968 accentus
862 4916 956 4967 dicitur
970 4916 1043 4983 qnasi
1059 4914 1182 4967 adcantus
1194 4914 1303 4983 partium
1316 4914 1437 4967 orationis
