3525 5600
347 396 411 458 638
907 393 1085 457 iitffltolvit

373 518 395 557 p.
409 507 497 548 150-52
513 505 539 542 v.

432 586 525 646 Omne
547 585 640 661 igitur
663 584 864 654 indicativum,
890 593 920 644 ut
936 585 994 645 iam
1011 585 1149 663 superius
1171 585 1304 652 diximus,
1328 584 1359 644 id
1374 591 1419 643 est
1434 602 1518 642 omne
1534 583 1624 643 theon

346 688 429 748 verbi
457 686 560 756 latini,
588 687 720 765 quinque
748 686 796 746 his
823 687 933 747 litteris
961 688 1152 756 terminatur,
1181 705 1198 744 o
1220 705 1236 746 r
1258 705 1287 746 m
1309 694 1321 746 t
1343 688 1368 756 i;
1397 686 1449 746 sed
1477 693 1544 744 oet
1565 705 1580 744 r
1599 687 1624 745 in

343 791 391 851 his
419 807 494 869 quae
523 787 577 846 suh
606 788 738 864 regulam
767 790 970 868 proportionis
998 789 1120 858 cadunt,
1149 807 1178 848 m
1201 795 1213 848 t
1234 790 1245 847 i
1269 791 1298 848 in
1326 788 1373 848 his
1398 805 1473 867 quae
1502 788 1624 847 anomala

303 943 307 959 .
343 895 404 952 sive
428 892 572 950 defectiva
595 898 672 950 sunt.
710 898 740 950 et
754 910 784 951 m
799 891 919 970 quidem
943 893 1100 951 terminata
1124 891 1196 951 haec
1211 893 1274 950 sere
1291 891 1491 968 reperiuntur,
1514 908 1625 967 possum

343 1002 428 1074 potes
449 1000 558 1073 potest,
581 1009 647 1080 sum
670 1011 703 1050 es
724 1000 779 1062 est,
803 1011 936 1072 quaeque
960 991 965 1075 Ι
989 1012 1025 1054 ex
1049 1012 1083 1052 eo
1113 999 1334 1071 conponuntur,
1364 999 1396 1050 ut
1423 991 1525 1051 adsum
1547 997 1647 1070 prae-⁵

344 1114 409 1156 sum
438 1095 543 1154 desum
571 1111 692 1173 prosum
714 1096 812 1154 insum
835 1094 974 1199 subsupm
998 1103 1010 1155 t
1032 1103 1112 1162 vero,
1135 1095 1226 1173 pudet
1255 1096 1336 1173 piget
1357 1093 1458 1154 taedet
1478 1094 1545 1153 lieet
1567 1113 1628 1172 par-

343 1201 418 1258 nitet
440 1199 564 1256 miseret
585 1194 681 1274 placet
703 1196 790 1256 decet
811 1205 943 1276 oportet;
966 1200 985 1266 i,
1006 1203 1043 1256 ut
1065 1196 1113 1256 odi
1136 1199 1258 1257 memini
1281 1198 1356 1264 novi,
1381 1195 1460 1274 quod
1484 1213 1539 1255 non
1561 1195 1626 1254 nulli

213 1322 323 1371 erm
342 1300 499 1380 praeteriti
528 1298 655 1378 perfecti
684 1315 748 1357 esse
777 1301 949 1359 existimant
976 1319 991 1358 a
1021 1297 1150 1358 themate
1179 1317 1276 1358 nosco.
1321 1299 1478 1377 quaeritur
1500 1304 1626 1356 autema

344 1421 402 1462 non
425 1400 526 1469 nullis,
550 1399 682 1460 otinalis
704 1401 865 1462 verborum
888 1409 1025 1480 correpta
1048 1419 1085 1460 an
1108 1399 1251 1479 producta
1274 1399 1427 1460 habeatur.
1474 1409 1504 1459 et
1525 1407 1630 1459 constat

316 1560 319 1564 .
344 1511 481 1564 auctores
501 1509 661 1580 utrumque
682 1503 800 1572 iecisse,
823 1504 854 1562 id
877 1511 923 1562 est
944 1511 1004 1562 tarn
1019 1503 1200 1581 corripuisse
1215 1520 1302 1582 ipram
1321 1501 1507 1582 produxisse,
1520 1521 1583 1560 nec
1603 1502 1628 1560 in
1640 1521 1658 1554 o

281 1601 284 1609 '
343 1607 388 1666 iris
416 1612 531 1664 tantum
560 1603 647 1662 rnedo
674 1622 749 1683 quae
776 1607 807 1664 in
836 1603 935 1664 verbis
958 1606 1165 1684 reperiuntur,
1195 1604 1247 1664 sed
1271 1606 1302 1664 in
1325 1603 1464 1664 omnihus
1486 1621 1561 1682 quae
1583 1622 1629 1682 per

343 1714 458 1767 ceteras
480 1722 598 1785 quoque
622 1712 722 1782 partes
744 1709 888 1766 orationis
910 1707 1111 1766 inveniuntur.
1156 1705 1303 1783 Vergilius
1325 1715 1425 1766 tamen
1448 1725 1485 1766 ex
1501 1707 1630 1765 confesso

343 1807 500 1869 etinalem
523 1809 555 1866 in
578 1824 637 1866 uno
659 1807 760 1878 verbo,
785 1826 844 1868 une
867 1806 1024 1877 adverbio,
1054 1827 1112 1868 uno
1134 1811 1268 1877 nomine,
1292 1826 1350 1868 uno
1372 1811 1549 1886 pronomine
1571 1825 1629 1867 cor·

344 1912 473 1990 ripuisse
494 1915 684 1978 monstratur,
708 1910 822 1970 ‘narie
844 1913 937 1978 scio,
961 1908 1046 1988 quid
1070 1913 1119 1970 sit
1141 1912 1273 1978 amor’,

493 2029 562 2071 nec
583 2009 694 2088 longo
717 2012 860 2072 distant
881 2030 1011 2081 eursu,
1034 2011 1138 2072 morlo
1161 2011 1332 2090 luppiter
1355 2011 1469 2080 adsit,
1644 2029 1660 2064 c

343 2119 391 2175 ‘si
419 2114 488 2173 aluo
515 2120 716 2192 praeterea
745 2113 840 2174 tales
868 2113 977 2174 Idaea
1005 2122 1025 2177 t.
1050 2120 1070 2172 t.
1095 2115 1150 2182 v.’,
1179 2119 1268 2172 ‘non
1297 2131 1363 2190 ego
1397 2113 1480 2174 dum
1503 2113 1633 2173 Danais

343 2217 540 2278 Troianam
568 2214 751 2275 excidere
779 2233 808 2292 g.
833 2215 865 2274 t.
895 2217 933 2274 i.'
979 2215 1110 2292 singulae
1140 2232 1256 2295 quoque
1284 2218 1510 2292 coniugationes
1542 2221 1633 2274 certas

343 2317 379 2380 ori
400 2316 552 2378 vocalibus
580 2323 648 2376 ante
671 2337 689 2375 o
711 2315 828 2377 smalem
851 2319 1016 2396 recipiunt;
1045 2323 1075 2376 et
1104 2319 1199 2396 prima
1226 2317 1345 2396 quidem
1368 2337 1384 2376 e
1407 2319 1417 2377 i
1441 2336 1474 2385 u,
1505 2327 1537 2377 ut
1560 2335 1631 2376 com·

342 2439 410 2480 meo
432 2437 589 2487 commeas,
613 2417 692 2479 lanio
714 2418 818 2488 lanias,
842 2419 952 2478 ssuctuo
979 2419 1117 2490 liuctuas;
1140 2418 1269 2478 secunda
1285 2437 1356 2478 vero
1372 2439 1388 2478 e
1404 2419 1526 2480 tandum
1542 2419 1631 2480 modo.

343 2524 409 2582 sine
432 2540 489 2601 qua
512 2538 672 2600 numquam
695 2532 756 2590 est,
786 2522 838 2582 secl
867 2540 986 2600 semper
1009 2539 1074 2580 eam
1098 2528 1165 2581 ante
1195 2539 1213 2580 o
1236 2539 1357 2580 necesse
1380 2531 1427 2581 est
1448 2520 1557 2582 habeat
1580 2531 1662 2579 ter-n

343 2622 496 2691 minalem‚
526 2630 558 2682 ut
585 2623 675 2682 serleo
703 2623 809 2693 sedem
833 2625 922 2682 tertia
949 2631 1088 2702 correpta
1115 2625 1126 2682 i
1149 2630 1178 2682 et
1200 2641 1236 2691 u,
1268 2631 1302 2681 ut
1331 2626 1417 2702 rapio
1439 2625 1535 2702 rapis,
1566 2641 1631 2682 aruo

343 2726 439 2794 acuis,
469 2741 562 2803 arguo
584 2727 700 2803 arguis3
728 2726 817 2785 tertia
839 2743 910 2785 vero
933 2725 1075 2805 producta
1105 2727 1251 2784 itantum
1274 2724 1373 2792 modo,
1409 2744 1484 2805 quae
1513 2728 1630 2805 etipsa.

293 2814 298 2827 ⁴
343 2831 422 2889 sicut
442 2826 581 2895 secunda,
605 2836 797 2920 memoratam
819 2828 948 2888 vocalem
971 2847 988 2886 o
1011 2831 1200 2888 novissimam
1222 2845 1343 2887 necesse
1360 2836 1405 2887 est
1428 2828 1535 2888 haheat
1557 2838 1631 2887 antr-

343 2931 507 2991 cedentem.
553 2929 608 2989 hae
638 2932 718 2990 enim
741 2948 859 3008 semper
882 2932 912 2989 in
936 2930 1141 3007 paenultimis‚
1166 2929 1304 2997 alterni,
1335 2929 1427 2989 altera
1451 2948 1467 2989 e
1490 2928 1633 2989 vocativo<

343 3032 516 3111 praemissis
544 3030 640 3091 orodis
662 3031 800 3092 omnibus
827 3034 971 3092 finiuntur
993 3050 1049 3091 nec
1076 3031 1165 3092 villam
1193 3034 1314 3091 omuino
1341 3050 1376 3091 ex
1407 3030 1632 3091 consonantibus
1643 3044 1661 3081 a

346 3134 513 3201 admittunt,
545 3133 623 3211 (puori
645 3136 742 3212 prima
764 3142 794 3193 et
816 3136 904 3193 tertia
927 3112 1064 3212 correpta
1087 3134 1223 3192 lecerunt
1245 3136 1354 3211 passim
1377 3150 1471 3212 prope
1494 3135 1632 3192 universis

346 3238 484 3314 receptis
502 3242 535 3294 ut
549 3234 616 3294 labo
631 3234 721 3304 tabas,
739 3254 808 3295 seeo
830 3254 922 3305 secas,
939 3234 1053 3305 dedas,
1077 3252 1149 3311 roge
1164 3252 1258 3312 rogas,
1284 3235 1346 3295 volo
1362 3234 1452 3304 volas,
1469 3254 1533 3295 amo
1548 3254 1631 3295 amas.

345 3357 417 3398 sano
430 3354 526 3405 sanas,
544 3354 634 3416 crepo
646 3355 760 3416 crepas.
774 3356 826 3397 aro
838 3355 914 3406 aras,
931 3354 1039 3417 ‹puasso
1052 3355 1183 3416 quassas,
1201 3337 1254 3397 lito
1270 3336 1352 3407 litam
1368 3338 1439 3397 item
1457 3335 1553 3397 lambo
1568 3336 1631 3395 lanr-

347 3440 401 3508 ivis,
418 3439 485 3499 dico
500 3439 586 3507 elicis,
603 3438 680 3499 adelo
695 3439 789 3507 addis,
805 3442 895 3518 pingo
911 3441 1020 3519 pingis,
1044 3438 1206 3509 minentis,
1231 3458 1315 3499 como
1330 3442 1433 3507 comis,
1458 3458 1531 3499 cano
1546 3441 1630 3499 canis.

345 3560 432 3619 serpo
460 3542 571 3617 serpis,
600 3548 666 3599 tero
697 3543 786 3611 teris,
814 3540 928 3601 lacesso
956 3540 1092 3609 lacessis,
1122 3550 1211 3620 quate
1238 3544 1345 3621 quatis,
1391 3543 1579 3620 excipiuntur
1604 3543 1655 3599 inv

347 3644 435 3701 tertia
457 3640 601 3719 producta
623 3660 699 3720 quae
722 3662 780 3702 non
801 3642 880 3703 ised
897 3662 912 3702 e
930 3642 1058 3702 vocalem
1080 3641 1192 3701 habent
1212 3643 1438 3743 puteeedentem
1462 3646 1525 3706 tria.
1555 3644 1631 3700 eois

346 3742 384 3813 it,
407 3762 485 3822 queo
506 3745 575 3821 quis
597 3745 677 3823 quit,
702 3763 794 3804 veneo
816 3748 901 3805 venis
930 3746 1023 3813 venit,
1053 3752 1082 3805 et
1109 3764 1184 3825 quae
1214 3765 1248 3805 er
1277 3745 1325 3804 lris
1352 3751 1572 3824 conponuntur,
1604 3750 1627 3803 ut

346 3865 419 3905 exeo
441 3862 550 3924 praeeo
572 3864 700 3925 nequeo.

431 3947 524 4007 Omne
548 3950 647 4027 itaque
671 3948 794 4009 verbum
816 3948 896 4009 modi
919 3948 1072 4009 indicativi
1096 3952 1240 4027 temporis
1260 3949 1428 4028 praesentis
1451 3947 1528 4027 quod
1549 3966 1567 4005 o
1587 3946 1630 4005 lit·

345 4058 408 4109 tera
441 4051 618 4109 terminatur
645 4068 699 4109 nec
729 4050 906 4111 defectivum
935 4060 991 4123 est,
1023 4059 1056 4111 ut
1077 4052 1140 4111 lero
1164 4052 1232 4120 iers,
1255 4066 1390 4129 quaeque
1414 4068 1449 4109 ex
1473 4048 1508 4109 eo
1529 4066 1657 4127 canpe-e·

345 4157 470 4220 nuntur,
501 4150 629 4211 secunda
658 4168 784 4229 persona
812 4154 844 4212 in
872 4171 887 4211 s
914 4152 1043 4213 litteram
1072 4154 1141 4221 exit,
1171 4170 1223 4211 sua
1247 4152 1390 4231 cuiusque
1413 4148 1628 4229 conlingationis

348 4251 544 4331 praecedente
573 4252 681 4321 vocali,
711 4272 791 4313 amas
821 4272 924 4314 mones
953 4254 1029 4332 legis
1057 4253 1154 4323 avidis,
1190 4253 1352 4332 eademque
1387 4272 1401 4311 s
1433 4251 1531 4313 littera
1563 4254 1588 4310 in
1618 4260 1625 4307 t

275 4380 282 4389 ·
345 4371 488 4414 conversa
510 4356 543 4414 tit
565 4357 653 4415 tertia
675 4374 812 4434 persona,
836 4365 868 4416 ut
890 4364 969 4417 amat
991 4366 1090 4417 monet
1112 4356 1185 4433 legit
1207 4356 1297 4415 audit.
1340 4357 1472 4433 itemque
1495 4373 1529 4413 ev
1550 4352 1625 4411 tertia

346 4453 490 4532 singulari
519 4458 646 4534 primam
676 4476 833 4536 personam
861 4460 978 4519 numeri
1007 4438 1131 4537 pluralis
1159 4458 1293 4517 efficiunt
1314 4457 1433 4536 dempta
1457 4464 1469 4515 t
1490 4456 1581 4516 littera
1600 4462 1624 4510 et

415 4678 611 4727 aterminamur
624 4677 648 4725 B
718 4680 749 4726 14
768 4676 843 4743 nunc]
860 4678 939 4743 Verp.
952 4679 1031 4730 bucol.
1045 4680 1070 4737 8,
1084 4680 1117 4729 ta
1188 4680 1219 4729 15
1232 4675 1289 4742 nec]
1306 4678 1384 4742 Ver-p.
1398 4680 1465 4727 Aen.
1479 4674 1510 4725 lll
1525 4676 1568 4724 116

348 4746 379 4795 16
391 4741 426 4810 ci]
444 4746 521 4809 Verp.
536 4746 602 4797 Aen.
616 4746 652 4794 Xl
664 4748 715 4796 28⁶
783 4745 912 4796 hidaenB
981 4744 1041 4811 non]
1059 4746 1340 4809 Verp.Aen.llll425
1410 4746 1535 4808 ilsserepe
1547 4756 1622 4805 crepes

346 4820 403 4875 port
421 4814 478 4862 lites
494 4813 569 4863 lubet
581 4813 606 4861 B
675 4818 708 4863 30
726 4814 822 4863 lacesso
835 4815 940 4865 lacessis
953 4816 994 4865 ed.
1012 4815 1089 4865 Vinci.
1104 4814 1186 4864 lacero
1200 4814 1296 4863 lacesso
1309 4812 1335 4862 B
1405 4814 1490 4876 quatio
1503 4812 1541 4860 ed„
1556 4810 1620 4859 ΒΜ.

415 4884 445 4928 :vt
459 4880 569 4930 habeant
581 4881 605 4929 Β
674 4884 707 4931 35
720 4894 756 4931 est
770 4900 815 4933 orn.
830 4883 854 4931 Β
924 4899 954 4931 rx
969 4879 1008 4946 oo]
1024 4900 1070 4933 exe
1084 4881 1109 4929 Β
1178 4884 1210 4932 36
1224 4882 1304 4929 littere
1321 4880 1343 4929 Β
