3525 5600
643 425 881 490 eonuuurvm
1349 420 1411 488 241
1470 513 1473 516 ⁴

1228 545 1250 587 p.
1263 533 1353 576 eae-n
1365 532 1382 574 e

149 629 248 702 temptat
266 616 379 679 Probus
401 623 515 678 mutare
538 616 594 676 hoc
617 616 723 695 ipsum,
748 621 780 676 ut
802 614 882 675 dicas
903 613 969 674 iero
985 613 1049 684 tuli,
1072 613 1124 674 sed
1140 613 1166 674 si
1180 612 1245 674 iero
1264 613 1318 676 tuli
1333 614 1412 686 iacit,

147 724 202 786 tollo
220 705 290 802 quid¹
303 719 395 781 habes
417 718 534 780 dicere?
557 737 615 798 quo
638 715 727 779 modo
750 718 806 778 erit
828 717 1022 796 praeteritum
1046 716 1179 796 tenvpnsi
1201 717 1252 777 sed
1275 718 1341 778 iero
1360 716 1412 777 de·

146 828 192 887 deit
209 823 360 906 praeterito
387 827 531 901 tempore.
577 838 648 898 ergo
676 825 721 879 tot
749 817 845 880 modis
871 817 962 880 verba
985 816 1139 888 deticiunt,
1168 826 1241 898 quot
1268 819 1413 881 sentilla

145 945 205 1008 quae
223 924 354 986 accidunt
376 922 484 984 verbis.
531 921 618 1002 plane
640 922 716 981 scire
740 919 882 982 debemus
905 921 993 981 etiam
1015 919 1216 1000 impersonalia
1238 921 1328 982 verba
1350 921 1412 1002 plc-

126 1045 249 1106 arumque
269 1026 404 1100 deiicere,
429 1032 554 1104 utputa
576 1022 677 1103 liquet.
724 1032 753 1084 et
775 1024 911 1084 novimus
932 1022 1123 1102 impersonale
1146 1021 1268 1086 verbum
1291 1021 1414 1085 cu'rrere

143 1151 187 1212 [ver
205 1148 300 1210 omnes
322 1128 437 1198 modos,
461 1127 568 1207 legitur
591 1125 706 1203 legatur
734 1127 846 1186 utinam
867 1123 1020 1203 legeretur
1048 1142 1115 1186 cum
1144 1124 1269 1204 legatur.
1313 1133 1413 1187 tamen

143 1233 310 1294 inveniuntur
332 1233 420 1292 etiam
444 1226 643 1309 impersonalia
666 1225 756 1288 verba
778 1245 854 1307 quae
877 1225 1026 1296 deficiunt,
1051 1235 1084 1288 ut
1098 1225 1203 1306 liquet:
1228 1245 1295 1288 nam
1310 1226 1412 1306 liquet,

143 1334 165 1394 id
184 1343 223 1394 est
241 1333 428 1394 manifestum
452 1339 504 1402 est,
528 1339 560 1393 ut
583 1337 629 1391 est
649 1327 737 1398 illud,
762 1328 900 1409 ‘liquet
926 1327 1014 1390 mibi
1036 1327 1297 1406 degenerare’.
1343 1331 1413 1390 item

142 1439 245 1496 miseret
265 1434 439 1495 defectivum
464 1441 522 1504 est,
546 1432 616 1493 licet
637 1429 824 1512 impersonale
846 1432 894 1492 sit.
920 1429 923 1505 s

117 1640 134 1676 „
639 1601 687 1664 ue
710 1569 898 1664 auvuunvo

210 1723 385 1786 adverbium
402 1730 458 1794 est,
475 1723 529 1793 ait,
551 1723 779 1803 persecutionis
795 1721 887 1791 dicta,
910 1723 1050 1799 quoniam
1065 1739 1185 1802 semper
1200 1724 1336 1803 sequitur
1352 1743 1416 1785 ver·
1429 1724 1487 1785 415,
1502 1723 1516 1771 7

141 1827 206 1887 bum.
227 1825 292 1888 ideo
307 1825 473 1908 appellatur
488 1823 677 1893 adverbium,
701 1841 759 1884 nou
776 1823 916 1906 quoniam
931 1822 1054 1885 verbum
1076 1824 1211 1904 sequitur
1233 1823 1415 1917 adverbium,
1428 1792 1488 1920 ᾗ,
1501 1794 1534 1909 ῖς

142 1928 327 2009 sedquoniam
351 1927 523 1990 adverbium
545 1928 678 2004 sequitur
701 1925 834 1988 verbum.
859 1943 928 1986 nam
951 1933 1048 2005 potest
1070 1943 1137 1987 esee
1159 1927 1282 1988 verbvun
1305 1936 1334 1988 et
1356 1947 1415 1990 mom

141 2049 192 2090 resse
212 2029 395 2098 adverbium
424 2049 440 2090 e
467 2030 619 2091 contrariu
648 2047 707 2088 non
734 2034 832 2106 potest
860 2044 926 2088 esse
954 2025 1127 2089 adverbium
1149 2029 1214 2090 sine
1236 2029 1337 2090 verbo.
1383 2042 1413 2092 ut

115 2133 330 2213 1:.putaquando
354 2130 420 2192 dico
444 2131 562 2192 ‘orator
585 2129 687 2200 iecit',
710 2128 797 2210 plena
821 2136 866 2190 est
889 2126 1031 2191 elocutio:
1066 2138 1166 2192 orator
1193 2149 1319 2203 nornen,
1348 2134 1416 2194 ierit

141 2233 244 2295 verbum
260 2241 320 2303 est;
346 2253 415 2294 ecce
430 2231 487 2293 boc
510 2231 575 2294 loco
599 2231 770 2294 adverbium
788 2250 846 2293 uon
864 2239 921 2302 est,
946 2238 976 2290 et
997 2238 1096 2294 tamen
1115 2231 1204 2314 plena
1220 2241 1266 2295 eet
1279 2234 1416 2296 elocutio.

142 2353 200 2413 ergo
213 2343 308 2416 potest
324 2353 389 2397 esse
404 2334 492 2415 plena
509 2333 646 2405 elocutio,
665 2333 714 2395 ubi
730 2338 767 2395 sit
783 2353 891 2396 nomeu
908 2343 938 2394 et
953 2333 1089 2404 verbum,
1107 2336 1222 2396 etiamsi
1237 2355 1297 2396 non
1312 2323 1350 2398 ait
1366 2337 1417 2396 ad·

141 2437 263 2499 verbium.
294 2457 310 2498 e
331 2439 482 2500 contrario
504 2435 555 2499 ubi
576 2445 622 2498 est
636 2435 821 2506 adverbium,
844 2455 904 2498 non
920 2443 989 2497 ante
1003 2443 1101 2517 potest
1116 2455 1183 2497 esee
1199 2436 1343 2510 elocutio,
1361 2441 1417 2500 nisi

140 2548 265 2620 sequatur
281 2539 414 2603 verbum.
438 2547 507 2620 puta
523 2544 637 2602 ‘orator
652 2542 746 2607 cras’;
764 2557 833 2600 ecce
849 2546 951 2601 orator
969 2557 1079 2601 nomen
1094 2549 1148 2611 est,
1164 2557 1232 2600 crae
1246 2538 1418 2602 adverbium

113 2650 185 2714 meet,
207 2650 239 2702 et·
257 2650 354 2704 tamen
370 2641 467 2705 adbuc
489 2642 599 2722 aliquid
616 2641 712 2712 deest,
738 2643 794 2702 nisi
811 2641 960 2703 addideris
974 2640 1107 2702 verbum.
1139 2659 1211 2721 ergo
1226 2641 1293 2703 ideo
1309 2641 1419 2705 dictum

140 2752 177 2805 est
195 2744 377 2814 adverbium,
408 2745 546 2825 quoniam
570 2761 629 2806 non
658 2750 756 2824 potest
784 2763 848 2807 esse
876 2744 941 2806 sine
969 2743 1068 2806 verbo.
1114 2746 1205 2826 nequi
1227 2743 1281 2807 tibi
1302 2744 1419 2808 dicate

139 2849 272 2910 corbario
293 2848 362 2909 ideo
386 2864 451 2909 esse
473 2847 611 2916 verbum,
636 2848 774 2928 qvvoniam
790 2844 963 2907 adverbium
980 2847 1125 2924 sequitur.
1157 2865 1229 2926 ergo
1245 2847 1417 2910 adverbium

140 2955 259 3028 estpars
280 2952 423 3011 orationis
446 2950 540 3019 dicta,
564 2950 703 3029 quoniam
727 2966 845 3029 semper
868 2951 1012 3029 sequitur·
1026 2947 1158 3011 verbum.
1184 2950 1187 3026 ἶ

209 3049 352 3113 ddverbia
385 3052 484 3113 omnia
518 3048 568 3114 aut
598 3070 614 3111 a
647 3070 678 3111 se
707 3052 856 3121 oriuntur,
884 3059 937 3136 ant
965 3049 1002 3112 ab
1029 3048 1095 3111 aliis
1120 3049 1255 3131 partibus
1288 3047 1417 3114 v'emiunt.
1432 3061 1491 3123 438,
1506 3064 1537 3111 re

111 3148 254 3229 uplurima
277 3161 346 3215 sunt
370 3151 505 3215 adverbia
523 3172 599 3233 quae
621 3151 795 3213 naturaliter
817 3172 832 3212 a
857 3171 890 3213 se
913 3160 980 3213 nata
1003 3160 1086 3224 sunt,
1108 3153 1236 3234 plurima
1259 3163 1329 3216 sunt
1344 3175 1419 3235 quae

140 3250 245 3314 aliunde
267 3257 413 3333 originem
437 3254 558 3316 ducunt.
604 3253 778 3317 naturaliter
801 3273 817 3313 a
839 3272 870 3314 se
894 3261 1056 3316 nascuntur
1077 3257 1136 3327 ita,
1160 3276 1242 3318 cras:
1277 3257 1419 3335 numquid

139 3352 215 3416 babet
242 3358 404 3435 originem,
435 3356 512 3419 unde
541 3358 656 3420 veniat?
693 3374 751 3417 non
780 3354 880 3416 habet.
925 3356 1014 3417 bodie
1043 3375 1113 3419 vero
1139 3358 1230 3419 babet
1262 3360 1418 3438 originem,

140 3457 208 3519 unde
229 3461 340 3529 veniat,
364 3456 454 3521 bodie
476 3460 560 3539 quasi
581 3458 638 3520 boc
661 3457 717 3519 die.
764 3456 851 3519 docte
879 3457 970 3519 babet
991 3460 1151 3538 originem,
1175 3460 1254 3522 unde
1276 3464 1419 3531 nascitur,

138 3556 230 3622 doctus
251 3562 336 3623 docte
366 3558 661 3643 [babet01·iginem].
693 3578 762 3639 ergo
786 3567 856 3622 sunt
875 3579 952 3641 (guae
974 3559 1092 3624 aliunde
1114 3564 1262 3641 originem
1285 3573 1416 3626 sumunt.
1461 3582 1465 3587 ·

113 3657 180 3721 ailla
207 3682 279 3741 quae
307 3682 323 3725 a
352 3682 384 3725 se
414 3664 559 3742 originem
588 3670 711 3725 sumunt
737 3682 796 3725 mon
824 3671 949 3743 possunt
976 3662 1088 3725 babere
1109 3665 1266 3726 rationem.
1310 3668 1419 3747 quare?

139 3765 197 3841 quia
226 3766 319 3844 prima
347 3766 431 3844 origo
459 3766 574 3826 ratione
602 3772 692 3827 caret.
736 3764 848 3827 idcirco
877 3763 1007 3845 syllabae
1035 3764 1079 3826 vel
1113 3768 1288 3829 naturaliter
1315 3768 1419 3846 longae

140 3862 176 3923 rel
197 3867 370 3929 naturaliter
392 3864 498 3929 breves
521 3874 623 3929 carent
638 3867 768 3937 ratione,
792 3866 932 3960 quoniam
953 3868 1050 3946 prima
1066 3868 1149 3946 origo
1164 3876 1218 3930 est.
1247 3888 1307 3931 non
1323 3877 1422 3949 potest

139 3966 325 4031 iurationem
353 3969 475 4040 cadere,
505 3970 563 4031 uisi
591 3966 671 4048 quod
697 3987 751 4048 per
780 3968 995 4029 derivationem
1017 3971 1062 4039 dt;
1086 3970 1165 4051 quod
1188 3979 1286 4033 autem
1308 3972 1419 4052 princi-

140 4068 211 4143 pium
234 4071 355 4149 originis
377 4080 420 4133 eet
443 4088 502 4131 uon
524 4059 615 4131 babet
636 4072 791 4132 rationem.
837 4088 909 4150 ergo
931 4070 1069 4134 adverbia
1091 4072 1140 4134 illa
1164 4091 1239 4152 quae
1260 4093 1276 4135 a
1299 4093 1332 4136 se
1353 4092 1420 4135 mas·

115 4178 238 4232 acuatur
264 4174 379 4235 ratione
407 4179 525 4242 carent,
554 4170 606 4233 sed
634 4181 722 4251 prout
744 4174 862 4233 inventa
885 4173 1010 4244 inerint,
1039 4176 1078 4236 ita
1100 4174 1194 4237 babes
1217 4175 1326 4238 dicere.
1371 4175 1420 4237 illa
1520 4195 1523 4204 ’

141 4288 203 4332 vero
230 4292 301 4353 quae
329 4273 449 4336 aliunde
485 4274 630 4353 originem
663 4283 798 4345 sumunt,
827 4275 901 4337 haec
929 4276 1078 4338 inertem
1108 4279 1236 4338 veniunt.
1282 4276 1421 4339 adverbia

156 4428 222 4434 -—-—
245 4430 393 4437 ------—-.

204 4510 338 4580 lProbns]
357 4515 447 4565 catbod
467 4530 494 4579 p.
511 4512 559 4574 39,
579 4513 604 4566 o.
625 4512 660 4576 cf.
680 4514 759 4566 Dima.
775 4528 803 4577 p.
822 4512 892 4579 372„
908 4516 934 4566 2.
952 4513 1018 4575 380,
1040 4516 1081 4570 ll.
1101 4516 1189 4580 praes.
1208 4520 1234 4568 in
1248 4532 1353 4583 gemam,
1370 4521 1419 4571 voi.

141 4576 170 4627 lV
184 4594 211 4642 p.
229 4582 295 4634 iiiiii
366 4584 533 4635 naturast]
600 4583 711 4649 aplane
729 4584 892 4650 BCaplene
910 4585 935 4635 Α
1005 4584 1202 4637 Bmaniieaturn
1221 4587 1422 4651 utilsortoeae

144 4648 294 4704 manileatum
313 4660 360 4713 eet,
380 4653 541 4721 impersonale
559 4662 606 4716 est,
627 4662 654 4703 ut
671 4666 710 4705 eat
728 4654 800 4705 illum
818 4655 899 4719 liquet
951 4651 1040 4721 liquet]
1065 4655 1166 4709 Terent.
1182 4655 1296 4709 Eunacd.
1308 4658 1330 4708 ll
1349 4656 1374 4720 3,
1387 4659 1423 4709 40

205 4722 355 4789 degenerare
369 4722 443 4774 BOa
463 4724 592 4790 denegare
612 4724 637 4773 Α
656 4730 685 4775 ut
700 4725 799 4775 uidetur
888 4724 921 4775 10
939 4738 1013 4777 mu.
1031 4725 1117 4777 veranii
1135 4740 1229 4777 ruerem
1246 4743 1280 4777 on
1296 4742 1422 4779 annenavo

144 4788 190 4838 AG
255 4792 285 4843 li
305 4808 396 4845 nomen
413 4802 437 4843 et
455 4810 502 4844 om.
519 4794 552 4853 A,
573 4794 635 4846 add.
653 4811 670 4845 u
724 4796 758 4845 22
774 4794 889 4853 sarturae
903 4794 961 4844 ideo
978 4810 1036 4845 eree
1053 4796 1158 4857 dictum,
1177 4798 1298 4861 qnoniam
1315 4798 1422 4848 verbum

144 4857 278 4911 adverbium
295 4865 409 4927 sequitur
493 4862 528 4913 28
548 4863 596 4914 hoc
615 4864 655 4914 dic
673 4864 747 4914 docte
766 4862 843 4914 babet
860 4865 881 4915 0
899 4862 948 4915 boe
965 4864 1008 4914 die
1026 4865 1123 4917 dictum
1143 4864 1262 4931 (ductum
1279 4865 1329 4931 0⁸¹)
1346 4866 1421 4918 babet

145 4928 198 4977 dd
261 4930 350 4982 buitta
367 4946 433 4998 qnae
449 4946 465 4982 a
483 4948 511 4983 ee
530 4932 654 5001 originem
674 4942 777 4985 eumont
792 4950 838 4985 one.
860 4934 898 5001 A,
916 4936 977 4986 add.
995 4952 1012 4984 e
1082 4933 1170 5002 quare]
1192 4937 1305 5001 qnaeiA

139 5065 143 5073 ,
191 5020 355 5067 cucurrerim
369 5023 460 5067 mamm
475 5024 501 5067 v.
853 5034 859 5053 =
1179 5020 1218 5085 16
