3525 5600
337 355 401 423 472
887 358 1072 421 EVTVClllS

364 481 384 518 ρ.
401 470 443 510 reo.
456 469 479 508 cr
497 467 516 506 1..
1431 477 1452 517 p.
1464 465 1519 505 arra.
1532 467 1554 506 u
1566 469 1585 505 r.

339 547 481 626 Virgilius
504 548 611 618 utitur,
634 548 796 626 suspicari:
820 547 968 608 Aeneidos
990 549 1070 607 enim
1093 546 1172 607 libro
1193 545 1234 606 lll
1251 537 1330 606 'dicit

933 649 1152 728 primusque
1175 648 1372 711 rudentem

489 752 678 812 contorsit
700 750 823 812 laevas
845 769 997 830 proram
1018 750 1223 812 Palinurus
1245 751 1286 811 ad
1309 749 1445 818 undas,

338 855 409 914 item
432 853 509 914 libro
532 852 583 914 Vll

488 955 576 1016 hine
597 955 771 1016 exaudiri
794 957 956 1033 gemitus
978 957 1134 1035 iraeque
1156 954 1305 1015 leonum
1542 951 1546 958 ’
1614 986 1624 1024 5

488 1056 613 1117 vinela
636 1064 877 1118 recusantum
900 1065 935 1116 et
956 1074 1040 1117 sera
1062 1055 1130 1117 sub
1152 1064 1261 1117 nocte
1285 1055 1495 1125 rudentum,

339 1162 409 1219 item
432 1160 592 1237 georgicon
614 1159 693 1222 libro
714 1159 755 1219 lll

489 1263 693 1321 comminus
715 1261 945 1323 obtruncant
966 1261 1071 1322 lerro
1092 1247 1338 1339 graviterque
1361 1259 1534 1320 rudentes

489 1363 660 1425 caedunt

338 1482 444 1526 nomen
477 1483 612 1544 quoque,
646 1483 704 1544 quo
737 1467 822 1526 navis
853 1465 940 1526 luues
973 1466 1192 1543 significantur,
1233 1465 1264 1526 id
1298 1471 1344 1525 est
1376 1463 1527 1532 rudentes,
1555 1481 1635 1525 noun

339 1566 456 1628 aliunde
479 1585 548 1627 reor
570 1567 803 1656 deductum,yut
818 1568 898 1628 idem
918 1567 1004 1628 docet
1018 1568 1162 1646 Virgilius
1176 1569 1209 1628 iu
1232 1567 1245 1627 l
1267 1567 1346 1627 libro
1361 1566 1505 1627 Aeneidos
1518 1565 1607 1626 dicens
1703 1556 1704 1563 '

489 1670 705 1748 insequitur
726 1662 939 1749 clamorque
963 1671 1080 1730 virum
1101 1669 1319 1748 stridorque
1342 1667 1544 1729 rudentum.

337 1769 444 1850 plaudo
472 1771 603 1850 plaudis,
632 1771 718 1832 cludo
741 1769 787 1831 vel
810 1771 915 1831 claudo
937 1770 1066 1841 claudis;
1094 1771 1167 1832 cado
1188 1789 1307 1852 quoque
1329 1770 1426 1839 cadis,
1449 1769 1520 1829 licet
1538 1777 1607 1830 ante·
1703 1842 1704 1845 Ἴ

338 1873 447 1934 cedens
477 1892 493 1934 a
522 1873 700 1953 corripitur,
736 1873 842 1933 tertiae
866 1879 912 1934 est
940 1875 1173 1953 coniugationis;
1203 1881 1233 1934 et
1260 1872 1364 1933 occido
1391 1871 1492 1932 incido
1517 1870 1607 1930 decido

338 1975 449 2035 occidis
476 1975 585 2036 incidis
613 1974 727 2035 decidis
758 1976 862 2044 etiam,
891 1976 1008 2054 quando
1036 1996 1052 2037 a
1080 1975 1154 2036 cado
1184 1984 1253 2036 suut
1280 1977 1460 2055 composita,
1487 1975 1497 2032 i
1522 1981 1634 2035 tamenn

338 2077 517 2156 paenultima
533 2083 670 2156 correpta
686 2083 740 2136 est.
772 2077 827 2137 edo
843 2095 961 2158 quoque
983 2096 1024 2147 es,
1047 2077 1119 2138 licet
1139 2076 1305 2138 anomalum
1327 2084 1374 2137 est
1395 2093 1450 2156 per
1473 2093 1605 2155 personas.

338 2185 368 2239 et
390 2178 489 2240 divido
512 2179 634 2248 dividis,
663 2181 796 2258 quamvis
824 2180 1037 2258 paenultimam
1064 2181 1206 2258 corripit,
1235 2186 1333 2240 tamen
1356 2177 1432 2239 nihil
1455 2177 1606 2256 discrepant

338 2299 353 2340 a
376 2282 594 2358 coniugatione.
625 2287 763 2342 notantur
786 2282 899 2359 primae
923 2283 1138 2359 coniugationis
1161 2281 1218 2341 duo
1242 2281 1436 2360 producentia
1458 2283 1484 2348 i,
1508 2279 1605 2340 trucido

338 2383 484 2453 trucidas,
514 2382 640 2444 lormido
668 2383 825 2454 formidas,
854 2383 933 2463 quod
961 2385 992 2444 in
1015 2383 1117 2444 eadem
1140 2401 1211 2443 voce
1233 2392 1293 2444 tam
1315 2382 1441 2443 verbum
1462 2400 1545 2462 quam
1564 2399 1605 2440 no·

339 2502 406 2544 men
429 2485 588 2562 significat,
620 2492 652 2545 et
678 2503 770 2545 unum
796 2487 1016 2565 ieorripienS,
1039 2486 1158 2565 trepido
1179 2484 1327 2564 trepidas,
1350 2484 1429 2564 quod
1452 2503 1469 2544 a
1489 2482 1634 2562 trepidusn

339 2585 447 2666 trepidi
470 2587 589 2646 nomine
612 2589 734 2647 veniens
756 2589 822 2647 iure
845 2589 959 2668 primae
982 2595 1027 2648 est
1049 2589 1277 2665 coniugationis.
1315 2604 1474 2667 nquoque
1496 2593 1558 2646 aute
1575 2583 1605 2643 do

339 2687 479 2749 habentia
506 2690 612 2748 tertiae
640 2696 710 2749 sunt
736 2689 873 2750 similiter
895 2691 1127 2767 coniugationis,
1155 2697 1189 2748 ut
1210 2689 1321 2750 scando
1343 2688 1475 2758 scandis,
1497 2685 1606 2748 ascendo

339 2788 434 2869 pando
462 2789 559 2870 pendo
587 2789 675 2851 tendo
703 2789 856 2871 prehendo
884 2790 1011 2852 incendo
1038 2790 1154 2853 ollendo
1182 2791 1261 2852 findo
1291 2790 1395 2852 scindo
1416 2790 1509 2851 condo
1528 2787 1605 2851 tundo
1703 2813 1704 2828 ¹

338 2892 444 2953 mando
466 2892 573 2964 lundo;
597 2894 655 2953 nisi
678 2900 775 2953 tamen
798 2893 964 2954 eiusmodi
987 2894 1074 2955 verba
1098 2894 1135 2954 de
1150 2893 1322 2955 nominihus
1344 2894 1526 2955 deriventur:
1547 2900 1605 2951 tune

338 2995 419 3054 enim
449 2996 513 3055 sine
540 2995 632 3055 dubio
659 2997 773 3074 primae
803 2996 1020 3074 coniugationis
1047 3003 1152 3065 eruut,
1182 3003 1215 3056 ut
1244 2995 1425 3058 undeunde
1446 2995 1633 3063 undosius
1703 3005 1704 3010 ’

338 3095 418 3156 undu
440 3096 581 3166 inundas,
605 3096 723 3157 abundo
746 3096 893 3167 abundas,
917 3098 1033 3159 exundo
1049 3097 1196 3167 exundas,
1220 3098 1362 3176 Virgilius
1377 3097 1519 3159 Aeneidos
1538 3094 1605 3156 libro

339 3196 393 3257 Xll
419 3194 432 3279 Η
457 3198 519 3259 ‘ad
543 3198 685 3259 caelum
706 3198 869 3260 undabat
893 3203 1051 3270 rortex’,
1077 3197 1082 3282 Ι
1110 3200 1189 3261 idem
1212 3202 1243 3260 in
1266 3200 1372 3261 eodem
1393 3199 1493 3261 ‘hinc
1513 3198 1603 3258 densi

340 3316 471 3359 rursus
494 3298 711 3370 inundant’,
735 3300 815 3361 idem
838 3303 869 3361 in
891 3301 970 3362 libro
992 3301 1047 3361 llll
1068 3304 1229 3381 georgicon
1703 3289 1704 3296 ¹

489 3418 578 3480 ergo
600 3401 736 3481 apibus
758 3403 851 3465 letis
873 3404 969 3465 idem
992 3412 1102 3483 atque
1124 3407 1294 3466 examine
1317 3404 1430 3465 multo

489 3506 630 3582 primus
653 3502 842 3566 abundare
866 3512 902 3565 et
925 3508 1137 3584 spumantia
1159 3525 1295 3585 cogere
1317 3509 1463 3587 pressis
1611 3522 1631 3559 a

488 3606 598 3666 mella
620 3606 728 3668 laris:

337 3705 483 3767 leeuudus
505 3707 632 3769 secundo
654 3708 811 3779 secundas,
833 3709 915 3769 idem
936 3710 967 3770 in
989 3709 1094 3771 eodem

488 3816 524 3870 et
545 3810 708 3871 viridem
731 3812 936 3891 Aegyptum
958 3812 1066 3890 nigra
1088 3810 1267 3873 fecundat
1288 3810 1443 3873 harena:

336 4016 384 4065 lius
399 4014 504 4065 utiturt
565 4014 662 4067 lAen.
682 4012 745 4065 libro
764 4010 807 4080 lll]
827 4030 850 4065 o.
869 4015 919 4068 ool
971 4012 1082 4067 3leuem
1101 4030 1200 4081 proram
1219 4016 1477 4081 Pproremleuemt
1522 4013 1601 4063 undam

337 4085 375 4133 Pt
442 4080 617 4150 dlibroni]
639 4100 661 4133 o.
681 4083 712 4134 15
782 4086 1095 4138 dexaudlretexeudiri
1114 4085 1173 4149 ets
1238 4089 1360 4152 lgeorg.
1379 4086 1444 4136 libro
1463 4082 1504 4151 lll]
1521 4102 1541 4137 o.
1559 4083 1601 4134 311

407 4152 439 4203 10
457 4168 507 4201 non
526 4152 628 4203 aliunde
644 4154 692 4202 nisi
709 4154 800 4205 crudo
818 4170 876 4205 reor
892 4154 1023 4204 diductum
1042 4155 1067 4205 B
1137 4155 1168 4206 11
1188 4157 1215 4205 lu
1234 4157 1244 4205 l
1263 4157 1326 4206 libro
1346 4154 1425 4222 Aen]
1443 4172 1464 4205 r.
1481 4155 1512 4206 81
1573 4152 1601 4203 111

337 4224 394 4273 lieet
413 4222 570 4273 diffecituum
589 4232 613 4274 et
628 4222 772 4274 anomalum
788 4231 826 4273 est
840 4224 866 4273 P
919 4224 952 4275 17
968 4225 1073 4291 corripit
1088 4240 1156 4275 corr.
1174 4227 1210 4279 ol.
1232 4240 1296 4276 mon.
1317 4228 1439 4291 corripuit
1456 4226 1480 4275 B
1494 4223 1600 4290 corripuit

336 4294 361 4343 P
428 4292 461 4344 23
477 4292 559 4349 condo
580 4293 699 4346 distuudo
717 4308 798 4355 corr„
812 4302 840 4345 ut
857 4296 963 4359 uidetur,
982 4296 1063 4344 condo
1084 4295 1202 4345 distendo
1220 4296 1246 4345 B
1260 4296 1341 4346 condo
1359 4296 1475 4345 discordo
1491 4292 1515 4343 P
1571 4292 1600 4342 ‘24

294 4346 299 4361 ‘
336 4363 574 4413 airrsaemmour
642 4361 1026 4430 remanseruntque
1088 4366 1122 4415 27
1140 4366 1166 4414 sn
1185 4366 1284 4429 aarum
1302 4366 1367 4415 Aen.
1385 4364 1499 4415 xrrrso
1550 4362 1600 4411 rinc

336 4432 408 4482 densi
431 4448 519 4483 rursus
541 4434 663 4483 inundant
684 4431 774 4495 [hinc
792 4434 865 4483 densi
882 4448 971 4484 rursus
994 4434 1136 4501 (euperem.
1155 4438 1190 4484 ol.
1206 4452 1271 4488 mon.
1297 4436 1403 4495 linctus)
1424 4432 1600 4495 inundabeptss

337 4501 395 4552 irino
409 4511 497 4553 rursus
516 4503 589 4555 densi
609 4502 731 4553 inundent
743 4504 834 4554 duetus
849 4504 874 4553 P
885 4504 943 4554 hino
962 4504 1033 4554 densi
1051 4520 1140 4555 rursus
1155 4506 1262 4555 inundat
1276 4505 1367 4555 lluetus
1385 4513 1395 4555 1
1462 4505 1493 4556 28
1507 4506 1530 4553 ia
1546 4504 1599 4552 libro
1703 4535 1704 4538 η

338 4622 383 4672 1111
402 4620 504 4690 georg]
524 4640 548 4675 o.
569 4622 618 4675 139
688 4623 722 4675 19
740 4640 802 4691 ergo
820 4582 907 4691 epium
922 4634 997 4689 atque
1013 4640 1084 4677 corr.
1103 4630 1137 4678 al.
1153 4644 1184 4680 ur.
1200 4642 1262 4694 ergo
1277 4627 1370 4693 apibus
1384 4626 1444 4677 letis
1460 4627 1521 4675 idem
1536 4633 1600 4686 atque
1703 4625 1704 4630 ’

336 4690 360 4739 Β
373 4708 435 4759 ergo
453 4695 545 4758 apibus
564 4693 640 4745 foetis
657 4694 724 4745 idem
738 4704 814 4758 atque
829 4696 848 4759 f
862 4710 923 4762 ergo
939 4696 1031 4760 apibus
1048 4694 1107 4745 letis
1126 4704 1202 4759 utque
1220 4698 1258 4748 Pt
1327 4697 1362 4749 30
1379 4696 1521 4747 habundare
1537 4695 1559 4744 P

336 4762 370 4812 32
384 4763 410 4813 in
425 4762 526 4829 eodem]
544 4779 630 4830 peorp.
652 4765 698 4813 llll
716 4764 766 4816 291
836 4764 870 4818 33
888 4774 913 4816 et
932 4793 962 4802 -
983 4763 1089 4831 herena]
1108 4766 1207 4816 uirilem
1227 4776 1251 4817 et
1267 4782 1299 4817 us
1315 4782 1386 4821 coar,
1407 4776 1431 4819 et
1452 4766 1548 4817 uiridem
1565 4778 1599 4813 ee·

336 4840 440 4898 gyptum
460 4834 533 4901 nigra
552 4833 672 4885 fecundet
690 4833 784 4885 herene
800 4832 825 4883 B
