<?xml version="1.0" encoding="UTF-8"?>
<!DOCTYPE html PUBLIC "-//W3C//DTD XHTML 1.0 Transitional//EN"
    "http://www.w3.org/TR/xhtml1/DTD/xhtml1-transitional.dtd">
<html xmlns="http://www.w3.org/1999/xhtml" xml:lang="en" lang="en">
 <head>
  <title>
</title>
<meta http-equiv="Content-Type" content="text/html;charset=utf-8" />
  <meta name='ocr-system' content='tesseract 3.04.00' />
  <meta name='ocr-capabilities' content='ocr_page ocr_carea ocr_par ocr_line ocrx_word'/>
</head>
<body>
  <div class='ocr_page' id='page_1' title='image "./grammaticilatin03hagagoog_0447.png"; bbox 0 0 3525 5600; ppageno 0'>
   <div class='ocr_carea' id='block_1_1' title="bbox 593 383 1412 452">
    <p class='ocr_par' dir='ltr' id='par_1_1' title="bbox 593 383 1412 452">
     <span class='ocr_line' id='line_1_1' title="bbox 593 383 1412 452; baseline -0.001 -3"><span class='ocrx_word' id='word_1_1' title='bbox 593 387 664 449; x_wconf 76' lang='lat' dir='ltr'><strong>ARS</strong></span> <span class='ocrx_word' id='word_1_2' title='bbox 693 387 757 450; x_wconf 89' lang='lat' dir='ltr'>v111</span> <span class='ocrx_word' id='word_1_3' title='bbox 780 387 903 449; x_wconf 84' lang='grc' dir='ltr'><strong>7-1Χ</strong></span> <span class='ocrx_word' id='word_1_4' title='bbox 927 390 944 447; x_wconf 95' lang='lat' dir='ltr'><strong>l</strong></span> <span class='ocrx_word' id='word_1_5' title='bbox 1347 383 1412 452; x_wconf 85' lang='lat'><strong>435</strong></span> 
     </span>
    </p>
   </div>
   <div class='ocr_carea' id='block_1_2' title="bbox 107 493 1487 3616">
    <p class='ocr_par' dir='ltr' id='par_1_2' title="bbox 107 493 1487 3616">
     <span class='ocr_line' id='line_1_2' title="bbox 167 493 1386 556; baseline -0.005 -16"><span class='ocrx_word' id='word_1_6' title='bbox 167 493 327 556; x_wconf 65' lang='lat' dir='ltr'><strong>prce-rer.</strong></span> <span class='ocrx_word' id='word_1_7' title='bbox 1230 493 1386 548; x_wconf 65' lang='lat' dir='ltr'><strong>osteor.</strong></span> 
     </span>
     <span class='ocr_line' id='line_1_3' title="bbox 217 575 1411 656; baseline -0.002 -18"><span class='ocrx_word' id='word_1_8' title='bbox 217 576 321 648; x_wconf 82' lang='lat' dir='ltr'><strong>Quarta</strong></span> <span class='ocrx_word' id='word_1_9' title='bbox 342 576 511 654; x_wconf 81' lang='lat' dir='ltr'><strong>coniugatio</strong></span> <span class='ocrx_word' id='word_1_10' title='bbox 533 575 579 636; x_wconf 92' lang='lat' dir='ltr'><strong>vel</strong></span> <span class='ocrx_word' id='word_1_11' title='bbox 600 577 688 636; x_wconf 90' lang='lat' dir='ltr'><strong>tertia</strong></span> <span class='ocrx_word' id='word_1_12' title='bbox 709 575 868 656; x_wconf 90' lang='lat' dir='ltr'><strong>producta,</strong></span> <span class='ocrx_word' id='word_1_13' title='bbox 892 593 981 655; x_wconf 89' lang='lat' dir='ltr'><strong>quam</strong></span> <span class='ocrx_word' id='word_1_14' title='bbox 1002 576 1197 654; x_wconf 76' lang='lat' dir='ltr'><strong>imperativus</strong></span> <span class='ocrx_word' id='word_1_15' title='bbox 1218 575 1322 636; x_wconf 90' lang='lat' dir='ltr'><strong>modus</strong></span> <span class='ocrx_word' id='word_1_16' title='bbox 1343 593 1411 654; x_wconf 90' lang='lat' dir='ltr'><strong>pro·</strong></span> 
     </span>
     <span class='ocr_line' id='line_1_4' title="bbox 146 673 1414 760; baseline -0.003 -18"><span class='ocrx_word' id='word_1_17' title='bbox 146 683 183 744; x_wconf 92' lang='lat' dir='ltr'><strong>dit</strong></span> <span class='ocrx_word' id='word_1_18' title='bbox 201 678 357 740; x_wconf 79' lang='lat' dir='ltr'><strong>i‘litteram</strong></span> <span class='ocrx_word' id='word_1_19' title='bbox 379 677 409 738; x_wconf 91' lang='lat' dir='ltr'><strong>in</strong></span> <span class='ocrx_word' id='word_1_20' title='bbox 431 677 489 738; x_wconf 89' lang='lat' dir='ltr'><strong>line</strong></span> <span class='ocrx_word' id='word_1_21' title='bbox 512 696 705 747; x_wconf 77' lang='lat' dir='ltr'><strong>conservanS,</strong></span> <span class='ocrx_word' id='word_1_22' title='bbox 728 680 925 757; x_wconf 86' lang='lat' dir='ltr'><strong>praeteritum</strong></span> <span class='ocrx_word' id='word_1_23' title='bbox 940 673 954 760; x_wconf 75' lang='lat' dir='ltr'><strong>ii</strong></span> <span class='ocrx_word' id='word_1_24' title='bbox 976 678 1143 758; x_wconf 83' lang='lat' dir='ltr'><strong>perlectum</strong></span> <span class='ocrx_word' id='word_1_25' title='bbox 1163 680 1195 738; x_wconf 92' lang='lat' dir='ltr'><strong>in</strong></span> <span class='ocrx_word' id='word_1_26' title='bbox 1218 679 1247 738; x_wconf 92' lang='lat' dir='ltr'><strong>vi</strong></span> <span class='ocrx_word' id='word_1_27' title='bbox 1269 675 1414 757; x_wconf 73' lang='lat' dir='ltr'><strong>syllabam</strong></span> 
     </span>
     <span class='ocr_line' id='line_1_5' title="bbox 145 778 1413 860; baseline -0.006 -14"><span class='ocrx_word' id='word_1_28' title='bbox 145 784 224 846; x_wconf 84' lang='lat' dir='ltr'><strong>mittit</strong></span> <span class='ocrx_word' id='word_1_29' title='bbox 250 779 293 840; x_wconf 90' lang='lat' dir='ltr'><strong>vel</strong></span> <span class='ocrx_word' id='word_1_30' title='bbox 319 781 352 840; x_wconf 93' lang='lat' dir='ltr'><strong>in</strong></span> <span class='ocrx_word' id='word_1_31' title='bbox 378 779 389 839; x_wconf 94' lang='lat' dir='ltr'><strong>i</strong></span> <span class='ocrx_word' id='word_1_32' title='bbox 417 779 578 860; x_wconf 81' lang='lat' dir='ltr'>duplicem,</span> <span class='ocrx_word' id='word_1_33' title='bbox 607 787 640 840; x_wconf 92' lang='lat' dir='ltr'><strong>ut</strong></span> <span class='ocrx_word' id='word_1_34' title='bbox 667 780 755 841; x_wconf 90' lang='lat' dir='ltr'><strong>audio</strong></span> <span class='ocrx_word' id='word_1_35' title='bbox 783 781 882 841; x_wconf 91' lang='lat' dir='ltr'><strong>audivi</strong></span> <span class='ocrx_word' id='word_1_36' title='bbox 910 780 958 840; x_wconf 86' lang='lat' dir='ltr'><strong>vel</strong></span> <span class='ocrx_word' id='word_1_37' title='bbox 984 780 1080 850; x_wconf 91' lang='lat' dir='ltr'><strong>audii,</strong></span> <span class='ocrx_word' id='word_1_38' title='bbox 1108 781 1211 841; x_wconf 87' lang='lat' dir='ltr'><strong>munic</strong></span> <span class='ocrx_word' id='word_1_39' title='bbox 1232 781 1344 840; x_wconf 89' lang='lat' dir='ltr'><strong>munivi</strong></span> <span class='ocrx_word' id='word_1_40' title='bbox 1367 778 1413 840; x_wconf 93' lang='lat' dir='ltr'><strong>vel</strong></span> 
     </span>
     <span class='ocr_line' id='line_1_6' title="bbox 145 867 1413 1044; baseline -0.005 -97"><span class='ocrx_word' id='word_1_41' title='bbox 145 884 238 952; x_wconf 87' lang='lat' dir='ltr'><strong>munii,</strong></span> <span class='ocrx_word' id='word_1_42' title='bbox 259 883 357 943; x_wconf 79' lang='lat' dir='ltr'>saevio</span> <span class='ocrx_word' id='word_1_43' title='bbox 379 879 487 942; x_wconf 90' lang='lat' dir='ltr'><strong>saevivi</strong></span> <span class='ocrx_word' id='word_1_44' title='bbox 509 882 555 943; x_wconf 88' lang='lat' dir='ltr'><strong>vel</strong></span> <span class='ocrx_word' id='word_1_45' title='bbox 578 867 792 1044; x_wconf 43' lang='lat' dir='ltr'><strong>mcdisslenie</strong></span> <span class='ocrx_word' id='word_1_46' title='bbox 813 883 903 944; x_wconf 88' lang='lat' dir='ltr'><strong>lenivi</strong></span> <span class='ocrx_word' id='word_1_47' title='bbox 925 883 971 944; x_wconf 86' lang='lat' dir='ltr'><strong>vel</strong></span> <span class='ocrx_word' id='word_1_48' title='bbox 993 882 1084 953; x_wconf 90' lang='lat' dir='ltr'><strong>lenii,</strong></span> <span class='ocrx_word' id='word_1_49' title='bbox 1112 881 1213 943; x_wconf 90' lang='lat' dir='ltr'><strong>mollio</strong></span> <span class='ocrx_word' id='word_1_50' title='bbox 1234 881 1345 943; x_wconf 87' lang='lat' dir='ltr'><strong>molliri</strong></span> <span class='ocrx_word' id='word_1_51' title='bbox 1367 880 1413 941; x_wconf 88' lang='lat' dir='ltr'><strong>vel</strong></span> 
     </span>
     <span class='ocr_line' id='line_1_7' title="bbox 125 982 1413 1065; baseline -0.003 -19"><span class='ocrx_word' id='word_1_52' title='bbox 125 985 238 1055; x_wconf 74' lang='lat' dir='ltr'><strong>euroldi,</strong></span> <span class='ocrx_word' id='word_1_53' title='bbox 265 983 335 1044; x_wconf 91' lang='lat' dir='ltr'><strong>ssnio</strong></span> <span class='ocrx_word' id='word_1_54' title='bbox 363 983 442 1044; x_wconf 86' lang='lat' dir='ltr'><strong>linivi</strong></span> <span class='ocrx_word' id='word_1_55' title='bbox 470 982 516 1044; x_wconf 91' lang='lat' dir='ltr'><strong>vel</strong></span> <span class='ocrx_word' id='word_1_56' title='bbox 543 984 622 1053; x_wconf 89' lang='lat' dir='ltr'><strong>linii,</strong></span> <span class='ocrx_word' id='word_1_57' title='bbox 647 1003 666 1064; x_wconf 90' lang='lat' dir='ltr'>p</span> <span class='ocrx_word' id='word_1_58' title='bbox 709 985 739 1044; x_wconf 92' lang='lat' dir='ltr'><strong>io</strong></span> <span class='ocrx_word' id='word_1_59' title='bbox 760 986 863 1065; x_wconf 90' lang='lat' dir='ltr'><strong>punivi</strong></span> <span class='ocrx_word' id='word_1_60' title='bbox 886 985 931 1046; x_wconf 91' lang='lat' dir='ltr'><strong>vel</strong></span> <span class='ocrx_word' id='word_1_61' title='bbox 953 986 1053 1064; x_wconf 85' lang='lat' dir='ltr'><strong>panii,</strong></span> <span class='ocrx_word' id='word_1_62' title='bbox 1077 985 1161 1064; x_wconf 90' lang='lat' dir='ltr'><strong>sopio</strong></span> <span class='ocrx_word' id='word_1_63' title='bbox 1183 984 1276 1064; x_wconf 89' lang='lat' dir='ltr'><strong>sopivi</strong></span> <span class='ocrx_word' id='word_1_64' title='bbox 1298 983 1344 1043; x_wconf 91' lang='lat' dir='ltr'><strong>vel</strong></span> <span class='ocrx_word' id='word_1_65' title='bbox 1366 1001 1413 1042; x_wconf 92' lang='lat' dir='ltr'><strong>so·</strong></span> 
     </span>
     <span class='ocr_line' id='line_1_8' title="bbox 143 1084 1412 1170; baseline -0.005 -21"><span class='ocrx_word' id='word_1_66' title='bbox 143 1089 191 1170; x_wconf 86' lang='lat' dir='ltr'><strong>pii,</strong></span> <span class='ocrx_word' id='word_1_67' title='bbox 216 1087 294 1148; x_wconf 88' lang='lat' dir='ltr'><strong>accio</strong></span> <span class='ocrx_word' id='word_1_68' title='bbox 322 1087 415 1147; x_wconf 89' lang='lat' dir='ltr'><strong>accivi</strong></span> <span class='ocrx_word' id='word_1_69' title='bbox 442 1085 489 1146; x_wconf 91' lang='lat' dir='ltr'><strong>vel</strong></span> <span class='ocrx_word' id='word_1_70' title='bbox 517 1087 606 1156; x_wconf 88' lang='lat' dir='ltr'><strong>accii,</strong></span> <span class='ocrx_word' id='word_1_71' title='bbox 638 1087 700 1146; x_wconf 87' lang='lat' dir='ltr'><strong>scic</strong></span> <span class='ocrx_word' id='word_1_72' title='bbox 722 1087 796 1147; x_wconf 90' lang='lat' dir='ltr'><strong>scivi</strong></span> <span class='ocrx_word' id='word_1_73' title='bbox 817 1085 862 1146; x_wconf 90' lang='lat' dir='ltr'><strong>vel</strong></span> <span class='ocrx_word' id='word_1_74' title='bbox 885 1089 954 1156; x_wconf 90' lang='lat' dir='ltr'><strong>scii,</strong></span> <span class='ocrx_word' id='word_1_75' title='bbox 977 1086 1081 1147; x_wconf 90' lang='lat' dir='ltr'><strong>hinnio</strong></span> <span class='ocrx_word' id='word_1_76' title='bbox 1102 1086 1218 1146; x_wconf 92' lang='lat' dir='ltr'><strong>binnivi</strong></span> <span class='ocrx_word' id='word_1_77' title='bbox 1238 1085 1284 1145; x_wconf 89' lang='lat' dir='ltr'><strong>vel</strong></span> <span class='ocrx_word' id='word_1_78' title='bbox 1305 1084 1412 1154; x_wconf 91' lang='lat' dir='ltr'><strong>binuii,</strong></span> 
     </span>
     <span class='ocr_line' id='line_1_9' title="bbox 144 1185 1412 1258; baseline -0.002 -9"><span class='ocrx_word' id='word_1_79' title='bbox 144 1209 173 1249; x_wconf 90' lang='lat' dir='ltr'><strong>eo</strong></span> <span class='ocrx_word' id='word_1_80' title='bbox 191 1191 228 1248; x_wconf 93' lang='lat' dir='ltr'><strong>ivi</strong></span> <span class='ocrx_word' id='word_1_81' title='bbox 249 1188 293 1248; x_wconf 86' lang='lat' dir='ltr'><strong>vel</strong></span> <span class='ocrx_word' id='word_1_82' title='bbox 316 1189 355 1257; x_wconf 90' lang='lat' dir='ltr'><strong>ii,</strong></span> <span class='ocrx_word' id='word_1_83' title='bbox 379 1205 451 1248; x_wconf 82' lang='lat' dir='ltr'><strong>exeo</strong></span> <span class='ocrx_word' id='word_1_84' title='bbox 474 1189 551 1249; x_wconf 83' lang='lat' dir='ltr'><strong>exivi</strong></span> <span class='ocrx_word' id='word_1_85' title='bbox 573 1185 619 1246; x_wconf 83' lang='lat' dir='ltr'><strong>vel</strong></span> <span class='ocrx_word' id='word_1_86' title='bbox 641 1188 716 1258; x_wconf 82' lang='lat' dir='ltr'><strong>exii,</strong></span> <span class='ocrx_word' id='word_1_87' title='bbox 739 1190 808 1248; x_wconf 90' lang='lat' dir='ltr'><strong>inec</strong></span> <span class='ocrx_word' id='word_1_88' title='bbox 823 1189 897 1250; x_wconf 91' lang='lat' dir='ltr'><strong>inivi</strong></span> <span class='ocrx_word' id='word_1_89' title='bbox 912 1188 958 1248; x_wconf 89' lang='lat' dir='ltr'><strong>vel</strong></span> <span class='ocrx_word' id='word_1_90' title='bbox 972 1190 1027 1249; x_wconf 91' lang='lat' dir='ltr'><strong>inii</strong></span> <span class='ocrx_word' id='word_1_91' title='bbox 1050 1195 1081 1248; x_wconf 93' lang='lat' dir='ltr'><strong>et</strong></span> <span class='ocrx_word' id='word_1_92' title='bbox 1101 1195 1201 1248; x_wconf 86' lang='lat' dir='ltr'><strong>cetera</strong></span> <span class='ocrx_word' id='word_1_93' title='bbox 1222 1186 1270 1248; x_wconf 90' lang='lat' dir='ltr'><strong>his</strong></span> <span class='ocrx_word' id='word_1_94' title='bbox 1293 1186 1412 1247; x_wconf 84' lang='lat' dir='ltr'><strong>similia.</strong></span> 
     </span>
     <span class='ocr_line' id='line_1_10' title="bbox 142 1289 1415 1371; baseline -0.001 -21"><span class='ocrx_word' id='word_1_95' title='bbox 142 1308 223 1371; x_wconf 91' lang='lat' dir='ltr'><strong>pauca</strong></span> <span class='ocrx_word' id='word_1_96' title='bbox 249 1293 280 1350; x_wconf 91' lang='lat' dir='ltr'><strong>in</strong></span> <span class='ocrx_word' id='word_1_97' title='bbox 302 1291 327 1350; x_wconf 91' lang='lat' dir='ltr'><strong>si</strong></span> <span class='ocrx_word' id='word_1_98' title='bbox 356 1296 479 1360; x_wconf 84' lang='lat' dir='ltr'><strong>exeunt,</strong></span> <span class='ocrx_word' id='word_1_99' title='bbox 504 1296 534 1350; x_wconf 92' lang='lat' dir='ltr'><strong>et</strong></span> <span class='ocrx_word' id='word_1_100' title='bbox 555 1295 625 1350; x_wconf 90' lang='lat' dir='ltr'><strong>suut</strong></span> <span class='ocrx_word' id='word_1_101' title='bbox 646 1290 719 1350; x_wconf 90' lang='lat' dir='ltr'><strong>baec</strong></span> <span class='ocrx_word' id='word_1_102' title='bbox 740 1291 819 1360; x_wconf 86' lang='lat' dir='ltr'><strong>lere,</strong></span> <span class='ocrx_word' id='word_1_103' title='bbox 849 1293 945 1350; x_wconf 87' lang='lat' dir='ltr'><strong>sarcio</strong></span> <span class='ocrx_word' id='word_1_104' title='bbox 967 1292 1059 1360; x_wconf 90' lang='lat' dir='ltr'><strong>sarsi,</strong></span> <span class='ocrx_word' id='word_1_105' title='bbox 1080 1291 1175 1351; x_wconf 85' lang='lat' dir='ltr'><strong>larcio</strong></span> <span class='ocrx_word' id='word_1_106' title='bbox 1196 1291 1285 1358; x_wconf 88' lang='lat' dir='ltr'><strong>iarsi,</strong></span> <span class='ocrx_word' id='word_1_107' title='bbox 1308 1289 1415 1350; x_wconf 86' lang='lat' dir='ltr'><strong>haurio</strong></span> 
     </span>
     <span class='ocr_line' id='line_1_11' title="bbox 143 1391 1415 1473; baseline -0.002 -19"><span class='ocrx_word' id='word_1_108' title='bbox 143 1393 229 1463; x_wconf 86' lang='lat' dir='ltr'><strong>hausi,</strong></span> <span class='ocrx_word' id='word_1_109' title='bbox 253 1392 335 1473; x_wconf 90' lang='lat' dir='ltr'><strong>sepio</strong></span> <span class='ocrx_word' id='word_1_110' title='bbox 357 1394 452 1472; x_wconf 87' lang='lat' dir='ltr'><strong>sepsi,</strong></span> <span class='ocrx_word' id='word_1_111' title='bbox 476 1393 572 1453; x_wconf 87' lang='lat' dir='ltr'><strong>sentio</strong></span> <span class='ocrx_word' id='word_1_112' title='bbox 595 1392 688 1463; x_wconf 86' lang='lat' dir='ltr'><strong>sensi;</strong></span> <span class='ocrx_word' id='word_1_113' title='bbox 712 1391 770 1452; x_wconf 89' lang='lat' dir='ltr'><strong>alia</strong></span> <span class='ocrx_word' id='word_1_114' title='bbox 792 1394 822 1452; x_wconf 94' lang='lat' dir='ltr'><strong>in</strong></span> <span class='ocrx_word' id='word_1_115' title='bbox 844 1393 890 1462; x_wconf 86' lang='lat' dir='ltr'><strong>xi,</strong></span> <span class='ocrx_word' id='word_1_116' title='bbox 918 1392 992 1453; x_wconf 90' lang='lat' dir='ltr'><strong>baec</strong></span> <span class='ocrx_word' id='word_1_117' title='bbox 1013 1391 1089 1462; x_wconf 87' lang='lat' dir='ltr'><strong>sola,</strong></span> <span class='ocrx_word' id='word_1_118' title='bbox 1112 1392 1212 1453; x_wconf 86' lang='lat' dir='ltr'><strong>sancio</strong></span> <span class='ocrx_word' id='word_1_119' title='bbox 1235 1393 1334 1460; x_wconf 80' lang='lat' dir='ltr'><strong>sauri,</strong></span> <span class='ocrx_word' id='word_1_120' title='bbox 1357 1391 1415 1451; x_wconf 88' lang='lat' dir='ltr'><strong>lul-</strong></span> 
     </span>
     <span class='ocr_line' id='line_1_12' title="bbox 112 1492 1414 1574; baseline 0 -20"><span class='ocrx_word' id='word_1_121' title='bbox 112 1495 181 1556; x_wconf 86' lang='lat' dir='ltr'><strong>ocio</strong></span> <span class='ocrx_word' id='word_1_122' title='bbox 200 1493 283 1564; x_wconf 77' lang='lat' dir='ltr'><strong>iudai,</strong></span> <span class='ocrx_word' id='word_1_123' title='bbox 313 1493 408 1556; x_wconf 91' lang='lat' dir='ltr'><strong>vincio</strong></span> <span class='ocrx_word' id='word_1_124' title='bbox 431 1494 518 1555; x_wconf 84' lang='lat' dir='ltr'><strong>vinxi.</strong></span> <span class='ocrx_word' id='word_1_125' title='bbox 563 1511 655 1554; x_wconf 90' lang='lat' dir='ltr'><strong>unum</strong></span> <span class='ocrx_word' id='word_1_126' title='bbox 683 1494 832 1554; x_wconf 89' lang='lat' dir='ltr'><strong>invenitur</strong></span> <span class='ocrx_word' id='word_1_127' title='bbox 860 1493 939 1574; x_wconf 93' lang='lat' dir='ltr'><strong>quod</strong></span> <span class='ocrx_word' id='word_1_128' title='bbox 961 1495 1087 1574; x_wconf 85' lang='lat' dir='ltr'><strong>primam</strong></span> <span class='ocrx_word' id='word_1_129' title='bbox 1110 1492 1254 1573; x_wconf 78' lang='lat' dir='ltr'><strong>syllabam</strong></span> <span class='ocrx_word' id='word_1_130' title='bbox 1275 1494 1306 1553; x_wconf 92' lang='lat' dir='ltr'><strong>in</strong></span> <span class='ocrx_word' id='word_1_131' title='bbox 1327 1510 1414 1571; x_wconf 91' lang='lat' dir='ltr'><strong>prae·</strong></span> 
     </span>
     <span class='ocr_line' id='line_1_13' title="bbox 142 1595 1415 1676; baseline -0.002 -20"><span class='ocrx_word' id='word_1_132' title='bbox 142 1597 208 1657; x_wconf 85' lang='lat' dir='ltr'><strong>senti</strong></span> <span class='ocrx_word' id='word_1_133' title='bbox 233 1596 368 1676; x_wconf 83' lang='lat' dir='ltr'><strong>corripit,</strong></span> <span class='ocrx_word' id='word_1_134' title='bbox 398 1595 428 1656; x_wconf 91' lang='lat' dir='ltr'><strong>in</strong></span> <span class='ocrx_word' id='word_1_135' title='bbox 454 1596 617 1675; x_wconf 81' lang='lat' dir='ltr'><strong>praeterito</strong></span> <span class='ocrx_word' id='word_1_136' title='bbox 639 1595 779 1675; x_wconf 79' lang='lat' dir='ltr'><strong>producit</strong></span> <span class='ocrx_word' id='word_1_137' title='bbox 806 1598 893 1658; x_wconf 91' lang='lat' dir='ltr'><strong>venio</strong></span> <span class='ocrx_word' id='word_1_138' title='bbox 916 1597 998 1667; x_wconf 89' lang='lat' dir='ltr'><strong>veui;</strong></span> <span class='ocrx_word' id='word_1_139' title='bbox 1027 1603 1058 1658; x_wconf 92' lang='lat' dir='ltr'><strong>et</strong></span> <span class='ocrx_word' id='word_1_140' title='bbox 1083 1597 1244 1676; x_wconf 90' lang='lat' dir='ltr'><strong>composita</strong></span> <span class='ocrx_word' id='word_1_141' title='bbox 1266 1614 1303 1656; x_wconf 86' lang='lat' dir='ltr'><strong>ex</strong></span> <span class='ocrx_word' id='word_1_142' title='bbox 1326 1613 1361 1654; x_wconf 92' lang='lat' dir='ltr'><strong>eo</strong></span> <span class='ocrx_word' id='word_1_143' title='bbox 1383 1597 1415 1655; x_wconf 91' lang='lat' dir='ltr'><strong>in</strong></span> 
     </span>
     <span class='ocr_line' id='line_1_14' title="bbox 140 1696 1413 1780; baseline -0.002 -20"><span class='ocrx_word' id='word_1_144' title='bbox 140 1697 209 1760; x_wconf 80' lang='lat' dir='ltr'><strong>liunc</strong></span> <span class='ocrx_word' id='word_1_145' title='bbox 229 1696 349 1760; x_wconf 88' lang='lat' dir='ltr'><strong>modum</strong></span> <span class='ocrx_word' id='word_1_146' title='bbox 370 1698 573 1777; x_wconf 82' lang='lat' dir='ltr'><strong>proferuntur.</strong></span> <span class='ocrx_word' id='word_1_147' title='bbox 596 1719 615 1754; x_wconf 73' lang='lat' dir='ltr'><strong>s</strong></span> <span class='ocrx_word' id='word_1_148' title='bbox 645 1699 747 1780; x_wconf 89' lang='lat' dir='ltr'><strong>aperio</strong></span> <span class='ocrx_word' id='word_1_149' title='bbox 770 1699 887 1778; x_wconf 89' lang='lat' dir='ltr'><strong>aperui,</strong></span> <span class='ocrx_word' id='word_1_150' title='bbox 911 1700 960 1759; x_wconf 93' lang='lat' dir='ltr'><strong>cui</strong></span> <span class='ocrx_word' id='word_1_151' title='bbox 982 1700 1179 1778; x_wconf 89' lang='lat' dir='ltr'><strong>compositum</strong></span> <span class='ocrx_word' id='word_1_152' title='bbox 1195 1697 1343 1767; x_wconf 89' lang='lat' dir='ltr'><strong>dissentit,</strong></span> <span class='ocrx_word' id='word_1_153' title='bbox 1366 1715 1413 1758; x_wconf 92' lang='lat' dir='ltr'><strong>re·</strong></span> 
     </span>
     <span class='ocr_line' id='line_1_15' title="bbox 140 1798 394 1881; baseline 0 -23"><span class='ocrx_word' id='word_1_154' title='bbox 140 1801 214 1881; x_wconf 90' lang='lat' dir='ltr'><strong>perio</strong></span> <span class='ocrx_word' id='word_1_155' title='bbox 235 1800 364 1880; x_wconf 80' lang='lat' dir='ltr'><strong>repperi.</strong></span> <span class='ocrx_word' id='word_1_156' title='bbox 390 1798 394 1880; x_wconf 76' lang='lat' dir='ltr'><strong>i</strong></span> 
     </span>
     <span class='ocr_line' id='line_1_16' title="bbox 213 1890 1416 1983; baseline -0.001 -20"><span class='ocrx_word' id='word_1_157' title='bbox 213 1900 245 1963; x_wconf 91' lang='lat' dir='ltr'><strong>ln</strong></span> <span class='ocrx_word' id='word_1_158' title='bbox 271 1901 325 1962; x_wconf 86' lang='lat' dir='ltr'><strong>bas</strong></span> <span class='ocrx_word' id='word_1_159' title='bbox 353 1901 416 1961; x_wconf 89' lang='lat' dir='ltr'><strong>lere</strong></span> <span class='ocrx_word' id='word_1_160' title='bbox 445 1901 571 1981; x_wconf 83' lang='lat' dir='ltr'><strong>syllabas</strong></span> <span class='ocrx_word' id='word_1_161' title='bbox 593 1903 690 1963; x_wconf 91' lang='lat' dir='ltr'><strong>omnia</strong></span> <span class='ocrx_word' id='word_1_162' title='bbox 712 1902 818 1972; x_wconf 89' lang='lat' dir='ltr'><strong>verba,</strong></span> <span class='ocrx_word' id='word_1_163' title='bbox 842 1890 926 1983; x_wconf 86' lang='lat' dir='ltr'><strong>&#39;quae</strong></span> <span class='ocrx_word' id='word_1_164' title='bbox 949 1903 1028 1964; x_wconf 89' lang='lat' dir='ltr'><strong>trina</strong></span> <span class='ocrx_word' id='word_1_165' title='bbox 1049 1902 1291 1980; x_wconf 81' lang='lat' dir='ltr'><strong>coniugationum</strong></span> <span class='ocrx_word' id='word_1_166' title='bbox 1312 1920 1416 1963; x_wconf 88' lang='lat' dir='ltr'><strong>norma</strong></span> 
     </span>
     <span class='ocr_line' id='line_1_17' title="bbox 111 1988 1487 2085; baseline 0.001 -22"><span class='ocrx_word' id='word_1_167' title='bbox 111 2003 343 2083; x_wconf 81' lang='lat' dir='ltr'><strong>ccomplectitur,</strong></span> <span class='ocrx_word' id='word_1_168' title='bbox 364 2007 396 2065; x_wconf 89' lang='lat' dir='ltr'><strong>in</strong></span> <span class='ocrx_word' id='word_1_169' title='bbox 418 2004 580 2083; x_wconf 89' lang='lat' dir='ltr'><strong>praeterito</strong></span> <span class='ocrx_word' id='word_1_170' title='bbox 595 2003 743 2066; x_wconf 89' lang='lat' dir='ltr'><strong>desinunt.</strong></span> <span class='ocrx_word' id='word_1_171' title='bbox 773 2005 826 2066; x_wconf 92' lang='lat' dir='ltr'><strong>sed</strong></span> <span class='ocrx_word' id='word_1_172' title='bbox 848 2005 959 2085; x_wconf 79' lang='lat' dir='ltr'><strong>nequid</strong></span> <span class='ocrx_word' id='word_1_173' title='bbox 981 2005 1182 2083; x_wconf 75' lang='lat' dir='ltr'><strong>ambiguitatis</strong></span> <span class='ocrx_word' id='word_1_174' title='bbox 1203 2002 1326 2065; x_wconf 89' lang='lat' dir='ltr'><strong>subesse</strong></span> <span class='ocrx_word' id='word_1_175' title='bbox 1347 2023 1415 2084; x_wconf 90' lang='lat' dir='ltr'><strong>pos·</strong></span> <span class='ocrx_word' id='word_1_176' title='bbox 1481 1988 1487 1999; x_wconf 74' lang='lat'>&#39;</span> 
     </span>
     <span class='ocr_line' id='line_1_18' title="bbox 140 2104 1415 2187; baseline 0.002 -23"><span class='ocrx_word' id='word_1_177' title='bbox 140 2105 173 2166; x_wconf 86' lang='lat' dir='ltr'><strong>sit</strong></span> <span class='ocrx_word' id='word_1_178' title='bbox 192 2104 364 2174; x_wconf 86' lang='lat' dir='ltr'><strong>lectoribus,</strong></span> <span class='ocrx_word' id='word_1_179' title='bbox 388 2125 446 2166; x_wconf 90' lang='lat' dir='ltr'><strong>non</strong></span> <span class='ocrx_word' id='word_1_180' title='bbox 469 2105 721 2177; x_wconf 85' lang='lat' dir='ltr'><strong>dissimulabimus</strong></span> <span class='ocrx_word' id='word_1_181' title='bbox 743 2107 779 2168; x_wconf 94' lang='lat' dir='ltr'><strong>de</strong></span> <span class='ocrx_word' id='word_1_182' title='bbox 801 2107 861 2168; x_wconf 88' lang='lat' dir='ltr'><strong>illis</strong></span> <span class='ocrx_word' id='word_1_183' title='bbox 883 2108 999 2178; x_wconf 88' lang='lat' dir='ltr'><strong>dicere,</strong></span> <span class='ocrx_word' id='word_1_184' title='bbox 1028 2126 1104 2187; x_wconf 87' lang='lat' dir='ltr'><strong>quac</strong></span> <span class='ocrx_word' id='word_1_185' title='bbox 1126 2108 1234 2168; x_wconf 89' lang='lat' dir='ltr'><strong>rationi</strong></span> <span class='ocrx_word' id='word_1_186' title='bbox 1262 2107 1415 2184; x_wconf 78' lang='lat' dir='ltr'><strong>refragan-</strong></span> 
     </span>
     <span class='ocr_line' id='line_1_19' title="bbox 140 2205 1414 2290; baseline 0.002 -23"><span class='ocrx_word' id='word_1_187' title='bbox 140 2215 189 2267; x_wconf 91' lang='lat' dir='ltr'><strong>tur.</strong></span> <span class='ocrx_word' id='word_1_188' title='bbox 230 2214 299 2267; x_wconf 91' lang='lat' dir='ltr'><strong>sunt</strong></span> <span class='ocrx_word' id='word_1_189' title='bbox 326 2207 405 2268; x_wconf 85' lang='lat' dir='ltr'><strong>enim</strong></span> <span class='ocrx_word' id='word_1_190' title='bbox 433 2205 524 2268; x_wconf 89' lang='lat' dir='ltr'><strong>verba</strong></span> <span class='ocrx_word' id='word_1_191' title='bbox 552 2227 627 2288; x_wconf 89' lang='lat' dir='ltr'><strong>quae</strong></span> <span class='ocrx_word' id='word_1_192' title='bbox 649 2210 784 2289; x_wconf 85' lang='lat' dir='ltr'><strong>persenis</strong></span> <span class='ocrx_word' id='word_1_193' title='bbox 806 2210 951 2272; x_wconf 82' lang='lat' dir='ltr'><strong>deficiunt</strong></span> <span class='ocrx_word' id='word_1_194' title='bbox 978 2215 1008 2270; x_wconf 91' lang='lat' dir='ltr'><strong>et</strong></span> <span class='ocrx_word' id='word_1_195' title='bbox 1034 2209 1244 2290; x_wconf 86' lang='lat' dir='ltr'><strong>impersonalia</strong></span> <span class='ocrx_word' id='word_1_196' title='bbox 1266 2210 1414 2278; x_wconf 88' lang='lat' dir='ltr'><strong>dicuntur,</strong></span> 
     </span>
     <span class='ocr_line' id='line_1_20' title="bbox 140 2307 1417 2391; baseline 0.002 -23"><span class='ocrx_word' id='word_1_197' title='bbox 140 2307 187 2368; x_wconf 86' lang='lat' dir='ltr'><strong>alia</strong></span> <span class='ocrx_word' id='word_1_198' title='bbox 206 2309 314 2378; x_wconf 89' lang='lat' dir='ltr'><strong>modis,</strong></span> <span class='ocrx_word' id='word_1_199' title='bbox 339 2308 393 2370; x_wconf 86' lang='lat' dir='ltr'><strong>alia</strong></span> <span class='ocrx_word' id='word_1_200' title='bbox 417 2309 615 2390; x_wconf 78' lang='lat' dir='ltr'><strong>temporibus,</strong></span> <span class='ocrx_word' id='word_1_201' title='bbox 639 2310 696 2372; x_wconf 88' lang='lat' dir='ltr'><strong>alia</strong></span> <span class='ocrx_word' id='word_1_202' title='bbox 718 2310 992 2390; x_wconf 81' lang='lat' dir='ltr'><strong>coniugationibus,</strong></span> <span class='ocrx_word' id='word_1_203' title='bbox 1019 2313 1075 2372; x_wconf 88' lang='lat' dir='ltr'><strong>alia</strong></span> <span class='ocrx_word' id='word_1_204' title='bbox 1097 2311 1274 2391; x_wconf 83' lang='lat' dir='ltr'><strong>participiis.</strong></span> <span class='ocrx_word' id='word_1_205' title='bbox 1311 2309 1417 2371; x_wconf 89' lang='lat' dir='ltr'><strong>debis</strong></span> 
     </span>
     <span class='ocr_line' id='line_1_21' title="bbox 139 2412 1415 2493; baseline 0.003 -25"><span class='ocrx_word' id='word_1_206' title='bbox 139 2427 316 2488; x_wconf 71' lang='lat' dir='ltr'><strong>exponemus</strong></span> <span class='ocrx_word' id='word_1_207' title='bbox 335 2417 365 2470; x_wconf 89' lang='lat' dir='ltr'><strong>et</strong></span> <span class='ocrx_word' id='word_1_208' title='bbox 386 2413 517 2491; x_wconf 88' lang='lat' dir='ltr'><strong>primum</strong></span> <span class='ocrx_word' id='word_1_209' title='bbox 540 2412 576 2472; x_wconf 88' lang='lat' dir='ltr'><strong>dc</strong></span> <span class='ocrx_word' id='word_1_210' title='bbox 598 2413 858 2491; x_wconf 87' lang='lat' dir='ltr'><strong>impersonalibus,</strong></span> <span class='ocrx_word' id='word_1_211' title='bbox 882 2433 958 2493; x_wconf 88' lang='lat' dir='ltr'><strong>quae</strong></span> <span class='ocrx_word' id='word_1_212' title='bbox 980 2422 1032 2475; x_wconf 89' lang='lat' dir='ltr'><strong>aut</strong></span> <span class='ocrx_word' id='word_1_213' title='bbox 1053 2413 1201 2475; x_wconf 86' lang='lat' dir='ltr'><strong>secundae</strong></span> <span class='ocrx_word' id='word_1_214' title='bbox 1223 2422 1293 2475; x_wconf 90' lang='lat' dir='ltr'><strong>sunt</strong></span> <span class='ocrx_word' id='word_1_215' title='bbox 1314 2413 1415 2473; x_wconf 89' lang='lat' dir='ltr'><strong>coniu-</strong></span> 
     </span>
     <span class='ocr_line' id='line_1_22' title="bbox 110 2513 1416 2595; baseline -0.001 -21"><span class='ocrx_word' id='word_1_216' title='bbox 110 2513 254 2588; x_wconf 79' lang='lat' dir='ltr'><strong>rogationis</strong></span> <span class='ocrx_word' id='word_1_217' title='bbox 276 2519 327 2572; x_wconf 89' lang='lat' dir='ltr'><strong>aut</strong></span> <span class='ocrx_word' id='word_1_218' title='bbox 348 2513 470 2583; x_wconf 86' lang='lat' dir='ltr'><strong>tertiae,</strong></span> <span class='ocrx_word' id='word_1_219' title='bbox 493 2519 637 2593; x_wconf 86' lang='lat' dir='ltr'><strong>quantum</strong></span> <span class='ocrx_word' id='word_1_220' title='bbox 652 2532 688 2575; x_wconf 81' lang='lat' dir='ltr'><strong>ex</strong></span> <span class='ocrx_word' id='word_1_221' title='bbox 703 2516 792 2576; x_wconf 91' lang='lat' dir='ltr'><strong>tertia</strong></span> <span class='ocrx_word' id='word_1_222' title='bbox 806 2533 935 2595; x_wconf 88' lang='lat' dir='ltr'><strong>persona</strong></span> <span class='ocrx_word' id='word_1_223' title='bbox 951 2515 1146 2595; x_wconf 91' lang='lat' dir='ltr'><strong>contemplari</strong></span> <span class='ocrx_word' id='word_1_224' title='bbox 1167 2514 1247 2574; x_wconf 92' lang='lat' dir='ltr'><strong>licet.</strong></span> <span class='ocrx_word' id='word_1_225' title='bbox 1271 2537 1290 2574; x_wconf 71' lang='lat' dir='ltr'><strong>e</strong></span> <span class='ocrx_word' id='word_1_226' title='bbox 1312 2531 1416 2574; x_wconf 86' lang='lat' dir='ltr'><strong>eorum</strong></span> 
     </span>
     <span class='ocr_line' id='line_1_23' title="bbox 139 2611 1418 2698; baseline 0.002 -25"><span class='ocrx_word' id='word_1_227' title='bbox 139 2611 186 2674; x_wconf 84' lang='lat' dir='ltr'><strong>alia</strong></span> <span class='ocrx_word' id='word_1_228' title='bbox 213 2615 412 2675; x_wconf 87' lang='lat' dir='ltr'><strong>accusativum</strong></span> <span class='ocrx_word' id='word_1_229' title='bbox 440 2633 539 2676; x_wconf 89' lang='lat' dir='ltr'><strong>casum</strong></span> <span class='ocrx_word' id='word_1_230' title='bbox 568 2617 705 2686; x_wconf 87' lang='lat' dir='ltr'><strong>trahunt,</strong></span> <span class='ocrx_word' id='word_1_231' title='bbox 735 2625 768 2678; x_wconf 94' lang='lat' dir='ltr'><strong>ut</strong></span> <span class='ocrx_word' id='word_1_232' title='bbox 797 2617 891 2697; x_wconf 91' lang='lat' dir='ltr'><strong>pudet</strong></span> <span class='ocrx_word' id='word_1_233' title='bbox 918 2618 1017 2679; x_wconf 87' lang='lat' dir='ltr'><strong>taedet</strong></span> <span class='ocrx_word' id='word_1_234' title='bbox 1037 2619 1119 2698; x_wconf 81' lang='lat' dir='ltr'><strong>piget</strong></span> <span class='ocrx_word' id='word_1_235' title='bbox 1140 2616 1273 2696; x_wconf 90' lang='lat' dir='ltr'><strong>poenitet</strong></span> <span class='ocrx_word' id='word_1_236' title='bbox 1293 2617 1418 2676; x_wconf 87' lang='lat' dir='ltr'><strong>miseret</strong></span> 
     </span>
     <span class='ocr_line' id='line_1_24' title="bbox 139 2713 1416 2801; baseline 0.002 -27"><span class='ocrx_word' id='word_1_237' title='bbox 139 2713 229 2787; x_wconf 83' lang='lat' dir='ltr'><strong>decet3</strong></span> <span class='ocrx_word' id='word_1_238' title='bbox 252 2715 309 2777; x_wconf 91' lang='lat' dir='ltr'><strong>alia</strong></span> <span class='ocrx_word' id='word_1_239' title='bbox 332 2715 480 2786; x_wconf 87' lang='lat' dir='ltr'><strong>dativum,</strong></span> <span class='ocrx_word' id='word_1_240' title='bbox 504 2725 537 2778; x_wconf 93' lang='lat' dir='ltr'><strong>ut</strong></span> <span class='ocrx_word' id='word_1_241' title='bbox 557 2717 628 2778; x_wconf 90' lang='lat' dir='ltr'><strong>licet</strong></span> <span class='ocrx_word' id='word_1_242' title='bbox 649 2718 743 2801; x_wconf 87' lang='lat' dir='ltr'><strong>liquet</strong></span> <span class='ocrx_word' id='word_1_243' title='bbox 764 2718 846 2781; x_wconf 90' lang='lat' dir='ltr'><strong>libet.</strong></span> <span class='ocrx_word' id='word_1_244' title='bbox 886 2738 979 2782; x_wconf 88' lang='lat' dir='ltr'><strong>unum</strong></span> <span class='ocrx_word' id='word_1_245' title='bbox 1001 2727 1047 2780; x_wconf 90' lang='lat' dir='ltr'><strong>est</strong></span> <span class='ocrx_word' id='word_1_246' title='bbox 1066 2718 1145 2800; x_wconf 90' lang='lat' dir='ltr'><strong>quod</strong></span> <span class='ocrx_word' id='word_1_247' title='bbox 1160 2736 1239 2786; x_wconf 70' lang='lat' dir='ltr'><strong>‚casu</strong></span> <span class='ocrx_word' id='word_1_248' title='bbox 1259 2736 1319 2778; x_wconf 89' lang='lat' dir='ltr'><strong>uon</strong></span> <span class='ocrx_word' id='word_1_249' title='bbox 1339 2716 1416 2778; x_wconf 89' lang='lat' dir='ltr'><strong>indi·</strong></span> 
     </span>
     <span class='ocr_line' id='line_1_25' title="bbox 138 2806 1419 2906; baseline 0.003 -29"><span class='ocrx_word' id='word_1_250' title='bbox 138 2824 194 2894; x_wconf 81' lang='lat' dir='ltr'><strong>yct,</strong></span> <span class='ocrx_word' id='word_1_251' title='bbox 221 2825 348 2900; x_wconf 86' lang='lat' dir='ltr'><strong>oportet.</strong></span> <span class='ocrx_word' id='word_1_252' title='bbox 393 2827 423 2881; x_wconf 88' lang='lat' dir='ltr'><strong>et</strong></span> <span class='ocrx_word' id='word_1_253' title='bbox 449 2822 548 2881; x_wconf 87' lang='lat' dir='ltr'><strong>omnia</strong></span> <span class='ocrx_word' id='word_1_254' title='bbox 574 2822 769 2901; x_wconf 89' lang='lat' dir='ltr'><strong>praeteritum</strong></span> <span class='ocrx_word' id='word_1_255' title='bbox 796 2822 827 2881; x_wconf 93' lang='lat' dir='ltr'><strong>in</strong></span> <span class='ocrx_word' id='word_1_256' title='bbox 854 2823 900 2884; x_wconf 91' lang='lat' dir='ltr'><strong>uit</strong></span> <span class='ocrx_word' id='word_1_257' title='bbox 927 2820 1054 2902; x_wconf 86' lang='lat' dir='ltr'><strong>syllabas</strong></span> <span class='ocrx_word' id='word_1_258' title='bbox 1082 2806 1239 2906; x_wconf 54' lang='lat' dir='ltr'><strong>mittunt)</strong></span> <span class='ocrx_word' id='word_1_259' title='bbox 1250 2827 1284 2881; x_wconf 92' lang='lat' dir='ltr'><strong>ut</strong></span> <span class='ocrx_word' id='word_1_260' title='bbox 1311 2820 1419 2900; x_wconf 88' lang='lat' dir='ltr'><strong>puduit</strong></span> 
     </span>
     <span class='ocr_line' id='line_1_26' title="bbox 138 2921 1417 3005; baseline 0.002 -26"><span class='ocrx_word' id='word_1_261' title='bbox 138 2921 226 3000; x_wconf 82' lang='lat' dir='ltr'><strong>piguit</strong></span> <span class='ocrx_word' id='word_1_262' title='bbox 245 2922 392 3001; x_wconf 91' lang='lat' dir='ltr'><strong>poenituit</strong></span> <span class='ocrx_word' id='word_1_263' title='bbox 413 2921 496 2983; x_wconf 91' lang='lat' dir='ltr'><strong>licuit</strong></span> <span class='ocrx_word' id='word_1_264' title='bbox 517 2921 605 2983; x_wconf 88' lang='lat' dir='ltr'><strong>libuit</strong></span> <span class='ocrx_word' id='word_1_265' title='bbox 626 2922 734 2993; x_wconf 91' lang='lat' dir='ltr'><strong>decuit,</strong></span> <span class='ocrx_word' id='word_1_266' title='bbox 757 2931 877 3003; x_wconf 87' lang='lat' dir='ltr'><strong>praeter</strong></span> <span class='ocrx_word' id='word_1_267' title='bbox 901 2926 970 2994; x_wconf 90' lang='lat' dir='ltr'><strong>tria,</strong></span> <span class='ocrx_word' id='word_1_268' title='bbox 993 2942 1120 3005; x_wconf 88' lang='lat' dir='ltr'><strong>quorum</strong></span> <span class='ocrx_word' id='word_1_269' title='bbox 1143 2923 1200 2984; x_wconf 89' lang='lat' dir='ltr'><strong>duc</strong></span> <span class='ocrx_word' id='word_1_270' title='bbox 1223 2922 1364 2984; x_wconf 81' lang='lat' dir='ltr'><strong>deliciunt</strong></span> <span class='ocrx_word' id='word_1_271' title='bbox 1385 2922 1417 2981; x_wconf 91' lang='lat' dir='ltr'><strong>in</strong></span> 
     </span>
     <span class='ocr_line' id='line_1_27' title="bbox 107 3022 1416 3106; baseline 0.002 -24"><span class='ocrx_word' id='word_1_272' title='bbox 107 3026 305 3101; x_wconf 74' lang='lat' dir='ltr'><strong>repraeterito,</strong></span> <span class='ocrx_word' id='word_1_273' title='bbox 335 3022 427 3103; x_wconf 88' lang='lat' dir='ltr'><strong>liquet</strong></span> <span class='ocrx_word' id='word_1_274' title='bbox 456 3032 487 3085; x_wconf 93' lang='lat' dir='ltr'><strong>ct</strong></span> <span class='ocrx_word' id='word_1_275' title='bbox 513 3024 626 3095; x_wconf 89' lang='lat' dir='ltr'><strong>taedet,</strong></span> <span class='ocrx_word' id='word_1_276' title='bbox 654 3044 747 3085; x_wconf 89' lang='lat' dir='ltr'><strong>unum</strong></span> <span class='ocrx_word' id='word_1_277' title='bbox 774 3028 859 3106; x_wconf 86' lang='lat' dir='ltr'><strong>quasi</strong></span> <span class='ocrx_word' id='word_1_278' title='bbox 885 3028 1032 3106; x_wconf 90' lang='lat' dir='ltr'><strong>passivam</strong></span> <span class='ocrx_word' id='word_1_279' title='bbox 1059 3024 1150 3087; x_wconf 90' lang='lat' dir='ltr'><strong>babet</strong></span> <span class='ocrx_word' id='word_1_280' title='bbox 1177 3025 1416 3093; x_wconf 88' lang='lat' dir='ltr'><strong>declinationem,</strong></span> 
     </span>
     <span class='ocr_line' id='line_1_28' title="bbox 138 3124 1417 3193; baseline 0.001 -10"><span class='ocrx_word' id='word_1_281' title='bbox 138 3124 265 3185; x_wconf 83' lang='lat' dir='ltr'><strong>miseret:</strong></span> <span class='ocrx_word' id='word_1_282' title='bbox 294 3143 364 3187; x_wconf 89' lang='lat' dir='ltr'><strong>nam</strong></span> <span class='ocrx_word' id='word_1_283' title='bbox 390 3127 556 3187; x_wconf 89' lang='lat' dir='ltr'><strong>miseritum</strong></span> <span class='ocrx_word' id='word_1_284' title='bbox 585 3132 630 3187; x_wconf 87' lang='lat' dir='ltr'><strong>est</strong></span> <span class='ocrx_word' id='word_1_285' title='bbox 658 3126 795 3193; x_wconf 87' lang='lat' dir='ltr'><strong>dicimus.</strong></span> <span class='ocrx_word' id='word_1_286' title='bbox 839 3136 869 3189; x_wconf 87' lang='lat' dir='ltr'><strong>et</strong></span> <span class='ocrx_word' id='word_1_287' title='bbox 895 3129 965 3190; x_wconf 90' lang='lat' dir='ltr'><strong>licet</strong></span> <span class='ocrx_word' id='word_1_288' title='bbox 993 3135 1093 3189; x_wconf 88' lang='lat' dir='ltr'><strong>tamen</strong></span> <span class='ocrx_word' id='word_1_289' title='bbox 1120 3135 1150 3187; x_wconf 89' lang='lat' dir='ltr'><strong>et</strong></span> <span class='ocrx_word' id='word_1_290' title='bbox 1177 3125 1251 3187; x_wconf 89' lang='lat' dir='ltr'><strong>libet</strong></span> <span class='ocrx_word' id='word_1_291' title='bbox 1281 3126 1317 3186; x_wconf 92' lang='lat' dir='ltr'><strong>ad</strong></span> <span class='ocrx_word' id='word_1_292' title='bbox 1339 3125 1417 3185; x_wconf 93' lang='lat' dir='ltr'><strong>hanc</strong></span> 
     </span>
     <span class='ocr_line' id='line_1_29' title="bbox 137 3225 1418 3307; baseline 0.001 -22"><span class='ocrx_word' id='word_1_293' title='bbox 137 3225 353 3287; x_wconf 84' lang='lat' dir='ltr'><strong>similitudinem</strong></span> <span class='ocrx_word' id='word_1_294' title='bbox 379 3228 509 3307; x_wconf 82' lang='lat' dir='ltr'><strong>preferri</strong></span> <span class='ocrx_word' id='word_1_295' title='bbox 536 3236 673 3307; x_wconf 91' lang='lat' dir='ltr'><strong>possunt,</strong></span> <span class='ocrx_word' id='word_1_296' title='bbox 701 3228 814 3289; x_wconf 89' lang='lat' dir='ltr'><strong>licitum</strong></span> <span class='ocrx_word' id='word_1_297' title='bbox 842 3237 889 3291; x_wconf 88' lang='lat' dir='ltr'><strong>est</strong></span> <span class='ocrx_word' id='word_1_298' title='bbox 917 3238 947 3290; x_wconf 90' lang='lat' dir='ltr'><strong>et</strong></span> <span class='ocrx_word' id='word_1_299' title='bbox 972 3229 1090 3291; x_wconf 90' lang='lat' dir='ltr'><strong>libitum</strong></span> <span class='ocrx_word' id='word_1_300' title='bbox 1118 3237 1179 3299; x_wconf 91' lang='lat' dir='ltr'><strong>est,</strong></span> <span class='ocrx_word' id='word_1_301' title='bbox 1211 3234 1242 3287; x_wconf 93' lang='lat' dir='ltr'><strong>et</strong></span> <span class='ocrx_word' id='word_1_302' title='bbox 1263 3226 1364 3288; x_wconf 89' lang='lat' dir='ltr'><strong>taedet</strong></span> <span class='ocrx_word' id='word_1_303' title='bbox 1384 3228 1418 3287; x_wconf 92' lang='lat' dir='ltr'><strong>in</strong></span> 
     </span>
     <span class='ocr_line' id='line_1_30' title="bbox 138 3325 1416 3411; baseline 0.002 -26"><span class='ocrx_word' id='word_1_304' title='bbox 138 3329 291 3409; x_wconf 85' lang='lat' dir='ltr'><strong>conposita</strong></span> <span class='ocrx_word' id='word_1_305' title='bbox 312 3330 421 3407; x_wconf 84' lang='lat' dir='ltr'><strong>figura,</strong></span> <span class='ocrx_word' id='word_1_306' title='bbox 444 3336 614 3411; x_wconf 89' lang='lat' dir='ltr'><strong>pertaesum</strong></span> <span class='ocrx_word' id='word_1_307' title='bbox 637 3338 692 3391; x_wconf 90' lang='lat' dir='ltr'><strong>est.</strong></span> <span class='ocrx_word' id='word_1_308' title='bbox 725 3332 831 3392; x_wconf 87' lang='lat' dir='ltr'><strong>tertiae</strong></span> <span class='ocrx_word' id='word_1_309' title='bbox 854 3333 1070 3411; x_wconf 80' lang='lat' dir='ltr'><strong>coniugationis</strong></span> <span class='ocrx_word' id='word_1_310' title='bbox 1091 3325 1195 3411; x_wconf 78' lang='lat' dir='ltr'><strong>imperi</strong></span> <span class='ocrx_word' id='word_1_311' title='bbox 1207 3327 1416 3390; x_wconf 69' lang='grc' dir='ltr'><strong>1111111111ῑί-</strong></span> 
     </span>
     <span class='ocr_line' id='line_1_31' title="bbox 137 3430 1417 3513; baseline 0.001 -25"><span class='ocrx_word' id='word_1_312' title='bbox 137 3446 198 3491; x_wconf 88' lang='lat' dir='ltr'><strong>vum</strong></span> <span class='ocrx_word' id='word_1_313' title='bbox 219 3449 319 3493; x_wconf 89' lang='lat' dir='ltr'><strong>casum</strong></span> <span class='ocrx_word' id='word_1_314' title='bbox 342 3430 514 3502; x_wconf 87' lang='lat' dir='ltr'><strong>adsumunt,</strong></span> <span class='ocrx_word' id='word_1_315' title='bbox 538 3438 571 3493; x_wconf 92' lang='lat' dir='ltr'><strong>ut</strong></span> <span class='ocrx_word' id='word_1_316' title='bbox 592 3434 737 3511; x_wconf 85' lang='lat' dir='ltr'><strong>contingit</strong></span> <span class='ocrx_word' id='word_1_317' title='bbox 766 3434 864 3494; x_wconf 90' lang='lat' dir='ltr'><strong>evenit</strong></span> <span class='ocrx_word' id='word_1_318' title='bbox 886 3433 996 3495; x_wconf 90' lang='lat' dir='ltr'><strong>accidit</strong></span> <span class='ocrx_word' id='word_1_319' title='bbox 1016 3433 1147 3513; x_wconf 85' lang='lat' dir='ltr'><strong>expedit.</strong></span> <span class='ocrx_word' id='word_1_320' title='bbox 1190 3430 1335 3511; x_wconf 87' lang='lat' dir='ltr'><strong>quaedam</strong></span> <span class='ocrx_word' id='word_1_321' title='bbox 1356 3431 1417 3510; x_wconf 85' lang='lat' dir='ltr'><strong>pri-</strong></span> 
     </span>
     <span class='ocr_line' id='line_1_32' title="bbox 108 3532 1419 3616; baseline 0 -23"><span class='ocrx_word' id='word_1_322' title='bbox 108 3548 195 3593; x_wconf 85' lang='lat' dir='ltr'><strong>omae</strong></span> <span class='ocrx_word' id='word_1_323' title='bbox 223 3532 439 3611; x_wconf 84' lang='lat' dir='ltr'><strong>coniugationis</strong></span> <span class='ocrx_word' id='word_1_324' title='bbox 467 3534 675 3615; x_wconf 86' lang='lat' dir='ltr'><strong>impersonalia</strong></span> <span class='ocrx_word' id='word_1_325' title='bbox 708 3537 914 3616; x_wconf 91' lang='lat' dir='ltr'><strong>reperiuntur,</strong></span> <span class='ocrx_word' id='word_1_326' title='bbox 942 3543 976 3597; x_wconf 90' lang='lat' dir='ltr'><strong>ut</strong></span> <span class='ocrx_word' id='word_1_327' title='bbox 1002 3536 1084 3597; x_wconf 91' lang='lat' dir='ltr'><strong>iuvat</strong></span> <span class='ocrx_word' id='word_1_328' title='bbox 1109 3540 1256 3615; x_wconf 89' lang='lat' dir='ltr'><strong>praestat,</strong></span> <span class='ocrx_word' id='word_1_329' title='bbox 1290 3550 1365 3613; x_wconf 88' lang='lat' dir='ltr'><strong>quac</strong></span> <span class='ocrx_word' id='word_1_330' title='bbox 1388 3539 1419 3593; x_wconf 91' lang='lat' dir='ltr'><strong>et</strong></span> 
     </span>
    </p>
   </div>
   <div class='ocr_carea' id='block_1_3' title="bbox 138 3735 1420 3873">
    <p class='ocr_par' dir='ltr' id='par_1_3' title="bbox 138 3735 1420 3873">
     <span class='ocr_line' id='line_1_33' title="bbox 222 3735 1420 3805; baseline 0.002 -20"><span class='ocrx_word' id='word_1_331' title='bbox 222 3735 236 3785; x_wconf 96' lang='lat'>1</span> <span class='ocrx_word' id='word_1_332' title='bbox 257 3744 345 3799; x_wconf 82' lang='lat' dir='ltr'><strong>quarte</strong></span> <span class='ocrx_word' id='word_1_333' title='bbox 363 3738 509 3804; x_wconf 76' lang='lat' dir='ltr'><strong>coniugatio</strong></span> <span class='ocrx_word' id='word_1_334' title='bbox 527 3738 603 3791; x_wconf 80' lang='lat' dir='ltr'><strong>Olor.</strong></span> <span class='ocrx_word' id='word_1_335' title='bbox 620 3737 680 3801; x_wconf 79' lang='lat'><strong>246,</strong></span> <span class='ocrx_word' id='word_1_336' title='bbox 700 3738 740 3791; x_wconf 83' lang='lat'><strong>17.</strong></span> <span class='ocrx_word' id='word_1_337' title='bbox 760 3755 820 3791; x_wconf 74' lang='lat' dir='ltr'><strong>ecc.</strong></span> <span class='ocrx_word' id='word_1_338' title='bbox 840 3739 916 3793; x_wconf 83' lang='lat' dir='ltr'><strong>Cdar.</strong></span> <span class='ocrx_word' id='word_1_339' title='bbox 935 3739 996 3805; x_wconf 77' lang='lat' dir='ltr'><strong>ota,</strong></span> <span class='ocrx_word' id='word_1_340' title='bbox 1013 3739 1048 3792; x_wconf 79' lang='grc'><strong>26</strong></span> <span class='ocrx_word' id='word_1_341' title='bbox 1118 3740 1150 3791; x_wconf 86' lang='grc'><strong>17</strong></span> <span class='ocrx_word' id='word_1_342' title='bbox 1168 3740 1200 3789; x_wconf 90' lang='lat' dir='ltr'><strong>de</strong></span> <span class='ocrx_word' id='word_1_343' title='bbox 1216 3736 1420 3803; x_wconf 79' lang='lat' dir='ltr'><strong>inperecnelibus</strong></span> 
     </span>
     <span class='ocr_line' id='line_1_34' title="bbox 138 3803 557 3873; baseline 0.014 -19"><span class='ocrx_word' id='word_1_344' title='bbox 138 3803 206 3859; x_wconf 75' lang='lat' dir='ltr'><strong>coar.</strong></span> <span class='ocrx_word' id='word_1_345' title='bbox 222 3804 281 3865; x_wconf 72' lang='lat'><strong>²53,</strong></span> <span class='ocrx_word' id='word_1_346' title='bbox 299 3806 325 3861; x_wconf 91' lang='grc'><strong>6.</strong></span> <span class='ocrx_word' id='word_1_347' title='bbox 344 3808 426 3860; x_wconf 69' lang='lat' dir='ltr'><strong>mom.</strong></span> <span class='ocrx_word' id='word_1_348' title='bbox 445 3806 506 3873; x_wconf 78' lang='lat'><strong>397,</strong></span> <span class='ocrx_word' id='word_1_349' title='bbox 526 3808 557 3860; x_wconf 92' lang='lat' dir='ltr'><strong>ll</strong></span> 
     </span>
    </p>
   </div>
   <div class='ocr_carea' id='block_1_4' title="bbox 137 3977 1420 4951">
    <p class='ocr_par' dir='ltr' id='par_1_4' title="bbox 137 3977 1420 4951">
     <span class='ocr_line' id='line_1_35' title="bbox 139 3977 1415 4046; baseline 0.002 -22"><span class='ocrx_word' id='word_1_350' title='bbox 139 3977 227 4028; x_wconf 78' lang='lat' dir='ltr'><strong>crudae</strong></span> <span class='ocrx_word' id='word_1_351' title='bbox 245 3986 271 4028; x_wconf 86' lang='lat' dir='ltr'><strong>et</strong></span> <span class='ocrx_word' id='word_1_352' title='bbox 292 3988 331 4029; x_wconf 84' lang='lat' dir='ltr'><strong>est</strong></span> <span class='ocrx_word' id='word_1_353' title='bbox 348 3981 446 4046; x_wconf 81' lang='lat' dir='ltr'><strong>primae</strong></span> <span class='ocrx_word' id='word_1_354' title='bbox 466 3980 688 4046; x_wconf 71' lang='lat' dir='ltr'><strong>coniugationise</strong></span> <span class='ocrx_word' id='word_1_355' title='bbox 757 3982 818 4033; x_wconf 82' lang='grc'><strong>211</strong></span> <span class='ocrx_word' id='word_1_356' title='bbox 836 3982 913 4032; x_wconf 86' lang='lat' dir='ltr'><strong>finem</strong></span> <span class='ocrx_word' id='word_1_357' title='bbox 931 3982 1107 4031; x_wconf 85' lang='lat' dir='ltr'><strong>conserth</strong></span> <span class='ocrx_word' id='word_1_358' title='bbox 1175 3978 1250 4030; x_wconf 72' lang='lat' dir='ltr'><strong>ivel</strong></span> <span class='ocrx_word' id='word_1_359' title='bbox 1269 3979 1351 4029; x_wconf 81' lang='lat' dir='ltr'><strong>suerii</strong></span> <span class='ocrx_word' id='word_1_360' title='bbox 1369 3981 1415 4028; x_wconf 75' lang='lat' dir='ltr'><strong>oie.</strong></span> 
     </span>
     <span class='ocr_line' id='line_1_36' title="bbox 139 4046 1420 4113; baseline -0.002 -13"><span class='ocrx_word' id='word_1_361' title='bbox 139 4046 161 4093; x_wconf 85' lang='lat' dir='ltr'><strong><em>P</em></strong></span> <span class='ocrx_word' id='word_1_362' title='bbox 224 4048 299 4100; x_wconf 81' lang='lat' dir='ltr'><strong>dvel</strong></span> <span class='ocrx_word' id='word_1_363' title='bbox 317 4051 365 4099; x_wconf 83' lang='lat' dir='ltr'><strong>scii</strong></span> <span class='ocrx_word' id='word_1_364' title='bbox 384 4065 431 4103; x_wconf 87' lang='lat' dir='ltr'><strong>om.</strong></span> <span class='ocrx_word' id='word_1_365' title='bbox 451 4052 476 4101; x_wconf 93' lang='lat' dir='ltr'><em>P</em></span> <span class='ocrx_word' id='word_1_366' title='bbox 542 4052 607 4101; x_wconf 83' lang='lat' dir='ltr'><strong>&#39;leo</strong></span> <span class='ocrx_word' id='word_1_367' title='bbox 627 4050 661 4100; x_wconf 90' lang='lat' dir='ltr'><strong>ibi</strong></span> <span class='ocrx_word' id='word_1_368' title='bbox 681 4050 720 4100; x_wconf 90' lang='lat' dir='ltr'><strong>uel</strong></span> <span class='ocrx_word' id='word_1_369' title='bbox 738 4052 756 4101; x_wconf 91' lang='lat' dir='ltr'><strong>ii</strong></span> <span class='ocrx_word' id='word_1_370' title='bbox 775 4052 807 4113; x_wconf 88' lang='lat' dir='ltr'><strong>P,</strong></span> <span class='ocrx_word' id='word_1_371' title='bbox 827 4068 873 4106; x_wconf 82' lang='lat' dir='ltr'><strong>om.</strong></span> <span class='ocrx_word' id='word_1_372' title='bbox 893 4053 937 4109; x_wconf 69' lang='lat' dir='ltr'><strong>Fe</strong></span> <span class='ocrx_word' id='word_1_373' title='bbox 998 4050 1112 4104; x_wconf 83' lang='lat' dir='ltr'><strong>illulcic</strong></span> <span class='ocrx_word' id='word_1_374' title='bbox 1132 4046 1208 4113; x_wconf 78' lang='lat' dir='ltr'><strong>iclxi]</strong></span> <span class='ocrx_word' id='word_1_375' title='bbox 1227 4049 1299 4099; x_wconf 80' lang='lat' dir='ltr'><strong>initio</strong></span> <span class='ocrx_word' id='word_1_376' title='bbox 1318 4047 1420 4098; x_wconf 75' lang='lat' dir='ltr'><strong>inluiP</strong></span> 
     </span>
     <span class='ocr_line' id='line_1_37' title="bbox 201 4118 1418 4187; baseline 0 -20"><span class='ocrx_word' id='word_1_377' title='bbox 201 4118 233 4168; x_wconf 79' lang='lat'><strong>12</strong></span> <span class='ocrx_word' id='word_1_378' title='bbox 248 4121 334 4184; x_wconf 84' lang='lat' dir='ltr'><strong>eperia</strong></span> <span class='ocrx_word' id='word_1_379' title='bbox 353 4121 442 4185; x_wconf 85' lang='lat' dir='ltr'><strong>aperui</strong></span> <span class='ocrx_word' id='word_1_380' title='bbox 461 4121 501 4171; x_wconf 88' lang='lat' dir='ltr'><strong>evi</strong></span> <span class='ocrx_word' id='word_1_381' title='bbox 520 4121 680 4186; x_wconf 83' lang='lat' dir='ltr'><strong>conpositum</strong></span> <span class='ocrx_word' id='word_1_382' title='bbox 700 4122 822 4173; x_wconf 76' lang='lat' dir='ltr'><strong>dementit</strong></span> <span class='ocrx_word' id='word_1_383' title='bbox 842 4123 958 4187; x_wconf 87' lang='lat' dir='ltr'><strong>repperio</strong></span> <span class='ocrx_word' id='word_1_384' title='bbox 977 4121 1076 4187; x_wconf 87' lang='lat' dir='ltr'><strong>repperi</strong></span> <span class='ocrx_word' id='word_1_385' title='bbox 1095 4120 1120 4170; x_wconf 82' lang='lat' dir='ltr'><em>F</em></span> <span class='ocrx_word' id='word_1_386' title='bbox 1134 4120 1222 4185; x_wconf 81' lang='lat' dir='ltr'><strong>sperio</strong></span> <span class='ocrx_word' id='word_1_387' title='bbox 1239 4119 1327 4184; x_wconf 83' lang='lat' dir='ltr'><strong>aperui</strong></span> <span class='ocrx_word' id='word_1_388' title='bbox 1345 4118 1418 4168; x_wconf 89' lang='lat' dir='ltr'><strong>cuius</strong></span> 
     </span>
     <span class='ocr_line' id='line_1_38' title="bbox 138 4188 1416 4257; baseline 0.005 -24"><span class='ocrx_word' id='word_1_389' title='bbox 138 4188 298 4253; x_wconf 84' lang='lat' dir='ltr'><strong>compositum</strong></span> <span class='ocrx_word' id='word_1_390' title='bbox 322 4190 440 4241; x_wconf 80' lang='lat' dir='ltr'><strong>dissentit</strong></span> <span class='ocrx_word' id='word_1_391' title='bbox 462 4192 580 4257; x_wconf 89' lang='lat' dir='ltr'><strong>repperio</strong></span> <span class='ocrx_word' id='word_1_392' title='bbox 600 4191 700 4255; x_wconf 84' lang='lat' dir='ltr'><strong>repperi</strong></span> <span class='ocrx_word' id='word_1_393' title='bbox 722 4204 739 4248; x_wconf 81' lang='grc' dir='ltr'><strong>ς</strong></span> <span class='ocrx_word' id='word_1_394' title='bbox 762 4207 777 4241; x_wconf 88' lang='grc'><strong>1</strong></span> <span class='ocrx_word' id='word_1_395' title='bbox 794 4194 866 4257; x_wconf 82' lang='lat' dir='ltr'><strong>pario</strong></span> <span class='ocrx_word' id='word_1_396' title='bbox 886 4192 1028 4257; x_wconf 84' lang='lat' dir='ltr'><strong>composita</strong></span> <span class='ocrx_word' id='word_1_397' title='bbox 1047 4191 1200 4240; x_wconf 86' lang='lat' dir='ltr'><strong>dissentiunt</strong></span> <span class='ocrx_word' id='word_1_398' title='bbox 1219 4190 1245 4238; x_wconf 90' lang='lat' dir='ltr'><strong>iu</strong></span> <span class='ocrx_word' id='word_1_399' title='bbox 1272 4190 1416 4254; x_wconf 80' lang='lat' dir='ltr'><strong>praeterito.</strong></span> 
     </span>
     <span class='ocr_line' id='line_1_39' title="bbox 138 4257 1417 4327; baseline 0.001 -22"><span class='ocrx_word' id='word_1_400' title='bbox 138 4257 218 4319; x_wconf 81' lang='lat' dir='ltr'><strong>aperio</strong></span> <span class='ocrx_word' id='word_1_401' title='bbox 240 4259 306 4308; x_wconf 87' lang='lat' dir='ltr'><strong>enim</strong></span> <span class='ocrx_word' id='word_1_402' title='bbox 329 4262 417 4326; x_wconf 82' lang='lat' dir='ltr'><strong>aperui</strong></span> <span class='ocrx_word' id='word_1_403' title='bbox 442 4260 518 4321; x_wconf 84' lang='lat' dir='ltr'><strong>iecit,</strong></span> <span class='ocrx_word' id='word_1_404' title='bbox 542 4260 629 4325; x_wconf 86' lang='lat' dir='ltr'><strong>operio</strong></span> <span class='ocrx_word' id='word_1_405' title='bbox 654 4262 750 4325; x_wconf 89' lang='lat' dir='ltr'><strong>operui,</strong></span> <span class='ocrx_word' id='word_1_406' title='bbox 780 4262 880 4326; x_wconf 86' lang='lat' dir='ltr'><strong>reperio</strong></span> <span class='ocrx_word' id='word_1_407' title='bbox 896 4270 981 4311; x_wconf 81' lang='lat' dir='ltr'><strong>autem</strong></span> <span class='ocrx_word' id='word_1_408' title='bbox 999 4262 1095 4327; x_wconf 89' lang='lat' dir='ltr'><strong>reperi,</strong></span> <span class='ocrx_word' id='word_1_409' title='bbox 1116 4269 1141 4309; x_wconf 89' lang='lat' dir='ltr'><strong>et</strong></span> <span class='ocrx_word' id='word_1_410' title='bbox 1159 4259 1287 4324; x_wconf 84' lang='lat' dir='ltr'><strong>comperio</strong></span> <span class='ocrx_word' id='word_1_411' title='bbox 1306 4260 1417 4322; x_wconf 87' lang='lat' dir='ltr'><strong>comperi</strong></span> 
     </span>
     <span class='ocr_line' id='line_1_40' title="bbox 138 4324 1417 4395; baseline 0 -19"><span class='ocrx_word' id='word_1_412' title='bbox 138 4324 272 4383; x_wconf 67' lang='lat' dir='ltr'><strong>Perottus.</strong></span> <span class='ocrx_word' id='word_1_413' title='bbox 290 4330 383 4381; x_wconf 70' lang='lat' dir='ltr'><strong>lamma</strong></span> <span class='ocrx_word' id='word_1_414' title='bbox 400 4346 473 4395; x_wconf 70' lang='lat' dir='ltr'><strong>quarn</strong></span> <span class='ocrx_word' id='word_1_415' title='bbox 490 4330 599 4381; x_wconf 79' lang='lat' dir='ltr'><strong>indicavi</strong></span> <span class='ocrx_word' id='word_1_416' title='bbox 617 4332 733 4395; x_wconf 69' lang='lat' dir='ltr'><strong>exempla</strong></span> <span class='ocrx_word' id='word_1_417' title='bbox 748 4330 877 4381; x_wconf 74' lang='lat' dir='ltr'><strong>perborum</strong></span> <span class='ocrx_word' id='word_1_418' title='bbox 893 4348 928 4383; x_wconf 77' lang='lat' dir='ltr'><strong>ea:</strong></span> <span class='ocrx_word' id='word_1_419' title='bbox 944 4348 968 4384; x_wconf 85' lang='lat' dir='ltr'><strong>c.</strong></span> <span class='ocrx_word' id='word_1_420' title='bbox 989 4332 1062 4382; x_wconf 85' lang='lat' dir='ltr'><strong>venio</strong></span> <span class='ocrx_word' id='word_1_421' title='bbox 1079 4329 1261 4394; x_wconf 69' lang='lat' dir='ltr'><strong>conpositam</strong></span> <span class='ocrx_word' id='word_1_422' title='bbox 1278 4335 1304 4377; x_wconf 88' lang='lat' dir='ltr'><strong>et</strong></span> <span class='ocrx_word' id='word_1_423' title='bbox 1330 4328 1417 4391; x_wconf 77' lang='lat' dir='ltr'><strong>defini·</strong></span> 
     </span>
     <span class='ocr_line' id='line_1_41' title="bbox 137 4396 1352 4466; baseline 0.002 -22"><span class='ocrx_word' id='word_1_424' title='bbox 137 4396 167 4444; x_wconf 85' lang='lat' dir='ltr'><strong>tio</strong></span> <span class='ocrx_word' id='word_1_425' title='bbox 181 4399 276 4447; x_wconf 70' lang='lat' dir='ltr'><strong>iliorum</strong></span> <span class='ocrx_word' id='word_1_426' title='bbox 295 4415 360 4464; x_wconf 71' lang='lat' dir='ltr'><strong>prae</strong></span> <span class='ocrx_word' id='word_1_427' title='bbox 372 4402 537 4466; x_wconf 66' lang='lat' dir='ltr'><strong>praeteritura</strong></span> <span class='ocrx_word' id='word_1_428' title='bbox 551 4400 617 4450; x_wconf 77' lang='grc'><strong>1111</strong></span> <span class='ocrx_word' id='word_1_429' title='bbox 632 4400 731 4463; x_wconf 75' lang='lat' dir='ltr'><strong>sociant</strong></span> <span class='ocrx_word' id='word_1_430' title='bbox 747 4402 875 4453; x_wconf 69' lang='lat' dir='ltr'><strong>excidisse</strong></span> <span class='ocrx_word' id='word_1_431' title='bbox 892 4401 1010 4451; x_wconf 77' lang='lat' dir='ltr'><strong>ridentur</strong></span> <span class='ocrx_word' id='word_1_432' title='bbox 1078 4400 1195 4465; x_wconf 89' lang='lat' dir='ltr'><strong>repperio</strong></span> <span class='ocrx_word' id='word_1_433' title='bbox 1209 4397 1312 4464; x_wconf 87' lang='lat' dir='ltr'><strong>repperi</strong></span> <span class='ocrx_word' id='word_1_434' title='bbox 1325 4398 1352 4447; x_wconf 89' lang='lat' dir='ltr'><em>P</em></span> 
     </span>
     <span class='ocr_line' id='line_1_42' title="bbox 139 4464 1418 4549; baseline 0.001 -34"><span class='ocrx_word' id='word_1_435' title='bbox 139 4464 168 4515; x_wconf 86' lang='grc'><strong>16</strong></span> <span class='ocrx_word' id='word_1_436' title='bbox 184 4465 225 4533; x_wconf 90' lang='lat' dir='ltr'><strong>de]</strong></span> <span class='ocrx_word' id='word_1_437' title='bbox 243 4470 288 4519; x_wconf 80' lang='lat' dir='ltr'><strong>sed</strong></span> <span class='ocrx_word' id='word_1_438' title='bbox 306 4472 331 4521; x_wconf 89' lang='lat' dir='ltr'><em>P</em></span> <span class='ocrx_word' id='word_1_439' title='bbox 399 4469 578 4536; x_wconf 79' lang='lat' dir='ltr'><strong>reiranguntur</strong></span> <span class='ocrx_word' id='word_1_440' title='bbox 595 4470 621 4520; x_wconf 89' lang='lat' dir='ltr'><em>P</em></span> <span class='ocrx_word' id='word_1_441' title='bbox 635 4470 800 4549; x_wconf 56' lang='lat' dir='ltr'><strong>reivegantf</strong></span> <span class='ocrx_word' id='word_1_442' title='bbox 868 4472 901 4522; x_wconf 81' lang='lat'><strong>17</strong></span> <span class='ocrx_word' id='word_1_443' title='bbox 918 4472 1025 4533; x_wconf 79' lang='lat' dir='ltr'><strong>quaein</strong></span> <span class='ocrx_word' id='word_1_444' title='bbox 1042 4469 1159 4535; x_wconf 86' lang='lat' dir='ltr'><strong>personis</strong></span> <span class='ocrx_word' id='word_1_445' title='bbox 1178 4467 1299 4517; x_wconf 85' lang='lat' dir='ltr'><strong>deficiunt</strong></span> <span class='ocrx_word' id='word_1_446' title='bbox 1317 4476 1342 4516; x_wconf 86' lang='lat' dir='ltr'><strong>et</strong></span> <span class='ocrx_word' id='word_1_447' title='bbox 1360 4482 1418 4532; x_wconf 88' lang='lat' dir='ltr'><strong>per-</strong></span> 
     </span>
     <span class='ocr_line' id='line_1_43' title="bbox 138 4536 1418 4605; baseline 0 -20"><span class='ocrx_word' id='word_1_448' title='bbox 138 4536 231 4586; x_wconf 82' lang='lat' dir='ltr'><strong>sonalia</strong></span> <span class='ocrx_word' id='word_1_449' title='bbox 250 4539 274 4588; x_wconf 76' lang='lat' dir='ltr'><em>F</em></span> <span class='ocrx_word' id='word_1_450' title='bbox 338 4540 373 4591; x_wconf 79' lang='lat'><strong>20</strong></span> <span class='ocrx_word' id='word_1_451' title='bbox 390 4540 504 4591; x_wconf 79' lang='lat' dir='ltr'><strong>lacunam</strong></span> <span class='ocrx_word' id='word_1_452' title='bbox 521 4556 594 4605; x_wconf 68' lang='grc'><strong>11111</strong></span> <span class='ocrx_word' id='word_1_453' title='bbox 606 4540 714 4591; x_wconf 81' lang='lat' dir='ltr'><strong>indicari</strong></span> <span class='ocrx_word' id='word_1_454' title='bbox 730 4542 854 4605; x_wconf 75' lang='lat' dir='ltr'><strong>supplevit</strong></span> <span class='ocrx_word' id='word_1_455' title='bbox 869 4540 1011 4603; x_wconf 76' lang='lat' dir='ltr'><strong>Pvtscda&#39;ue,</strong></span> <span class='ocrx_word' id='word_1_456' title='bbox 1030 4554 1095 4605; x_wconf 86' lang='lat' dir='ltr'><strong>quae</strong></span> <span class='ocrx_word' id='word_1_457' title='bbox 1111 4538 1239 4588; x_wconf 83' lang='lat' dir='ltr'><strong>secundae</strong></span> <span class='ocrx_word' id='word_1_458' title='bbox 1258 4538 1418 4602; x_wconf 77' lang='lat' dir='ltr'><strong>coniugatio-</strong></span> 
     </span>
     <span class='ocr_line' id='line_1_44' title="bbox 139 4604 1419 4676; baseline 0.005 -25"><span class='ocrx_word' id='word_1_459' title='bbox 139 4604 175 4651; x_wconf 83' lang='lat' dir='ltr'><strong>uis</strong></span> <span class='ocrx_word' id='word_1_460' title='bbox 192 4616 259 4668; x_wconf 83' lang='lat' dir='ltr'><strong>sont,</strong></span> <span class='ocrx_word' id='word_1_461' title='bbox 277 4623 364 4659; x_wconf 89' lang='lat' dir='ltr'><strong>eorum</strong></span> <span class='ocrx_word' id='word_1_462' title='bbox 376 4609 426 4659; x_wconf 87' lang='grc'><strong>1111</strong></span> <span class='ocrx_word' id='word_1_463' title='bbox 444 4619 492 4661; x_wconf 82' lang='lat' dir='ltr'><strong>ete.</strong></span> <span class='ocrx_word' id='word_1_464' title='bbox 505 4625 650 4676; x_wconf 72' lang='lat' dir='ltr'><strong>qaccmqacam</strong></span> <span class='ocrx_word' id='word_1_465' title='bbox 664 4613 742 4673; x_wconf 83' lang='lat' dir='ltr'><strong>plura</strong></span> <span class='ocrx_word' id='word_1_466' title='bbox 757 4610 871 4670; x_wconf 77' lang='lat' dir='ltr'><strong>sortasre</strong></span> <span class='ocrx_word' id='word_1_467' title='bbox 888 4612 921 4661; x_wconf 84' lang='lat' dir='ltr'><strong>de</strong></span> <span class='ocrx_word' id='word_1_468' title='bbox 932 4612 1104 4661; x_wconf 64' lang='lat' dir='ltr'><strong>ermacorae</strong></span> <span class='ocrx_word' id='word_1_469' title='bbox 1117 4609 1310 4671; x_wconf 63' lang='lat' dir='ltr'><strong>impersonalium</strong></span> <span class='ocrx_word' id='word_1_470' title='bbox 1321 4609 1419 4671; x_wconf 72' lang='lat' dir='ltr'><strong>scripta</strong></span> 
     </span>
     <span class='ocr_line' id='line_1_45' title="bbox 139 4677 1417 4745; baseline 0.001 -20"><span class='ocrx_word' id='word_1_471' title='bbox 139 4683 217 4726; x_wconf 67' lang='lat' dir='ltr'><strong>eant:</strong></span> <span class='ocrx_word' id='word_1_472' title='bbox 242 4677 277 4737; x_wconf 76' lang='lat' dir='ltr'><strong>ef.</strong></span> <span class='ocrx_word' id='word_1_473' title='bbox 295 4678 360 4733; x_wconf 79' lang='lat' dir='ltr'><strong>nov.</strong></span> <span class='ocrx_word' id='word_1_474' title='bbox 382 4696 409 4745; x_wconf 87' lang='lat' dir='ltr'><strong>p.</strong></span> <span class='ocrx_word' id='word_1_475' title='bbox 432 4678 493 4743; x_wconf 72' lang='lat'><strong>³84,</strong></span> <span class='ocrx_word' id='word_1_476' title='bbox 510 4680 544 4732; x_wconf 77' lang='lat'><strong>24</strong></span> <span class='ocrx_word' id='word_1_477' title='bbox 563 4694 628 4743; x_wconf 83' lang='lat' dir='ltr'><strong>quae</strong></span> <span class='ocrx_word' id='word_1_478' title='bbox 647 4694 705 4729; x_wconf 88' lang='lat' dir='ltr'><strong>vero</strong></span> <span class='ocrx_word' id='word_1_479' title='bbox 725 4680 749 4731; x_wconf 93' lang='lat' dir='ltr'><strong>in</strong></span> <span class='ocrx_word' id='word_1_480' title='bbox 767 4689 791 4729; x_wconf 90' lang='lat' dir='ltr'><strong>et</strong></span> <span class='ocrx_word' id='word_1_481' title='bbox 810 4689 918 4745; x_wconf 84' lang='lat' dir='ltr'><strong>exeunt,</strong></span> <span class='ocrx_word' id='word_1_482' title='bbox 934 4696 964 4731; x_wconf 87' lang='lat' dir='ltr'><strong>ea</strong></span> <span class='ocrx_word' id='word_1_483' title='bbox 982 4680 1058 4730; x_wconf 88' lang='lat' dir='ltr'><strong>modo</strong></span> <span class='ocrx_word' id='word_1_484' title='bbox 1077 4679 1163 4728; x_wconf 81' lang='lat' dir='ltr'><strong>dativo</strong></span> <span class='ocrx_word' id='word_1_485' title='bbox 1180 4678 1257 4729; x_wconf 70' lang='grc'><strong>111111</strong></span> <span class='ocrx_word' id='word_1_486' title='bbox 1274 4678 1417 4727; x_wconf 84' lang='lat' dir='ltr'><strong>accusativo</strong></span> 
     </span>
     <span class='ocr_line' id='line_1_46' title="bbox 138 4745 1420 4814; baseline 0.002 -21"><span class='ocrx_word' id='word_1_487' title='bbox 138 4745 203 4794; x_wconf 76' lang='lat' dir='ltr'><strong>casui</strong></span> <span class='ocrx_word' id='word_1_488' title='bbox 218 4748 329 4799; x_wconf 81' lang='lat' dir='ltr'><strong>serviunt</strong></span> <span class='ocrx_word' id='word_1_489' title='bbox 399 4748 555 4801; x_wconf 70' lang='lat' dir='ltr'><strong>mutilen</strong></span> <span class='ocrx_word' id='word_1_490' title='bbox 575 4749 639 4811; x_wconf 87' lang='lat' dir='ltr'><strong>liqui</strong></span> <span class='ocrx_word' id='word_1_491' title='bbox 662 4757 686 4798; x_wconf 90' lang='lat' dir='ltr'><strong>et</strong></span> <span class='ocrx_word' id='word_1_492' title='bbox 702 4764 780 4799; x_wconf 86' lang='lat' dir='ltr'><strong>unum</strong></span> <span class='ocrx_word' id='word_1_493' title='bbox 804 4752 886 4801; x_wconf 73' lang='grc'><strong>1111&gt;</strong></span> <span class='ocrx_word' id='word_1_494' title='bbox 952 4750 986 4801; x_wconf 77' lang='lat'><strong>23</strong></span> <span class='ocrx_word' id='word_1_495' title='bbox 1004 4751 1030 4799; x_wconf 88' lang='lat' dir='ltr'><strong>in</strong></span> <span class='ocrx_word' id='word_1_496' title='bbox 1049 4750 1087 4799; x_wconf 90' lang='lat' dir='ltr'><strong>uit</strong></span> <span class='ocrx_word' id='word_1_497' title='bbox 1103 4748 1227 4814; x_wconf 81' lang='lat' dir='ltr'><strong>syllabam</strong></span> <span class='ocrx_word' id='word_1_498' title='bbox 1242 4747 1321 4803; x_wconf 72' lang='lat' dir='ltr'><strong>pre</strong></span> <span class='ocrx_word' id='word_1_499' title='bbox 1339 4749 1365 4797; x_wconf 87' lang='lat' dir='ltr'><strong>in</strong></span> <span class='ocrx_word' id='word_1_500' title='bbox 1381 4748 1420 4796; x_wconf 87' lang='lat' dir='ltr'><strong>uit</strong></span> 
     </span>
     <span class='ocr_line' id='line_1_47' title="bbox 138 4814 1418 4935; baseline 0.002 -71"><span class='ocrx_word' id='word_1_501' title='bbox 138 4814 237 4935; x_wconf 55' lang='lat' dir='ltr'><strong>pipicus}</strong></span> <span class='ocrx_word' id='word_1_502' title='bbox 248 4817 358 4882; x_wconf 69' lang='lat' dir='ltr'><strong>syllabae</strong></span> <span class='ocrx_word' id='word_1_503' title='bbox 381 4818 514 4881; x_wconf 66' lang='lat' dir='ltr'><strong>Proetiae</strong></span> <span class='ocrx_word' id='word_1_504' title='bbox 582 4818 617 4882; x_wconf 76' lang='grc'><strong>26</strong></span> <span class='ocrx_word' id='word_1_505' title='bbox 639 4819 770 4880; x_wconf 72' lang='lat' dir='ltr'><strong>misertum</strong></span> <span class='ocrx_word' id='word_1_506' title='bbox 793 4830 832 4880; x_wconf 79' lang='lat' dir='ltr'><strong>est</strong></span> <span class='ocrx_word' id='word_1_507' title='bbox 856 4821 965 4881; x_wconf 83' lang='lat' dir='ltr'><strong>dicimus</strong></span> <span class='ocrx_word' id='word_1_508' title='bbox 987 4821 1046 4879; x_wconf 86' lang='lat' dir='ltr'><strong>licet</strong></span> <span class='ocrx_word' id='word_1_509' title='bbox 1068 4827 1152 4873; x_wconf 77' lang='lat' dir='ltr'><strong>temen</strong></span> <span class='ocrx_word' id='word_1_510' title='bbox 1174 4828 1199 4869; x_wconf 89' lang='lat' dir='ltr'><strong>et</strong></span> <span class='ocrx_word' id='word_1_511' title='bbox 1221 4822 1258 4881; x_wconf 85' lang='lat' dir='ltr'><strong>(et</strong></span> <span class='ocrx_word' id='word_1_512' title='bbox 1279 4826 1364 4868; x_wconf 83' lang='lat' dir='ltr'><strong>tamen</strong></span> <span class='ocrx_word' id='word_1_513' title='bbox 1381 4818 1418 4881; x_wconf 69' lang='lat' dir='ltr'><strong>P)</strong></span> 
     </span>
     <span class='ocr_line' id='line_1_48' title="bbox 172 4893 257 4951; baseline -0.012 -17"><span class='ocrx_word' id='word_1_514' title='bbox 172 4893 195 4934; x_wconf 89' lang='lat' dir='ltr'><strong>et</strong></span> <span class='ocrx_word' id='word_1_515' title='bbox 239 4899 257 4951; x_wconf 78' lang='grc' dir='ltr'><strong><em>ς</em></strong></span> 
     </span>
    </p>
   </div>
   <div class='ocr_carea' id='block_1_5' title="bbox 0 0 1776 5600">
    <p class='ocr_par' dir='ltr' id='par_1_5' title="bbox 0 0 1776 5600">
     <span class='ocr_line' id='line_1_49' title="bbox 0 0 1776 5600; baseline 0 0"><span class='ocrx_word' id='word_1_516' title='bbox 0 0 1776 5600; x_wconf 95' lang='lat' dir='ltr'><strong> </strong></span> 
     </span>
    </p>
   </div>
  </div>
 </body>
</html>
