3525 5600
685 371 859 433 nncvuun
1244 344 1251 363 “
1359 369 1423 433 513

1222 493 1243 534 p.
1257 481 1358 522 2⁰01·OE
1371 479 1394 521 Ρ.

144 560 241 635 tralia,
265 579 340 642 quac
364 578 422 621 non
444 561 595 640 accipiunt
617 577 633 618 r
654 558 793 630 litteram,
819 567 851 620 ut
872 559 946 620 cado
968 556 1038 638 (non
1061 561 1140 620 eninr
1162 559 1290 622 dicimus
1312 561 1422 641 cador),

144 651 210 709 item
232 665 289 707 ruo
312 643 418 726 (neque
441 647 521 706 enirn
544 646 670 706 dicimus
692 644 790 724 ruor),
819 646 897 705 facio
921 642 1026 725 (neque
1050 648 1130 706 enim
1152 646 1280 733 dicirpus
1307 647 1421 729 facior),

142 737 210 794 item
236 730 368 810 fulgesco
390 732 514 791 mitesce
535 731 669 791 fervesco
692 729 807 808 algesco
829 739 967 810 torpesco
993 750 1140 811 conpesco
1168 735 1321 810 nigresco:
1350 733 1424 794 haec

141 819 233 878 omnia
263 836 279 877 r
306 816 435 876 litteram
464 834 522 876 nun
551 815 662 876 babent
695 823 724 876 ct
760 817 899 876 dicuntur
929 814 1075 877 neutralia
1110 815 1215 896 [verba
1247 819 1422 889 inchoativa,

119 919 212 983 aquae
242 910 351 964 exeunt
377 903 411 962 in
437 899 515 982 sco].
561 919 633 980 crgo
661 898 807 962 neutralia
834 903 1008 963 memineris
1035 921 1196 982 numquam
1223 903 1379 965 admittere
1407 923 1423 964 r

140 988 276 1049 litteram.
311 984 313 998 '

217 1089 383 1150 Remanent
411 1089 470 1148 duo
497 1089 554 1149 alia
582 1088 687 1158 rerba,
716 1107 792 1168 quae
815 1093 982 1152 communia
1009 1090 1149 1150 dicuntur
1176 1098 1206 1150 et
1234 1092 1421 1170 deponentia.

138 1176 185 1236 sed
207 1177 375 1236 communia
391 1174 459 1234 ideo
481 1174 631 1244 dicuntur,
656 1176 724 1253 qnia
747 1177 944 1235 communiter
966 1175 1054 1236 simul
1076 1183 1179 1237 tenent
1193 1177 1249 1237 sub
1271 1196 1329 1237 uuo
1351 1197 1424 1238 sono

138 1264 263 1322 activum
278 1269 309 1321 et
323 1261 486 1340 passivum,
509 1277 567 1338 quo
589 1259 676 1319 modo
699 1260 728 1319 fn
746 1259 922 1336 ,nominibus
942 1278 1036 1338 genus
1051 1280 1205 1322 commune
1222 1262 1330 1322 dicitur
1345 1258 1423 1342 quod

107 1350 127 1388 ¹⁰
138 1357 164 1406 ct
184 1345 381 1406 masculinum
404 1353 485 1405 tenet
499 1351 528 1404 et
543 1345 720 1405 femininum
735 1343 790 1405 sub
807 1363 865 1404 uno
883 1363 969 1416 sorro,
992 1354 1025 1406 ut
1041 1346 1181 1407 sacerdos
1195 1347 1240 1407 vel
1255 1343 1357 1416 bomo,
1375 1347 1424 1407 bic

138 1439 164 1491 et
179 1432 252 1491 baec
276 1429 414 1490 sacerdos
436 1430 522 1498 lacit,
545 1429 595 1489 bic
618 1436 647 1490 et
668 1430 741 1490 baec
763 1429 860 1490 bomo.
889 1433 934 1490 sic
949 1439 979 1491 et
994 1431 1067 1492 hacc
1084 1431 1173 1492 verba
1188 1433 1328 1493 dicuntur
1343 1451 1422 1492 com-

137 1517 234 1576 munia
259 1522 288 1574 et
316 1533 472 1593 numquam
502 1515 653 1594 deponunt
675 1533 690 1574 r
715 1515 859 1585 litteram,
885 1534 921 1575 ne
944 1535 1003 1576 non
1030 1518 1091 1578 sint
1113 1517 1219 1586 latina,
1241 1525 1275 1578 ut
1295 1518 1421 1587 osculor,

138 1603 159 1661 si
182 1601 269 1660 tollas
291 1619 306 1659 r
328 1600 456 1660 litteram
485 1609 514 1660 et
542 1600 624 1659 dicas
651 1600 765 1670 osculo,
795 1619 854 1660 non
882 1608 927 1661 est
953 1601 1086 1662 latinum.
1127 1610 1165 1667 ,et
1186 1602 1326 1672 dicimus,
1356 1620 1423 1663 curn

136 1687 265 1762 agimus,
301 1685 417 1745 osculor
446 1689 488 1754 te;
517 1684 586 1745 dum
614 1691 712 1745 autem
740 1688 869 1765 patimur
897 1693 928 1746 et
955 1686 992 1748 ab
1023 1686 1081 1748 alio
1109 1688 1270 1759 allicimur,
1298 1688 1425 1748 dicimus

105 1771 253 1830 l⁵osculor
277 1789 292 1830 a
316 1777 355 1829 te.
399 1771 443 1829 sic
466 1771 608 1830 criminor
631 1776 674 1838 te,
698 1789 756 1835 non
780 1773 922 1831 crimino:
950 1791 1017 1832 cum
1040 1776 1186 1833 actionem
1214 1773 1423 1850 significamus,

135 1856 231 1916 idest
260 1873 327 1914 cum
352 1857 465 1914 crimen
493 1853 655 1924 obicimus,
691 1857 834 1926 criminor
863 1863 892 1916 te
921 1856 1061 1928 dicimus;
1090 1875 1158 1918 cum
1186 1866 1285 1918 autem
1311 1859 1424 1918 crimen
1508 1885 1515 1900 ·

138 1939 222 2000 uobis
251 1939 394 2008 obicitur,
424 1941 568 1999 criminor
591 1958 607 2000 a
630 1947 657 1998 te
681 1940 821 2010 dicimus,
849 1941 879 2001 id
902 1949 947 2002 cst
968 1943 1081 2003 crimen
1104 1951 1172 2004 ate
1195 1943 1297 2012 audio,
1328 1950 1358 2002 ct
1380 1949 1425 2002 est

134 2027 311 2102 significatio
334 2027 459 2105 passiva.
494 2024 680 2085 declinantur
703 2033 799 2086 autem
823 2026 896 2087 baec
917 2026 1022 2097 verba,
1046 2035 1079 2089 ut
1100 2031 1263 2108 superiora,
1286 2047 1341 2108 per
1362 2047 1424 2088 mo·

135 2112 185 2170 dos
206 2117 342 2189 tempora
364 2127 516 2189 personas.
560 2117 693 2190 tempore
722 2114 871 2190 praesenti
894 2115 1038 2173 criminor
1061 2106 1230 2175 cbiminaris
1251 2115 1426 2174 criminatur

102 2197 327 2256 ncrtmtuamur
342 2196 541 2255 criminamini
564 2197 776 2265 criminantur,
800 2199 961 2276 praeterito
983 2200 1149 2278 inperfecto
1164 2197 1346 2259 criminabar
1367 2199 1424 2258 cri·

137 2278 299 2340 minabaris
320 2278 533 2340 criminabatur
555 2280 787 2341 criminabamur
809 2283 1048 2343 criminabamini
1070 2284 1315 2354 criminabantur,
1339 2302 1424 2364 prae·

137 2367 227 2425 terito
249 2365 382 2444 perfecto
404 2366 580 2425 criminatus
602 2383 666 2426 sum
689 2385 721 2425 es
743 2373 788 2426 est
811 2363 814 2444 Ι
839 2369 988 2430 criminati
1010 2387 1111 2430 sumus
1132 2372 1206 2430 estis
1226 2377 1309 2440 sunt,
1339 2387 1424 2448 prae-

134 2452 225 2511 terito
247 2449 537 2530 plusquamperfecto
565 2452 741 2514 criminatus
763 2469 844 2512 eraru
866 2471 933 2513 eras
953 2461 1017 2514 crat
1037 2456 1187 2516 criminati
1202 2473 1320 2516 eramus
1335 2455 1426 2514 eratis

134 2542 235 2604 crant,
263 2534 364 2595 futuro
392 2533 575 2596 criminabor
602 2536 809 2597 criminaberis
836 2537 1044 2599 criminabitur
1072 2539 1298 2601 crIminabimur
1324 2541 1425 2600 crimi-

99 2619 282 2681 ttnabimini
304 2619 551 2680 criminabuntur.
595 2622 788 2700 imperativus
810 2628 908 2683 autem
930 2624 1035 2684 medus
1057 2643 1176 2704 semper
1206 2627 1235 2685 in
1258 2625 1305 2686 bis
1326 2622 1426 2684 verbis

133 2709 162 2765 in
186 2723 220 2764 re
246 2706 320 2774 exit,
344 2712 377 2765 ut
398 2704 480 2765 dicas
502 2707 661 2766 criminare
685 2706 782 2776 illurn,
812 2707 841 2767 id
865 2716 910 2768 est
932 2711 1045 2769 crimen
1072 2709 1116 2771 illi
1139 2712 1252 2787 ingere.
1297 2711 1425 2789 optativo

133 2789 219 2851 niodo
244 2791 301 2859 sic,
326 2791 437 2851 utinam
460 2792 637 2852 criminarer
659 2793 861 2853 criminareris
883 2796 1094 2856 criminaretur
1116 2798 1345 2858 criminaremur
1366 2796 1425 2856 cri·

133 2876 324 2937 minaremini
353 2877 598 2946 criminarentur,
634 2879 795 2955 praeterito
829 2881 961 2958 perfecto
989 2882 1101 2941 utinam
1129 2884 1304 2942 criminatus
1330 2900 1426 2942 essem

132 2979 214 3021 esses
239 2967 319 3020 cs'set
340 2962 489 3021 criminati
511 2980 644 3022 essemus
666 2964 771 3023 essetis
793 2973 906 3033 essent,
935 2967 1036 3026 futuro
1062 2969 1176 3027 catinam
1203 2968 1345 3028 criminer
1367 2968 1425 3026 cri·

99 3056 122 3095 ἐι)
134 3048 261 3106 mineris
277 3046 455 3105 criminetur
471 3048 663 3106 criminemur
679 3048 877 3109 criminemini
892 3051 1098 3111 criminentur.
1135 3054 1321 3112 coniunctiro
1339 3051 1426 3112 modo

134 3150 201 3191 rum
225 3132 372 3190 criminer
394 3132 563 3191 crimineris
584 3134 759 3193 criminetur
780 3136 975 3196 criminemur
996 3138 1196 3197 criminemini
1219 3139 1425 3205 criminentur,

132 3218 297 3295 praeterito
319 3216 484 3294 inperfecto
506 3224 573 3277 cuin
602 3220 779 3278 crirninarcr
801 3221 1006 3281 criminareris
1026 3223 1238 3283 criminaretur
1253 3224 1425 3283 criminare-

133 3320 199 3361 mur
216 3302 456 3361 criminaremini
476 3302 721 3372 criminarentur,
744 3306 908 3382 practerito
929 3307 1063 3384 perfecto
1084 3326 1151 3367 cunr
1175 3309 1349 3367 criminatus
1371 3309 1427 3366 sim

132 3388 173 3445 sis
196 3388 238 3445 sit
261 3388 413 3445 criminati
436 3388 529 3445 simus
552 3388 617 3447 sitis
640 3388 711 3457 sint,
740 3391 904 3467 praeterito
926 3390 1215 3471 plusquamperfecto
1237 3411 1303 3452 cum
1325 3394 1426 3452 crimi-

98 3482 120 3519 ³⁵
134 3477 224 3531 natus
247 3488 344 3529 essem
367 3488 448 3531 esses
471 3477 549 3531 essct
570 3474 721 3533 criminati
744 3491 877 3533 essemus
900 3478 1007 3535 essetis
1029 3484 1141 3546 essent,
1172 3485 1305 3556 tempore
1327 3478 1428 3537 futuro

134 3574 202 3614 cnm
227 3557 401 3615 criminatus
424 3573 475 3614 cro
498 3557 559 3615 eris
582 3558 637 3616 erit
660 3558 808 3618 criminati
825 3560 937 3620 erimus
953 3562 1036 3621 critis
1051 3569 1148 3622 erunt.
1193 3562 1280 3623 modo
1301 3562 1426 3627 infinito,

133 3658 224 3718 aquam
246 3640 377 3699 diximus
398 3639 495 3700 nullas
517 3641 683 3719 significare
705 3660 860 3721 personas,
884 3644 957 3705 facit
978 3648 1010 3706 in
1031 3649 1181 3726 praesenti
1203 3648 1372 3715 criminari,
1395 3648 1426 3706 in

130 3727 299 3804 praeterito
322 3726 512 3785 criminatum
541 3745 620 3796 csse,
651 3730 681 3787 in
711 3727 810 3788 futuro
832 3731 1023 3791 criminatum
1047 3734 1095 3792 iri.
1145 3732 1181 3792 ad
1203 3732 1279 3793 hanc
1300 3732 1425 3792 formam

131 3811 303 3869 communia
326 3809 415 3870 verba
438 3809 601 3871 declinabis
623 3814 682 3880 sic,
706 3812 808 3873 hortor
830 3815 949 3876 osculor
970 3816 1109 3877 nidificor
1131 3817 1243 3877 iaculor
1258 3824 1339 3877 tutor
1356 3834 1425 3876 con·

97 3894 213 3954 tosoler
237 3903 356 3954 scrutor
378 3912 478 3954 moror
499 3896 619 3956 leneror
642 3896 791 3977 amplexor
813 3900 913 3969 furor,
942 3900 1020 3960 unde
1043 3911 1088 3962 est
1109 3904 1191 3964 furor
1213 3903 1324 3963 furaris
1346 3902 1425 3962 fura·

129 3988 194 4047 tur,
227 3981 354 4039 comitur
382 3979 523 4039 recordor
551 3984 729 4042 reminiscor
757 3992 916 4063 perconter
943 3988 1041 4045 minor
1070 3995 1170 4064 gestor
1197 3990 1296 4067 piscor
1317 3986 1426 4046 odoror

130 4082 266 4143 arrcrrpor
289 4082 380 4123 venor
403 4066 585 4144 contemplor
607 4067 745 4145 speculor
767 4077 865 4128 sector
888 4089 1013 4131 veneror
1039 4072 1144 4150 dignor
1170 4091 1277 4153 precor
1298 4073 1426 4131 miseror

130 4148 222 4209 raclor
248 4146 293 4227 [id
316 4157 362 4209 εει
383 4150 471 4209 fidem
493 4150 575 4231 dico]
600 4153 764 4212 calumnior
786 4162 815 4213 et
837 4155 908 4224 alia,
937 4174 1012 4235 quae
1041 4154 1209 4236 numlquam
1237 4157 1388 4235 deponunt
1410 4174 1426 4215 r

130 4232 277 4293 litteram.
312 4252 381 4293 narn
409 4237 434 4294 si
463 4235 628 4315 deponunt,
656 4238 745 4297 latina
769 4256 826 4298 non
850 4248 928 4301 surrt.
972 4243 1039 4319 quis
1061 4243 1140 4302 enirn
1165 4243 1245 4303 dicat
1266 4244 1426 4302 reminisco

93 4326 180 4379 raam
204 4317 332 4378 recordo
354 4318 399 4379 vel
422 4338 511 4399 preco
535 4322 579 4382 vel
603 4321 690 4400 digno
713 4323 758 4382 vel
786 4324 888 4383 secto?
924 4344 995 4402 ergo
1017 4329 1190 4390 memineris
1213 4327 1286 4388 baec
1308 4344 1426 4405 semper

201 4592 220 4642 5
242 4592 388 4641 memineris
407 4607 507 4659 semper
528 4606 664 4655 numquam
683 4594 730 4649 Fe
808 4592 825 4643 8
843 4597 902 4659 qula
921 4604 945 4643 et
963 4598 1129 4647 cummuniter
1144 4597 1170 4646 F
1251 4599 1284 4649 14
1301 4596 1426 4647 efficimur

129 4668 154 4708 et
172 4660 287 4710 dicimus
305 4660 330 4710 F
381 4662 415 4713 ‘td
430 4662 456 4712 id
473 4673 510 4714 est
528 4664 626 4712 crimrnr
640 4662 675 4711 rllr
692 4678 807 4729 ingerere
825 4665 847 4713 F
913 4664 948 4715 36
966 4665 1049 4731 erunt]
1070 4669 1135 4716 erint
1151 4668 1175 4716 F
1240 4666 1274 4719 39
1287 4667 1426 4718 declinabis

130 4744 199 4792 quae
221 4730 303 4779 sicF
373 4732 491 4783 consulor
509 4735 534 4783 F
601 4732 733 4782 ldmoror
751 4733 882 4785 Putccbiuc
896 4735 990 4785 morior
1008 4738 1054 4793 Fe
1106 4736 1245 4803 amplector
1263 4752 1296 4786 ex
1315 4735 1386 4786 furor
1404 4741 1430 4789 F

129 4799 316 4920 ampqutqqdet
322 4799 400 4919 {9¹⁰³
415 4814 432 4858 ς
501 4804 535 4853 42
552 4802 646 4869 dignor
659 4817 754 4853 memor
769 4810 812 4853 aut
827 4820 952 4856 memoror
967 4820 1056 4871 precor
1073 4808 1195 4858 misereor
1212 4806 1293 4857 audor
1309 4808 1390 4857 nudor
1405 4806 1428 4859 F

289 4886 303 4919 θ
346 4884 363 4927 5
