3525 5600
578 1440 982 1524 ADDENDA

199 1832 228 1880 ln
241 1829 355 1881 cledonii
371 1839 425 1880 arte
444 1831 543 1880 edenda
561 1845 664 1896 operam
682 1845 755 1880 suam
774 1829 910 1880 liberaliter
922 1829 983 1880 mibi
997 1832 1122 1897 praestitit
1134 1832 1293 1900 Hermauuus
1306 1833 1426 1897 Hagnous

125 1899 277 1949 Beruensis.
303 1900 345 1960 qui
359 1899 419 1948 dum
432 1898 524 1949 librum
537 1913 614 1947 mann
626 1898 751 1963 scriptum
768 1899 852 1948 denuo
864 1913 922 1948 cnm
937 1914 1002 1949 nova
1016 1901 1134 1958 editione,
1147 1909 1175 1950 ut
1187 1901 1294 1966 primum
1308 1900 1426 1966 plagulae

124 1983 163 2015 ex
177 1966 279 2016 olllcina
291 1981 427 2032 operarum
444 1967 601 2032 prodierunt,
621 1965 726 2026 confert,
745 1981 794 2016 nou
813 1965 896 2016 solum
915 1968 1010 2017 codicis
1023 1969 1175 2033 scripturam
1189 1984 1267 2034 saepe
1280 1971 1427 2019 correctoris

124 2049 210 2100 opera
221 2035 261 2083 vel
276 2034 365 2084 litteris
376 2034 443 2083 male
455 2035 746 2084 obductisobscuratam
758 2034 923 2099 conpluribus
942 2035 1005 2086 locis
1017 2037 1170 2098 accuratius,
1185 2052 1260 2103 quam
1273 2046 1348 2086 antea
1361 2047 1386 2086 et
1397 2038 1428 2086 ab

125 2103 176 2151 illo
189 2110 214 2152 et
226 2117 242 2152 s
254 2117 294 2151 me
306 2101 401 2151 iactum
415 2111 476 2163 erat,
497 2102 559 2152 mibi
576 2102 704 2161 iudicarit,
722 2103 769 2152 sed
787 2103 862 2152 etiam
876 2105 976 2153 critices
989 2104 1186 2167 observationes,
1201 2105 1293 2166 quibus
1306 2105 1426 2154 emenda-

125 2172 226 2219 tionem
241 2169 298 2218 libri
309 2171 495 2236 corruptissimi
512 2171 555 2220 vix
566 2169 710 2220 inchoatam
723 2171 863 2231 adiuvaret,
880 2186 927 2237 per
943 2171 1040 2222 litteras
1053 2187 1150 2222 meeum
1166 2174 1370 2224 communicavit.
1396 2189 1427 2223 cx

123 2238 173 2286 his
186 2253 220 2287 ca
238 2251 302 2300 quae
319 2238 350 2287 ud
368 2239 505 2302 genuinam
524 2239 619 2289 codicis
636 2238 787 2303 scripturam
805 2239 1006 2289 constituendam
1019 2241 1180 2306 pertinebant
1191 2250 1291 2306 praeter
1303 2243 1428 2306 paucissi-

124 2321 188 2354 mos
206 2297 331 2368 quosdam
349 2316 373 2355 et
392 2307 534 2357 levissimos
552 2306 647 2355 librarii
665 2321 763 2357 errores
781 2321 876 2371 eosque
893 2316 983 2372 postea
1001 2319 1127 2358 correctos
1144 2309 1170 2357 in
1183 2309 1320 2359 editionem
1333 2311 1425 2375 recepi.

131 2373 359 2424 emendationibus
372 2385 456 2423 autcm
469 2375 516 2424 riri
530 2375 680 2424 amicissimi
690 2376 726 2430 ita
739 2384 765 2424 ut
777 2376 910 2440 cupiebam
928 2385 981 2425 tum
993 2377 1030 2426 uti
1043 2391 1093 2426 nou
1124 2385 1228 2428 oteram.
1253 2393 1348 2443 paucas
1361 2379 1427 2427 enirn

127 2443 160 2491 in
177 2451 275 2492 textum
289 2443 421 2492 verborum
435 2443 529 2508 recepi,
543 2458 573 2492 ac
587 2458 618 2491 ue
627 2441 667 2492 his
676 2444 777 2505 quidem
789 2443 906 2492 omnibns
919 2444 942 2492 io
957 2444 1071 2493 subiecta
1083 2392 1256 2510 aXnotatione,
1270 2454 1298 2495 ut
1309 2461 1355 2512 par
1367 2457 1427 2503 emt,

132 2525 230 2559 nomeu
243 2511 384 2560 inventoris
397 2511 540 2560 adscribere
553 2526 599 2577 per
610 2511 741 2574 angustias
753 2511 896 2561 chartarum
909 2511 988 2564 licuit.
1008 2514 1130 2578 plurimas
1144 2529 1204 2564 vero
1217 2515 1300 2577 omisi,
1313 2529 1363 2564 uon
1377 2529 1426 2577 quo

125 2579 306 2642 inprobarem,
326 2579 373 2628 sed
391 2579 451 2640 quia
466 2579 507 2629 vel
524 2579 603 2644 recipi
619 2579 668 2628 iarn
684 2595 733 2630 non
746 2589 863 2645 poterant
875 2579 915 2629 vel
927 2581 958 2629 ab
973 2593 1001 2629 eo
1016 2581 1120 2631 consilio
1132 2582 1201 2644 quod
1214 2582 1239 2630 in
1252 2583 1351 2633 edendo
1365 2583 1426 2631 libro

125 2654 238 2695 secutus
258 2661 326 2694 eram
341 2646 439 2696 alienae
455 2656 536 2699 eraut.
558 2662 617 2712 nam
634 2662 691 2695 cum
708 2648 765 2713 ipse
780 2657 885 2714 propter
905 2663 949 2698 eas
964 2659 1055 2698 causus
1071 2663 1135 2712 quae
1151 2650 1177 2698 in
1195 2649 1353 2716 praelatione
1374 2651 1427 2700 dixi

126 2715 254 2762 maiorem
272 2729 358 2763 curam
371 2714 431 2764 lruic
443 2715 505 2764 libro
518 2715 656 2780 inpendere
674 2715 821 2772 noluissem.
839 2717 885 2764 sed
899 2717 1008 2766 diversis
1021 2717 1195 2767 commentarii
1207 2719 1321 2784 partibus
1334 2719 1425 2769 distin-

125 2783 179 2831 ctis
192 2792 217 2830 et
227 2782 387 2847 gravissimis
405 2783 472 2833 vitiis
489 2783 596 2834 sublatis
613 2784 788 2848 perturbatum
806 2784 902 2835 codicis
920 2784 1033 2835 ordinem
1047 2800 1076 2833 ae
1090 2787 1242 2853 scripturam
1255 2786 1426 2852 reliquissem,

126 2851 176 2899 ille
191 2851 311 2900 disiectas
329 2860 354 2900 et
370 2861 502 2918 corruptas
521 2853 612 2901 veteris
630 2853 805 2902 commentarii
823 2852 943 2916 reliquias
961 2855 1112 2905 coniecturis
1130 2856 1155 2903 in
1174 2856 1288 2905 ordinem
1310 2856 1426 2921 redigere

126 2918 252 2969 instituit.
279 2920 304 2967 in
322 2934 371 2980 quo
389 2920 496 2984 plurima
514 2934 576 2969 saue
592 2920 728 2976 admodum
746 2919 896 2987 probabilia,
916 2936 965 2971 nou
983 2922 1053 2972 nulla
1066 2923 1187 2972 etiamad
1200 2924 1290 2973 iustam
1304 2925 1427 2973 emenda-

126 2987 226 3035 tionem
242 3000 345 3050 prorsus
362 2987 505 3036 necessaria
523 2990 664 3053 proposuit.
694 2989 756 3038 baec
773 2988 850 3052 igitur
865 2991 986 3053 quoniam
1004 2991 1031 3040 in
1049 2991 1215 3040 adnotatione
1234 2990 1353 3041 exhibere
1376 3007 1424 3042 non

37 3088 44 3102 2
126 3054 211 3113 licuit,
230 3068 296 3102 uunc
312 3054 483 3119 supplementi
499 3056 581 3107 instar
597 3057 703 3106 subieci.
727 3071 879 3121 quamquam
898 3058 930 3107 ad
947 3057 1126 3123 perficiendam
1145 3059 1201 3109 libri
1214 3059 1424 3120 emendationem,

129 3123 156 3169 si
170 3135 265 3186 operae
277 3123 384 3186 pretium
396 3131 445 3182 est,
459 3124 537 3173 multo
554 3124 629 3190 plura
641 3126 716 3174 ctiam
729 3140 865 3191 superesse
876 3125 951 3175 facile
963 3126 1077 3191 adparet.
1336 3138 1345 3151 ¹

146 3208 200 3269 9,1
238 3206 320 3256 scot)
336 3243 378 3258 ...
396 3208 463 3257 RAT
481 3244 525 3260 ...
544 3209 706 3259 tnMnNtvs
722 3212 760 3260 ita
775 3213 875 3275 scriptu
891 3218 950 3260 euni
965 3212 991 3261 in
1008 3213 1103 3274 codiee,
1122 3220 1149 3265 ui
1162 3214 1197 3262 ud
1211 3212 1326 3263 Cledonit'
1337 3215 1423 3263 librum

234 3290 284 3323 non
299 3277 432 3338 pertinere
449 3277 590 3329 uideantur.
613 3280 721 3327 ultimum
738 3285 809 3329 certe
825 3279 968 3330 romulum
984 3288 1076 3343 postea
1094 3281 1222 3344 adpictum
1240 3296 1297 3331 ease
1315 3283 1425 3346 adparet

182 3341 199 3389 8
217 3391 220 3400 ,
235 3342 395 3393 necessitudo
412 3352 536 3395 versetur.
572 3359 622 3393 non
645 3346 791 3410 adgrediar:
814 3347 951 3397 indevotus
967 3362 1007 3396 me
1025 3362 1125 3411 quoque
1145 3358 1283 3399 accusante
1304 3350 1422 3415 reperiar.

234 3410 380 3474 adgrediar:
399 3412 546 3461 temeritatis
563 3413 667 3462 llatibus
682 3423 755 3463 aesta
773 3415 915 3480 procelloso
927 3416 1039 3465 iactabor
1052 3424 1077 3466 ct
1088 3427 1138 3465 tam
1151 3418 1300 3466 temerarius
1314 3417 1426 3481 corrigar

234 3492 310 3540 quam
322 3480 424 3529 nomine
437 3480 574 3530 conditoria
587 3480 684 3542 afficiar

185 3547 217 3595 lb
234 3545 313 3595 Basso
327 3546 466 3612 (superscr.
479 3547 522 3609 ex)
532 3550 630 3598 receuti
644 3565 718 3599 mauu
729 3550 756 3599 in
767 3552 880 3615 nrurpine
891 3552 1012 3615 scriptum
1024 3558 1069 3605 eat.
1091 3552 1221 3615 lNDUAS,
1234 3555 1303 3619 quod
1312 3556 1424 3619 scripse·
1495 3542 1500 3552 ’

233 3620 276 3662 rat
296 3613 427 3673 librarius,
438 3621 530 3679 postea
546 3618 639 3667 litteris
659 3618 855 3668 maleobductia
873 3620 1025 3681 factumest
1045 3620 1162 3673 NOUAS.
1191 3624 1290 3672 receuti
1305 3638 1378 3672 mauu
1399 3625 1425 3672 iu
1499 3613 1504 3621 ¹

129 3750 161 3797 ll
186 3750 218 3799 ¹3
233 3684 711 3801 mprppueiterumrpdacriptupueetlll
728 3685 816 3802 lpVAS
962 3756 993 3807 dr

163 3765 289 3881 :14:¹23
301 3765 466 3881 ymnidicis
477 3767 738 3873 pperppppmtppffipp
746 3770 1108 3883 ppiptprrnrrpffpp'pnpppupoe,
1122 3840 1136 3874 a
1150 3824 1188 3873 vel
1203 3840 1217 3873 o
1231 3826 1325 3875 suerint
1336 3827 1422 3875 termi-

233 3894 305 3934 nata:
322 3895 421 3952 praeter
434 3913 465 3922 —
478 3888 594 3939 anomala
611 3900 679 3943 sunt.
704 3892 850 3953 genetivum
868 3892 992 3957 pluralem
1008 3918 1043 3931 -·
1058 3894 1082 3942 iu
1101 3893 1137 3941 is:
1156 3901 1183 3941 ut
1200 3894 1273 3943 Musa
1293 3894 1421 3944 illusarum

233 3952 321 4003 Musis.
346 3954 654 4072 siecorrepta-siqus
667 3958 734 4008 talia.
760 3959 930 4024 intellegimus
948 3961 1235 4012 etiamhiue-rerum

182 4020 215 4069 22
234 4029 262 4070 ut
273 4019 349 4070 lruina
361 4022 464 4086 parietis
495 4038 565 4073 orum
578 4026 704 4089 parietum

182 4089 216 4138 26
234 4088 303 4151 qnod
314 4088 356 4137 alii
367 4089 443 4138 aliurn
458 4106 545 4141 casum
558 4092 732 4143 demonstrent

182 4156 216 4205 28
233 4155 274 4205 bic
287 4156 378 4206 lluctus
390 4156 466 4208 huius
479 4160 571 4210 linctus
583 4175 598 4209 o
611 4162 702 4211 linctus

181 4224 215 4273 30
231 4224 257 4272 iu
270 4224 301 4283 is,
315 4223 356 4274 bic
368 4225 457 4276 doctus
470 4226 546 4279 huius
558 4229 625 4278 docti
638 4244 652 4279 o
666 4230 740 4279 docte
752 4229 842 4280 horum
854 4231 986 4282 doctorum
999 4231 1039 4283 lris
1052 4242 1077 4284 et
1089 4235 1121 4283 ab
1134 4233 1173 4284 lris
1187 4234 1284 4286 rloct'rsa
1295 4234 1420 4286 interdum

232 4316 266 4328 -
278 4303 305 4342 ut
317 4292 420 4357 Salassi,
433 4296 506 4346 sicet
519 4298 625 4357 Varins3
639 4298 736 4361 antiqui

127 4361 172 4421 12,
183 4359 215 4410 16
231 4360 398 4411 Verriuarum
411 4361 530 4429 septimo]
545 4367 572 4414 in
589 4366 666 4415 Verr.
679 4374 730 4416 act.
742 4381 795 4416 ecc.
809 4369 832 4415 V
844 4370 886 4427 ot,
899 4370 942 4420 89.
956 4371 986 4420 91

181 4428 215 4477 20
232 4428 374 4491 praelectus
395 4430 418 4478 si
437 4432 598 4497 participium
619 4433 725 4500 dixeris,
748 4436 912 4500 praeteritum
933 4438 1071 4503 perlectum
1094 4448 1133 4490 cst
1155 4448 1180 4490 et
1201 4440 1333 4491 faciendus
1355 4440 1422 4491 stritt-

232 4511 287 4545 rum
302 4505 342 4547 est
1277 4530 1281 4539 ·

182 4564 215 4614 28
233 4574 277 4613 aut
288 4564 415 4630 practorio
427 4575 472 4615 aut
482 4564 592 4616 fabricae
605 4570 646 4632 qui
660 4571 839 4635 superpositus
858 4570 936 4621 luerit
947 4588 962 4622 a
974 4574 1102 4639 praelecto
1117 4577 1154 4627 rcl
1172 4576 1286 4627 lubricae
1299 4576 1338 4625 vel
1351 4592 1423 4642 prae-

233 4634 297 4682 torio
314 4633 353 4681 vel
372 4634 464 4681 civitati
481 4635 601 4688 vicarius.
625 4654 690 4702 pune
705 4645 844 4704 sequuntur
861 4654 910 4690 nou
927 4642 993 4691 enirn
1011 4668 1045 4678 -
1061 4643 1194 4695 faciendus
1218 4652 1256 4694 est
1278 4644 1421 4710 praelectus

233 4702 425 4765 tramponenda
435 4708 493 4751 auru
503 4710 564 4766 port
575 4706 608 4754 25
621 4706 641 4754 si
654 4706 743 4756 dixero
755 4705 898 4771 praelectus
911 4710 1006 4759 civitati

126 4770 172 4827 14,
188 4768 436 4885 12-2-14trpcipiupt.
462 4771 579 4835 bipertita
597 4782 677 4821 est-
691 4790 738 4838 ego
756 4783 782 4822 tu
801 4776 855 4825 ille:
874 4777 917 4826 ille
930 4786 998 4842 tunc,
1013 4780 1114 4841 quando
1128 4781 1159 4830 de
1172 4781 1300 4847 praesenti
1312 4796 1421 4847 persona

245 4850 286 4884 rac
299 4851 312 4884 c
325 4852 364 4889 ur.
386 4852 428 4885 arr

181 4904 215 4952 33
232 4903 314 4968 ipsius
326 4930 359 4940 -
371 4904 438 4955 illius
450 4913 508 4970 post
523 4909 562 4969 15,
576 4909 590 4956 1
604 4908 723 4958 absentes
735 4914 928 4974 transponendo
939 4920 996 4963 sunt

183 4990 358 5034 oaauurrtcr
373 4994 463 5035 muru
479 4994 497 5034 v
563 5005 567 5009 ²
1178 5001 1221 5063 44
