3525 5600
302 445 366 510 604
859 447 1040 513 lthllOBll

329 568 350 612 p.
363 557 422 597 2734.
435 556 460 597 35
473 557 496 598 Ρ.

303 638 480 718 aliquotiens
501 655 556 698 nec
578 644 690 698 rnutata
705 656 761 698 uec
776 637 867 699 altera
883 647 1002 719 recepta
1019 657 1093 719 quae
1117 639 1174 700 iuit
1196 639 1260 718 ipsa
1281 637 1467 718 producitur,
1484 630 1588 720 ίδρύω

301 735 436 820 ἵδρυον,
458 731 593 821 ὑδρεύω
616 733 773 820 ὕδρευον.
802 740 851 801 hic
874 743 954 802 enim
977 761 989 802 ι
1011 749 1040 802 et
1063 761 1085 802 υ
1107 743 1138 803 in
1160 743 1312 821 praesenti
1335 751 1482 822 correpta,
1499 743 1530 802 iu
1546 742 1590 803 in·

301 845 435 923 perlecto
456 861 526 902 vero
548 842 633 920 longa
649 846 890 922 pronuntiantur.
923 839 1069 906 υίοθετοῖ
1090 851 1187 904 autem
1210 852 1309 906 manet
1332 853 1365 905 ut
1385 843 1456 913 luit,
1480 839 1589 904 υίοθέ-

301 963 394 1016 τουν,
417 947 568 1024 quianon
591 947 687 1026 potuit
708 945 820 1006 habere
836 964 895 1026 quo
910 953 1079 1006 cresceret:
1102 948 1135 1006 in
1157 948 1308 1026 praesenti
1325 948 1403 1006 enim
1428 947 1512 1024 longa
1535 945 1591 1005 luit

302 1047 477 1126 diphthongi
500 1048 673 1126 privilegio:
697 1047 767 1108 licet
789 1049 820 1108 in
843 1047 1037 1128 diphthongis
1059 1049 1186 1110 maxime
1209 1047 1419 1110 communibus
1440 1053 1612 1129 permuta-s

302 1151 343 1210 tio
365 1151 404 1210 sit
425 1157 545 1228 recepta
565 1145 599 1210 'in
622 1148 822 1229 diphthongos
844 1149 1009 1228 longiores,
1032 1159 1065 1212 ut
1087 1171 1121 1212 αι
1144 1160 1173 1212 et
1189 1171 1229 1221 οι,
1252 1151 1320 1230 quia
1336 1167 1508 1211 communes
1523 1156 1592 1210 sunt

301 1259 332 1311 et
353 1269 412 1312 non
433 1269 594 1331 numquam
616 1269 671 1330 pro
693 1249 835 1312 brevibus
856 1251 1020 1322 hahentur,
1044 1255 1074 1314 in
1097 1273 1119 1335 ῃ
1142 1261 1192 1314 aut
1214 1254 1243 1314 iu
1268 1273 1294 1334 ῳ
1315 1259 1482 1322 mutantur,
1505 1247 1590 1310 alvei

300 1345 426 1433 ᾔνουν,
455 1349 539 1413 cinni
567 1345 691 1434 ᾤκουν.
735 1372 792 1414 nec
818 1372 866 1414 me
894 1357 1040 1434 praeterit
1067 1357 1156 1416 etiam
1185 1375 1230 1416 αυ
1260 1354 1492 1435 diphthongum,
1514 1371 1590 1433 quae

301 1473 460 1535 numquam
483 1474 537 1534 pro
559 1457 709 1517 communi
730 1455 831 1516 habita
854 1465 915 1527 est,
944 1457 1040 1518 solere
1063 1459 1187 1526 mutari,
1211 1451 1306 1519 adici
1327 1449 1476 1538 ηὔλουν,
1498 1448 1593 1534 αὐχῶ

299 1549 441 1638 ηὔχουν,
462 1556 533 1618 licet
554 1577 596 1618 ου
618 1567 647 1620 et
669 1577 699 1619 ει
720 1557 911 1619 inmutabiles
926 1568 1078 1630 maneant,
1102 1553 1195 1640 οὐρω
1211 1553 1353 1639 οὕρουν,
1377 1552 1503 1634 odedire
1527 1551 1588 1618 οὔ·
1604 1581 1625 1620 n

299 1659 413 1738 ταζον,
437 1656 585 1736 είκουιζω
608 1655 790 1740 είκόνιζον,
819 1657 937 1737 είκοίζω
960 1660 1106 1738 εἴκαζον·
1134 1649 1172 1722 τὸ
1199 1650 1266 1742 γὰρ’
1291 1652 1415 1743 ᾗκαζον
1441 1655 1591 1720 dcccxciv.

300 1780 326 1821 ω
349 1769 380 1821 et
400 1781 421 1841 η
443 1762 535 1823 multo
557 1763 741 1825 constantius
762 1771 897 1834 manent,
921 1763 999 1844 quod
1022 1765 1238 1824 incrementum
1260 1765 1406 1844 perfectio
1428 1769 1506 1823 tanta
1532 1779 1592 1822 nou

299 1865 417 1942 recipit,
441 1857 591 1944 ω’νοῦμαι
613 1857 784 1946 ω’νούμην,
806 1858 877 1945 rigui
898 1859 1016 1946 ἤχουυ.
1061 1867 1250 1945 excipiuntur
1273 1859 1414 1943 ἑορτάζω
1429 1873 1459 1926 et
1474 1856 1592 1938 ὄψει’ω.

300 1983 368 2026 cum
391 1967 472 2026 enim
494 1966 571 2046 apud
594 1965 723 2028 Graecos
745 1969 844 2028 omnia
872 1969 1039 2047 inperlccta
1062 1985 1221 2048 numquam
1243 1967 1370 2037 medias,
1399 1966 1451 2028 sed
1474 1973 1592 2028 tantum

299 2067 432 2129 ultimam
465 2067 510 2128 rel
540 2070 668 2148 primum
700 2078 851 2140 moveant,
892 2069 1009 2132 illorum
1043 2069 1168 2130 alterurn
1202 2069 1292 2130 solam
1326 2069 1453 2130 mediam
1485 2069 1591 2136 morit,
1607 2091 1639 2142 ui

299 2163 475 2251 ἑώρταζον,
497 2189 565 2231 cum
587 2163 749 2251 ἡόρταζον
763 2173 862 2232 iacere
878 2172 1046 2242 debuisset,
1070 2171 1194 2232 alterum
1211 2183 1241 2232 et
1254 2173 1381 2251 primam
1397 2177 1427 2232 et
1449 2169 1591 2238 mediam,

299 2265 402 2346 ὀψείω
424 2265 548 2347 ὤθεον.
579 2265 649 2351 δρῶ
671 2275 751 2334 enim
773 2282 804 2334 et
826 2267 942 2353 ἑώρων
964 2292 1023 2334 ηοω
1046 2281 1115 2335 sunt
1136 2281 1239 2335 contra
1262 2272 1404 2351 regulam,
1426 2273 1496 2352 quia
1520 2265 1594 2348 ὁρῶ

298 2393 366 2435 curn
393 2368 494 2455 ὥρων
516 2376 616 2436 iacere
638 2374 756 2446 debuit,
786 2393 822 2436 er
852 2375 1015 2436 abundanti
1043 2377 1192 2456 principio
1220 2394 1236 2436 e
1258 2375 1357 2437 addita
1381 2382 1440 2444 est,
1463 2380 1493 2434 et
1516 2374 1592 2433 iecit

298 2494 352 2556 pro
374 2468 473 2556 ὥρων
495 2468 627 2556 isidoro,
650 2484 683 2538 ut
702 2474 845 2557 οίνοχοῶ
868 2469 1053 2560 ᾠνοχόουν,
1077 2486 1107 2539 οι
1132 2485 1230 2540 tamen
1253 2477 1362 2539 dieitur
1384 2469 1592 2558 ἑῳνοχόουν,

298 2588 328 2638 οι
353 2596 408 2658 pro
434 2565 479 2658 ἦν
507 2576 567 2658 ἔην
594 2578 706 2639 dicunt.
751 2597 810 2639 non
838 2578 934 2641 solum
962 2581 993 2640 in
1022 2578 1123 2640 verbis
1150 2580 1223 2640 haec
1244 2596 1426 2658 supervacua
1448 2578 1627 2644 micetius)

298 2681 351 2741 sed
375 2683 465 2742 etiam
489 2682 519 2741 in
543 2679 714 2742 nominihus
737 2689 878 2761 usurpata
902 2688 958 2752 est,
982 2677 1064 2742 ἕδνα
1086 2676 1184 2742 ἔεδνα
1207 2687 1237 2740 et
1258 2679 1377 2740 similia.
1414 2673 1592 2758 α’ναβαίνω

297 2791 329 2845 ut
357 2779 464 2864 ἐπέχω
492 2802 551 2844 non
578 2785 720 2863 primam,
749 2783 802 2845 sed
830 2783 990 2845 secundam
1013 2781 1154 2863 syllabam
1178 2789 1375 2853 mutaverunt,
1398 2785 1466 2864 quia
1488 2783 1592 2863 prima

298 2905 355 2947 rron
379 2885 479 2956 verbi,
504 2885 556 2946 sed
578 2888 809 2965 praepositionis
830 2893 891 2949 est:
915 2885 1004 2947 verba
1020 2888 1100 2947 cuim
1116 2892 1185 2947 sunt
1206 2884 1313 2965 βαίνω
1336 2883 1399 2965 ἔχω
1422 2892 1451 2945 et
1472 2884 1594 2944 iaciunt

297 2986 434 3067 ἔβαινον
457 2978 560 3067 εἶχον,
583 2987 651 3048 inde
673 2981 855 3066 ἀνέβαινον
878 2984 1022 3067 ἐπεῖχον.
1067 2980 1282 3067 deuteguardi
1302 2988 1428 3048 mutavit
1449 2988 1591 3066 primam,

295 3082 558 3169 ἠναισχύντουν,
581 3092 650 3170 quia
674 3109 709 3151 ex
732 3092 852 3151 nominc
875 3092 1061 3170 conpositum
1084 3096 1144 3159 est,
1174 3090 1204 3150 id
1227 3097 1273 3151 est
1293 3084 1382 3169 βῆμα
1406 3088 1409 3169 Ι
1434 3080 1630 3169 δνοματι-,α

295 3186 374 3270 κόν,
402 3184 626 3271 ἀναίσχυντος
653 3187 877 3271 ἄναισχυντῶ.
924 3191 1013 3253 verba
1041 3200 1140 3253 autem
1163 3210 1199 3252 er
1228 3193 1391 3272 conpositis
1414 3189 1593 3253 nominibus

295 3293 506 3373 parasyntheta
521 3302 663 3355 vocantur
684 3301 715 3355 et
736 3312 752 3354 a
774 3296 873 3375 prima
894 3292 1005 3374 syllaba
1028 3293 1223 3364 declinantur,
1249 3302 1280 3356 ut
1294 3292 1458 3374 φίλιππος
1472 3292 1592 3373 φίλιπ-

295 3394 376 3471 atro
400 3392 628 3475 ἐφιλίππιζονε
651 3394 723 3457 licet
740 3416 799 3457 nou
815 3398 949 3473 ignorem
966 3395 1045 3477 quod
1061 3390 1232 3477 σύμμαχος
1255 3405 1284 3457 et
1305 3391 1493 3476 συνήγορος
1516 3414 1591 3456 con·

295 3500 390 3577 posita
413 3500 473 3559 sint
495 3500 613 3560 nomina
635 3506 666 3558 et
688 3516 725 3559 ex
747 3516 779 3559 se
802 3496 915 3559 iaciant
936 3497 1024 3558 verba
1047 3498 1274 3578 parasyntheta,
1302 3495 1463 3578 συμμαχεῖ
1484 3510 1592 3577 συνη-

294 3598 399 3680 γορώ,
422 3618 498 3680 quac
520 3605 618 3661 tamen
647 3619 705 3663 non
727 3599 815 3669 ioris,
844 3600 895 3661 sed
919 3602 1001 3661 intus
1023 3600 1228 3671 declinantur,
1252 3598 1415 3680 συμμαχοῑ
1435 3596 1630 3679 conspui-³0

224 3754 227 3759 .
293 3720 389 3781 χουν,
412 3700 592 3781 συνηνοροὲ
613 3697 845 3782 συνηγόρουνε
868 3702 921 3763 sed
944 3702 999 3762 hoe
1023 3702 1105 3773 ideo,
1129 3704 1198 3783 quia
1221 3704 1402 3783 praepositio
1425 3702 1475 3762 hic
1495 3700 1591 3763 habet

294 3805 540 3881 significationem
556 3822 650 3866 suam.
681 3812 815 3865 ceterum
837 3802 889 3865 ubi
913 3804 1011 3865 nullus
1030 3822 1067 3866 ex
1089 3806 1309 3885 praepositione
1330 3820 1439 3865 sensus
1460 3802 1590 3867 accedit.

293 3906 367 3967 ioris
394 3906 559 3967 declinatur
587 3908 803 3986 inperfectum,
836 3906 866 3966 id
889 3914 934 3967 est
957 3906 1085 3968 adicitur
1107 3908 1149 3968 illi
1174 3906 1297 3977 vocalis,
1328 3914 1476 3985 tamquam
1498 3923 1590 3985 prae·

293 4026 361 4069 sens
389 4016 506 4088 tempus
534 4011 659 4089 incipiat
686 4027 702 4069 a
725 4010 915 4079 consonanti,
939 4008 1064 4084 καθίζω
1088 4004 1262 4089 ἐκάθιζον,
1292 4004 1449 4069 καθεύδω
1480 4004 1591 4069 ἐκάθ-

293 4107 411 4171 ευδον;
435 4111 491 4171 hoc
513 4118 559 4172 cst
580 4106 636 4187 ἵζω
658 4110 736 4190 quod
760 4110 896 4191 καθιζω,
921 4111 977 4170 hoc
1000 4104 1089 4171 εὕδω
1112 4111 1189 4191 quod
1214 4106 1384 4189 καθεύδω,
1407 4111 1477 4189 quia
1499 4128 1587 4189 prae-
1602 4140 1627 4178 ,3

291 4214 402 4293 positio
424 4212 499 4273 nihil
521 4214 678 4291 signifieat.
709 4210 760 4272 ubi
785 4231 854 4274 vero
879 4211 999 4273 additur
1013 4230 1050 4273 ex
1073 4214 1292 4292 praepositione
1316 4229 1437 4282 sensus,
1460 4220 1532 4273 tunc
1553 4215 1587 4272 in

292 4314 491 4377 declinatione
513 4316 671 4394 inperieeti
688 4316 873 4395 quaerimus,
898 4314 975 4375 unde
998 4316 1122 4395 incipiat
1144 4313 1267 4377 verbum
1288 4316 1388 4394 ipsum
1411 4316 1476 4375 sinc
1498 4331 1587 4393 prae-

291 4418 455 4495 positione;
478 4425 508 4477 et
531 4420 556 4477 si
580 4417 704 4478 verbum
728 4436 744 4477 a
767 4416 860 4477 vocali
882 4418 1000 4496 incipit,
1023 4419 1158 4496 quamvis
1179 4418 1364 4497 praepositio
1386 4414 1495 4476 haheat
1515 4434 1587 4477 con-

291 4527 459 4589 sonantem,
485 4518 568 4580 verhi
592 4528 689 4580 tamen
712 4518 841 4579 vocalem
858 4536 894 4578 ex
909 4516 992 4579 brevi
1009 4528 1157 4581 mutamus
1180 4522 1211 4580 in
1233 4520 1365 4597 longam,
1390 4526 1423 4578 ut
1445 4514 1585 4597 συνάγω

290 4616 452 4702 συνῆγον,
474 4624 545 4701 quia
567 4622 648 4683 aliud
670 4628 715 4682 est
737 4614 827 4702 ἄγω,
850 4620 931 4681 aliud
954 4616 1105 4700 συνάγω.
1147 4623 1223 4681 item
1245 4623 1270 4681 si
1297 4622 1483 4700 praepositio
1504 4638 1583 4699 quae
1599 4652 1626 4689 ω

359 4879 375 4929 7
393 4879 534 4929 habeantur
552 4880 577 4927 in
596 4894 616 4942 q
633 4886 677 4928 aut
694 4880 720 4928 iu
733 4894 756 4929 ω
774 4878 799 4926 Ρ
855 4878 871 4926 θ
890 4872 970 4926 αυδω
987 4872 1135 4940 ηυδοννΡ
1205 4874 1233 4927 ll
1254 4866 1372 4927 uittase'v
1388 4894 1410 4927 ω
1422 4883 1446 4925 et
1465 4892 1482 4941 q
1499 4874 1581 4923 multo

289 4949 393 4999 coniecit
409 4948 556 5013 Opaoporur
575 4960 731 5006 αττικονως
742 4946 821 4996 ωυΙιο
840 4947 864 4995 P
879 4934 998 4995 ἆττικόν
1016 4936 1074 4996 ἔστι
1093 4945 1170 4995 marito
1185 4961 1203 5009 p
1260 4947 1294 4995 24
1315 4956 1410 4995 mutant
1428 4948 1452 4997 P
1468 4953 1545 4993 murat
1557 4962 1581 5009 ρ
