3525 5600
315 343 379 409 544
823 345 1092 429 [PbLbEllONlS]

342 467 364 510 p.
379 457 436 498 roal.
455 457 480 496 sa
498 455 520 496 r.

316 536 404 596 modo
427 538 612 615 superiores,
635 535 784 615 producit.
828 544 971 615 quantum
994 539 1128 615 apertius
1148 539 1259 616 potuit,
1282 536 1396 597 dictum
1417 545 1462 597 est
1482 537 1516 596 de
1535 547 1585 598 tar·

318 623 358 682 tia
381 628 532 700 eorrepta;
555 639 633 682 nmrc
656 621 788 690 attende,
812 639 889 700 quae
907 623 945 682 sit
959 623 1035 682 ratio
1056 625 1161 683 tertiae
1183 622 1360 701 productae,
1385 622 1428 681 rel
1442 641 1499 701 quo
1512 624 1588 684 inodo

268 771 270 777 ,
317 713 414 786 potest
442 707 572 767 discerni
599 725 615 768 a
643 708 731 766 tertia
759 713 912 786 correpta,
941 725 1008 768 curn
1036 715 1161 788 utraque
1189 710 1220 768 in
1247 726 1306 767 uno
1334 709 1344 766 i
1373 714 1499 776 constet,
1520 710 1588 787 qnod

317 799 385 852 ante
407 794 596 853 novissimam
617 791 745 852 litteram
768 794 921 853 inventmn
936 799 990 852 est.
1019 800 1090 871 puta
1112 792 1238 872 exempli
1261 793 1355 870 gratia
1377 791 1501 852 dicimus
1519 794 1588 871 lugia

317 878 395 954 lurgis
418 884 447 936 et
475 879 572 938 sentio
599 879 693 938 sentis
720 895 774 956 per
801 879 843 938 is..
880 877 958 938 unde
987 876 1077 938 babet
1104 877 1253 955 intellegi,
1282 888 1382 938 ntrnm
1409 885 1539 957 correpta
1557 898 1609 939 ans
1706 880 1707 883 ’

317 961 461 1042 producta
484 963 541 1021 siti
577 961 629 1022 scd
658 963 843 1039 intellegitur
871 963 929 1032 sic,
959 963 1058 1023 idest
1080 963 1116 1023 de
1138 964 1315 1042 imperativo
1337 962 1439 1022 modo:
1471 965 1497 1022 si
1516 973 1591 1024 exeat

318 1049 348 1107 in
378 1049 401 1116 i,
423 1053 449 1115 ta
475 1048 565 1108 tertia
592 1047 736 1126 producta
765 1049 859 1116 vonit,
889 1057 922 1108 ut
948 1050 1045 1108 sentio
1074 1048 1180 1118 sentis,
1209 1049 1385 1128 imperativo
1413 1047 1498 1107 modo
1520 1049 1588 1108 senti

317 1133 404 1202 lacit;
427 1132 533 1193 haurio
555 1133 729 1211 imperativo
752 1132 838 1192 modo
853 1131 938 1192 hauri
960 1133 1048 1202 laeit;
1071 1134 1169 1192 servio
1190 1135 1298 1202 servis,
1322 1134 1495 1211 imperativo
1515 1133 1589 1192 modo

318 1219 396 1278 servi
425 1217 505 1278 lacit.
550 1219 638 1278 tertia
666 1235 735 1277 vero
764 1225 915 1296 correpta,
942 1216 1014 1278 lieet
1040 1218 1133 1278 simili
1160 1219 1254 1278 lorma
1283 1225 1383 1285 exeat,
1417 1226 1512 1278 tamen
1542 1218 1589 1277 boe

318 1303 499 1363 discernitur
521 1301 557 1361 de
580 1303 645 1381 ipso
667 1303 857 1381 imperativo,
885 1321 974 1381 quem
996 1321 1115 1382 semper
1137 1304 1168 1363 in
1190 1321 1206 1363 e
1229 1305 1335 1372 mittit,
1359 1310 1391 1362 ut
1413 1303 1493 1379 fugio
1513 1303 1617 1380 lupen

317 1389 386 1466 luge
409 1389 496 1456 lacit:
520 1405 574 1448 ruo
597 1388 674 1456 ruis,
698 1405 751 1446 ruo
774 1387 856 1448 lacit.
902 1405 973 1465 ergo
1000 1388 1211 1450 discernuntur
1238 1390 1295 1457 sio,
1323 1389 1392 1468 qula
1415 1395 1543 1464 correpta
1562 1389 1587 1447 in

318 1493 334 1532 e
358 1473 449 1532 mittit
469 1473 691 1552 imperativum,
714 1471 858 1550 producta
881 1474 913 1532 in
936 1475 957 1533 i.
987 1473 1038 1534 sed
1061 1474 1132 1553 quid
1149 1474 1236 1534 docet
1257 1475 1320 1553 ipsa
1343 1472 1430 1532 tertia
1451 1471 1586 1551 producta,

319 1558 452 1618 attende:
476 1558 609 1617 futurum
626 1565 742 1636 tempus
756 1558 845 1618 etiam
860 1559 892 1618 in
916 1557 967 1626 bo,
991 1559 1042 1619 sed
1065 1560 1160 1636 magis
1173 1560 1205 1618 in
1220 1578 1281 1628 arn,
1305 1564 1423 1637 utputa
1446 1557 1481 1616 de
1501 1557 1586 1616 lunam

320 1645 363 1704 sie
385 1642 524 1712 dicimus,
552 1644 649 1702 servio
676 1645 804 1704 serviam
831 1652 860 1704 et
887 1642 1021 1712 servibo,
1051 1647 1152 1704 nescio
1179 1646 1311 1704 nesciam
1339 1651 1370 1701 et
1390 1640 1525 1711 nescibo;
1544 1642 1587 1701 sed

319 1729 413 1806 magis
439 1729 470 1788 in
498 1746 543 1788 am
572 1728 663 1788 mittit
689 1747 777 1807 quarn
805 1730 836 1788 in
865 1727 914 1788 bo.
958 1729 1135 1789 infinitivum
1162 1747 1231 1788 vero
1258 1727 1397 1807 producit
1416 1745 1544 1804 semper,
1563 1734 1619 1785 utn

319 1821 389 1891 puta
417 1813 538 1873 haurire
566 1815 676 1874 sentire
704 1815 831 1872 nescire.
876 1833 944 1873 nam
972 1813 1074 1890 regula
1107 1820 1152 1873 est
1178 1815 1343 1873 activorum
1370 1819 1402 1871 et
1427 1811 1590 1872 neutralium

320 1897 492 1968 vorborum,
519 1905 550 1957 ut
572 1901 602 1958 in
625 1915 810 1977 quacumque
833 1898 1041 1976 coniugatione
1064 1898 1155 1960 addas
1176 1917 1209 1957 re
1231 1896 1372 1976 syllabam
1394 1897 1431 1957 ad
1452 1897 1590 1975 imperati-

320 2001 386 2042 vum
409 1982 538 2042 modurn.
578 1989 609 2042 ut
638 1989 707 2060 puta
737 2002 753 2044 a
781 1984 877 2062 prima
907 1984 1116 2060 coniugatione
1144 1984 1206 2043 exit
1230 1983 1426 2061 imperativus
1452 1983 1483 2041 in
1510 2001 1538 2050 a,
1564 1990 1592 2040 ut

318 2067 410 2128 clama
427 2085 496 2128 voca
513 2067 603 2133 lania}
628 2067 710 2127 adico
726 2086 768 2136 re,
793 2075 822 2128 et
844 2069 915 2128 lacit
936 2070 1128 2138 infinitivum,
1152 2069 1280 2130 clamare
1303 2069 1416 2128 laniare
1438 2085 1547 2126 vocare.
1576 2085 1590 2124 a

319 2151 447 2213 secunda
470 2149 685 2232 coniugaltione
709 2154 770 2213 exit
790 2154 985 2232 imperativus
1006 2156 1036 2214 in
1059 2154 1284 2233 eproductum;
1305 2153 1376 2213 huic
1398 2151 1482 2211 adice
1502 2169 1546 2219 re,
1566 2160 1620 2210 otu

319 2238 391 2298 lacit
413 2239 606 2306 infinitivum,
630 2255 717 2296 mone
740 2255 876 2306 monere,
900 2237 974 2298 doce
996 2238 1119 2308 docere,
1143 2238 1255 2318 praebe
1277 2236 1436 2318 praebere.
1479 2255 1495 2296 a
1514 2237 1591 2297 tertia

318 2324 527 2400 coniugatione
550 2329 685 2401 correpta
708 2323 769 2382 exit
791 2323 985 2402 imperativus
1006 2325 1038 2382 in
1060 2342 1077 2383 c
1099 2331 1284 2402 correptum;
1307 2323 1376 2383 huic
1399 2321 1546 2388 adicere,
1567 2328 1592 2379 et

317 2409 390 2468 lacit
411 2408 603 2475 infinitivum,
633 2413 666 2466 ut
693 2406 791 2467 scribe
819 2407 968 2476 scribere,
996 2407 1062 2485 lege
1085 2407 1199 2485 legere,
1230 2406 1299 2468 tolle
1321 2406 1437 2468 tollere.
1481 2406 1591 2466 atertia

319 2494 526 2569 coniugatione
549 2492 691 2571 producta
714 2494 908 2570 imperativus
929 2495 1044 2554 onitin
1066 2495 1093 2563 i;
1121 2492 1190 2552 huic
1212 2493 1295 2552 adice
1318 2510 1366 2561 re,
1396 2499 1428 2552 et
1448 2492 1518 2551 lacit
1536 2490 1591 2549 inli-

318 2579 459 2646 nitivum,
484 2578 563 2636 servi
585 2579 712 2646 serviro,
742 2578 811 2637 audi
834 2577 953 2646 audire,
982 2577 1069 2638 bauri
1092 2576 1225 2638 haurire.
1269 2577 1322 2637 sed
1344 2578 1478 2656 quaestio
1498 2575 1620 2634 dedices

318 2661 376 2722 duc
398 2669 428 2722 et
449 2662 510 2732 lac,
534 2662 678 2742 numquid
700 2661 797 2722 addita
826 2681 859 2721 rc
887 2664 1003 2740 integre
1024 2665 1161 2724 sonuerit
1181 2663 1355 2723 infinitivus.
1399 2661 1453 2722 sed
1473 2661 1526 2720 boo
1545 2677 1591 2719 usu

319 2745 480 2827 plurimum
507 2748 607 2808 valuit.
652 2765 721 2809 narn
743 2747 887 2825 Virgilius
908 2748 980 2810 dicit
1002 2747 1068 2810 dice
1095 2755 1126 2809 et
1148 2748 1308 2810 Terentius
1336 2748 1418 2818 lace;
1445 2744 1590 2826 quibnssi

319 2832 431 2894 adicias
452 2852 500 2903 re,
524 2834 637 2894 laniunt
652 2835 767 2911 integre
783 2852 889 2894 sonare
910 2835 1089 2895 infinitivum
1105 2835 1237 2904 modum,
1253 2834 1354 2894 dicere
1369 2834 1469 2893 lacere
1484 2832 1590 2891 ducere.

404 2917 529 2979 Abunde
552 2918 629 2979 dicta
653 2926 721 2979 sunt
743 2919 779 2980 de
803 2918 1063 2997 coniugationibus
1078 2922 1243 2981 activorum
1257 2918 1505 2996 neutraliumtyue,
1526 2933 1590 2994 qnae
1660 2932 1662 2934 ’

318 3011 516 3083 quaeruntur,
544 3011 577 3064 ut
605 3004 748 3073 diximus,
777 3006 809 3064 in
837 3005 966 3066 secunda
994 3024 1121 3085 persona
1148 3013 1216 3065 ante
1245 3004 1437 3064 novissimam
1464 3001 1621 3061 litteramn

320 3106 397 3149 rrunc
419 3097 510 3149 restat
533 3089 569 3150 de
591 3090 774 3169 passivorum
797 3098 827 3150 et
849 3092 1050 3151 communium
1071 3098 1101 3151 et
1122 3091 1335 3170 deponentium
1355 3086 1513 3147 verborum
1533 3102 1591 3144 oon·

320 3172 522 3249 legationibus
545 3174 659 3243 dicore,
683 3192 758 3253 quae
781 3183 966 3254 quaeruntur
988 3183 1056 3237 ante
1078 3177 1269 3236 novissimam
1291 3170 1448 3253 syllabam,
1476 3188 1531 3234 non
1551 3168 1591 3228 lit·

320 3266 428 3327 teram,
453 3265 576 3337 utputa
599 3258 710 3319 clamor
732 3258 883 3321 clamaris:
908 3268 976 3321 aute
999 3262 1042 3321 ris
1064 3259 1205 3340 syllabam
1232 3279 1249 3319 a
1272 3256 1363 3319 habet
1384 3258 1482 3336 prima
1503 3256 1592 3315 mniu-

318 3344 413 3419 gatio,
443 3360 518 3421 quac
548 3345 578 3403 in
608 3342 662 3403 bor
684 3342 774 3404 babet
795 3346 914 3404 mittere
937 3347 1161 3426 promissivum,
1189 3352 1222 3405 ut
1251 3341 1402 3404 clamabor
1429 3339 1592 3401 clamabaris

319 3426 493 3489 clamabitur
515 3427 709 3504 clarnabinruy
732 3428 934 3489 elamabimini
957 3429 1173 3491 clamabantur.
1210 3429 1240 3489 iu
1263 3426 1471 3489 communibus
1491 3427 1622 3505 prirnaca

318 3512 548 3589 coniugationiS‚
573 3521 604 3572 nt
627 3520 696 3592 puta
720 3516 863 3574 criminor
885 3516 1069 3584 criminaris,
1091 3535 1109 3574 a
1131 3524 1199 3575 ante
1220 3515 1263 3575 ris
1277 3512 1437 3592 syllabam,
1459 3523 1489 3571 et
1502 3512 1531 3571 in
1545 3509 1592 3569 bor

319 3596 408 3657 babet
430 3598 547 3657 mittere
571 3598 792 3675 promissivum,
816 3607 849 3659 ut
871 3597 1054 3659 criminabor
1077 3598 1288 3660 criminaberis
1316 3596 1524 3658 criminabitur
1541 3596 1592 3653 en·-

282 3686 284 3692 ’
319 3680 501 3743 minabimur
523 3680 757 3743 crinrinabimini
781 3682 1029 3744 criminabuntur.
1073 3686 1105 3744 in
1127 3682 1347 3763 deponentibus
1367 3685 1482 3763 primae
1502 3681 1592 3741 eoniu-

318 3768 459 3844 gationis,
484 3775 516 3827 ut
538 3767 632 3827 luctor
654 3766 790 3837 luctaris,
815 3776 883 3828 ante
906 3770 950 3829 ris
971 3768 1112 3849 syllabam
1134 3789 1151 3830 a
1172 3770 1272 3830 littera
1293 3777 1353 3829 est:
1386 3770 1484 3848 prima
1503 3766 1591 3826 coniu-

317 3854 396 3929 gatio
430 3869 505 3932 quac
537 3854 569 3912 in
602 3852 657 3911 bor
689 3854 783 3913 mittit
814 3855 1025 3932 promissivum
1057 3854 1190 3925 modum,
1224 3864 1258 3915 ut
1285 3852 1421 3915 luctabor
1447 3850 1622 3913 luctabariso

319 3936 480 3998 luctabitur
507 3936 686 3997 luctabimur
714 3936 901 3999 luctabimini
928 3938 1132 4000 luctabuntur.
1176 3940 1306 4000 dixinms
1327 3938 1364 3999 de
1386 3938 1483 4017 prima
1502 3936 1592 3996 conin-

318 4022 436 4097 gatione
459 4024 643 4100 passivorum
666 4031 696 4083 et
717 4024 918 4085 communium
943 4025 1215 4103 deponendumque
1242 4023 1417 4091 verborum,
1441 4040 1513 4101 quae
1532 4027 1592 4080 ante

318 4106 506 4165 novissimam
529 4106 670 4186 syllabam
692 4114 887 4187 quaeruntur.
919 4128 999 4170 nunc
1014 4109 1173 4170 dicendum
1187 4108 1225 4169 de
1247 4107 1376 4169 secunda
1399 4106 1592 4183 coniugatione

317 4192 451 4269 ipsorum
474 4190 647 4260 verborum,
671 4211 745 4272 quae
768 4192 908 4254 similiter
929 4193 990 4255 illio
1012 4200 1211 4275 quaeruntur,
1239 4193 1293 4254 ubi
1316 4202 1345 4253 et
1366 4195 1465 4273 prima
1486 4193 1514 4251 in
1533 4208 1592 4269 pas·

319 4344 445 4353 ...η-...-

388 4412 563 4475 lprodncant
582 4420 701 4476 qnantum
721 4420 759 4465 est
779 4428 828 4463 uno
845 4416 930 4480 nptias
948 4415 1044 4464 dietum
1063 4426 1101 4464 eat
1123 4416 1149 4465 V
1211 4413 1361 4465 sconsum
1382 4414 1411 4463 V
1415 4426 1434 4467 ς
1483 4411 1592 4462 liuven-

318 4478 382 4544 tum]
403 4480 551 4531 inuenturos
573 4484 607 4543 V,
626 4499 671 4537 om.
690 4494 708 4537 ς
777 4482 794 4533 6
812 4484 857 4533 sed
875 4486 1033 4552 intelligatur
1055 4486 1082 4535 V
1096 4484 1145 4535 boe
1163 4483 1313 4549 intelligitur
1329 4496 1348 4538 ς
1417 4484 1440 4531 ai
1456 4482 1505 4531 exit
1524 4482 1551 4529 V

316 4549 415 4615 libne]
435 4566 481 4599 nec
503 4552 530 4601 V
599 4554 631 4604 10
652 4550 733 4618 iugis]
752 4553 808 4620 lugi
826 4556 854 4603 V
921 4555 952 4606 la
970 4555 1071 4605 attende
1091 4555 1164 4605 cuius
1181 4554 1294 4604 loturum
1312 4561 1413 4620 tempus
1430 4553 1502 4603 etiam
1518 4560 1555 4601 est
1571 4551 1592 4598 io

318 4622 385 4677 boe
456 4620 550 4688 lonc]
572 4624 605 4671 sit
625 4623 651 4670 V
666 4621 723 4680 εἰς
794 4624 840 4673 sed
859 4626 1034 4689 magis-in
1054 4626 1181 4679 boon-5
1252 4626 1285 4676 17
1301 4633 1330 4673 nt
1346 4639 1394 4674 on.
1415 4624 1442 4673 V
1506 4620 1537 4673 19
1552 4620 1592 4667 ad·

318 4690 384 4739 dlice
407 4690 433 4740 V
499 4689 533 4739 20
551 4692 688 4755 productus
708 4694 733 4742 in
749 4708 762 4743 e
780 4694 805 4743 V
810 4706 828 4750 ς
896 4695 931 4743 ⁰22
948 4695 1128 4761 coniugatione
1144 4710 1190 4748 on.
1206 4697 1235 4746 V
1282 4692 1317 4745 ‘26
1334 4695 1375 4743 lae
1392 4707 1516 4756 nunquam
1532 4691 1592 4739 euin

250 4804 257 4820 ,
318 4760 435 4814 redditas
487 4762 615 4811 souauerit
636 4762 664 4811 V
667 4774 684 4817 ς
736 4762 770 4813 29
786 4778 909 4825 quoeom.
928 4766 957 4813 V
1003 4764 1037 4815 36
1055 4780 1071 4813 a
1089 4780 1135 4815 om.
1155 4766 1182 4815 V
1222 4763 1257 4817 39
1274 4767 1357 4830 prima
1370 4764 1592 4829 coniugatione

387 4828 584 4897 radicandum]
605 4832 664 4882 dein
683 4844 699 4886 ς
769 4834 803 4883 44
821 4834 955 4883 uerborum
974 4842 999 4884 et
1016 4848 1117 4897 quaes
1180 4837 1214 4885 44
1229 4834 1272 4884 nbi
1288 4837 1398 4901 primum
1416 4836 1443 4885 in
1458 4832 1562 4899 passicis
1577 4842 1593 4885 ς
