3525 5600
274 298 339 368 270
720 325 723 330 ·
848 300 1002 366 sonesti

300 421 322 463 p.
335 410 423 450 sse-st
438 407 459 448 l..
1275 458 1280 466 .

275 489 395 566 ponitur
418 485 602 556 nominibus;
625 489 821 566 postponitur,
844 495 1075 548 mecumtecum
1094 491 1100 561 i
1119 484 1458 554 nobiscumvobiseum;
1480 503 1568 548 nemo

276 589 348 652 dicit
374 607 442 650 cum
471 608 534 658 me,
562 608 629 650 cum
658 597 701 664 te,
731 607 799 650 eum
827 587 928 658 nobis,
957 607 1024 650 cum
1053 588 1145 649 vobis.
1190 604 1263 665 ergo
1286 606 1323 650 ex
1344 589 1458 650 maiore
1484 596 1567 668 parte

274 691 498 770 significationis
520 689 666 771 appellata
688 698 733 753 est
755 692 947 770 praepositio,
971 711 1032 754 non
1046 693 1186 771 quoniam
1202 708 1262 752 non
1276 691 1468 752 inveniuntur
1484 706 1568 768 prae-

274 794 445 872 positiones,
468 810 544 871 quae
565 801 690 872 possunt
711 791 869 872 aliquando
892 796 1041 874 postponi.
1071 811 1140 854 nam
1155 811 1225 854 ecce
1240 792 1310 854 dedi
1331 791 1386 853 tibi
1401 790 1569 871 exemplum

275 896 465 975 postpositae,
489 902 521 954 ut
542 901 589 954 est
609 901 706 964 tenus,
729 902 763 956 ut
785 905 830 955 est
851 912 929 958 eum.
973 913 1046 974 ergo
1068 895 1147 976 quod
1169 895 1593 975 frequentiusinveniunturs

275 997 476 1076 praepositae,
505 995 575 1056 inde
603 995 699 1058 dictae
727 1005 796 1058 sunt
823 997 879 1058 isto
908 999 1039 1060 nomine.
1085 1015 1156 1076 ergo
1184 997 1365 1077 praepositio
1397 1013 1519 1075 semper
1539 995 1569 1054 in

275 1098 425 1180 loquendo
447 1098 648 1178 praeponitur,
671 1105 705 1160 ut
726 1106 794 1160 ante
816 1098 975 1179 templum
994 1097 1045 1160 illa
1066 1117 1126 1160 una
1147 1107 1194 1160 est
1206 1116 1283 1178 quae
1304 1116 1360 1177 pro
1376 1096 1503 1158 arbitrio
1518 1101 1570 1156 tuo

277 1200 324 1263 vel
339 1202 533 1281 praeponitur
555 1199 601 1261 vel
623 1202 820 1281 postponitur,
843 1209 937 1271 tenus,
954 1208 1041 1262 tenus
1062 1201 1142 1280 pube
1163 1209 1194 1260 et
1213 1199 1294 1280 pube
1315 1208 1419 1268 tenus;
1440 1196 1491 1258 illa
1513 1215 1572 1257 una

276 1311 321 1363 est
332 1319 409 1380 quae
423 1305 455 1363 in
470 1301 696 1382 pronominibus
712 1321 830 1383 semper
838 1304 1036 1384 postponitur,
1049 1321 1127 1374 cum,
1139 1320 1256 1364 mecum
1267 1310 1376 1363 tecmu.
1393 1299 1466 1380 quid
1478 1300 1571 1377 ergoi
1710 1364 1711 1379 ,

276 1403 351 1466 aliae
370 1421 428 1466 oon
443 1413 663 1485 postponuntur
685 1407 939 1486 praepositiones?
968 1413 1189 1485 postponuntur
1209 1405 1298 1465 etiam
1318 1403 1410 1472 aliae;
1433 1403 1607 1464 sedeum1⁰

275 1509 456 1586 postpositae
466 1507 585 1577 inerint,
598 1507 663 1568 vide
675 1525 712 1568 ne
724 1507 922 1589 hysterologia
931 1510 979 1578 sit,
992 1515 1043 1570 aut
1054 1526 1092 1568 ne
1103 1506 1230 1568 eloctum
1239 1507 1288 1568 sit.
1303 1504 1483 1586 plerumque
1492 1505 1573 1566 euim
1710 1498 1711 1501 ’

276 1609 458 1688 postpositae
476 1608 704 1688 hysterologiam
719 1611 841 1680 iaciunt,
864 1611 1042 1691 plerumque
1056 1609 1253 1672 elocutionem
1269 1608 1390 1670 iaciunt.
1411 1625 1433 1662 e
1449 1609 1476 1669 si
1491 1606 1574 1667 dieas

428 1718 596 1772 transtra
618 1730 684 1791 per
707 1719 742 1773 ot
762 1729 883 1773 rernos
906 1721 942 1774 et
968 1714 1090 1792 pictas
1112 1710 1237 1772 abiete
1262 1729 1419 1792 puppes:

277 1816 424 1876 ειτεεειεε
446 1831 501 1892 per
524 1820 554 1874 et
575 1817 703 1884 remos’,
725 1813 783 1876 boc
806 1823 850 1877 est
870 1832 926 1896 per
947 1821 1076 1876 transtra
1099 1821 1130 1875 et
1150 1831 1266 1876 remos:
1296 1813 1386 1875 modo
1407 1813 1573 1893 postposita

279 1924 324 1978 est
345 1934 405 1978 non
426 1913 493 1993 lege
514 1917 674 1987 sermonis,
698 1915 750 1978 sed
772 1916 838 1996 lege
860 1919 959 1981 metri.
1004 1936 1043 1978 ne
1065 1925 1095 1976 te
1116 1916 1257 1996 decipiat,
1286 1919 1428 1994 quoniam
1449 1917 1483 1976 in
1497 1908 1573 1975 ¹ver·
1586 1923 1610 1962 1⁵

175 2034 236 2095 tao,
249 2035 266 2083 s
279 2016 360 2080 sibus
381 2019 550 2080 invenimus
572 2017 749 2100 plerumque
770 2022 1008 2101 praepositiones
1029 2037 1095 2080 esse
1115 2018 1309 2098 postpositam
1331 2018 1385 2079 sed
1403 2017 1474 2078 ideo
1492 2024 1574 2097 post·

124 2103 183 2165 ⁴4³¹
193 2103 218 2152 4.
234 2104 266 2152 ¹⁰
277 2122 390 2200 positae
412 2127 495 2190 sunt,
524 2137 584 2182 non
612 2122 691 2202 quod
719 2123 760 2184 ita
786 2125 818 2184 in
842 2123 1040 2186 elocutionem
1062 2121 1186 2191 cadunt,
1215 2119 1267 2181 sed
1293 2119 1373 2200 quod
1399 2119 1486 2181 aliter
1508 2137 1575 2179 ver·

276 2241 327 2285 sus
356 2229 435 2284 stare
462 2239 523 2284 non
550 2232 682 2303 possunt
735 2243 806 2304 ergo
837 2225 965 2288 dicimus
990 2224 1137 2286 ‘mausus
1170 2241 1225 2303 per
1254 2230 1284 2282 et
1309 2225 1444 2291 remos',
1479 2227 1512 2282 et
1543 2221 1576 2280 iit

276 2323 490 2405 hysterologia,
513 2323 543 2386 id
567 2335 609 2388 est
633 2330 788 2390 conversio
810 2330 973 2398 sermonis,
996 2327 1054 2388 boc
1076 2333 1122 2388 est
1142 2328 1214 2404 ‘per
1236 2332 1365 2386 transtra
1387 2333 1417 2385 et
1443 2326 1573 2385 remos’.
1710 2406 1711 2409 Ἴ

276 2427 452 2508 plerumque
474 2429 664 2507 postponitur
686 2437 716 2492 et
737 2438 833 2492 mutat
855 2448 957 2492 casum
978 2447 1076 2490 suum.
1105 2434 1176 2508 post
1196 2426 1290 2508 qualis
1311 2428 1495 2508 praepositio
1509 2425 1611 2486 estias
1710 2414 1711 2481 l

277 2531 443 2592 accusativa
465 2529 529 2591 sino
553 2529 652 2592 dubio.
698 2541 771 2594 tuuc
789 2529 795 2616 Ι
815 2534 873 2594 erit
894 2534 1074 2602 accusativa,
1102 2532 1128 2591 si
1150 2538 1201 2592 aut
1221 2529 1303 2591 illam
1324 2547 1494 2610 praepono,
1524 2535 1575 2590 aut
1710 2540 1711 2551 ¹

216 2656 223 2668 ·
276 2631 357 2694 illam
379 2639 527 2713 postpono
548 2651 604 2712 per
626 2632 867 2712 hysterologiam,
890 2635 921 2696 id
944 2645 988 2696 est
1008 2652 1063 2714 per
1079 2635 1286 2695 necessitatem
1300 2634 1399 2693 metri.
1429 2633 1573 2692 danum

277 2733 398 2797 voluero
421 2734 617 2798 elocutionem
645 2736 759 2809 lacere,
787 2741 951 2819 postposita
972 2736 1100 2818 perdere
1122 2735 1213 2796 babet
1240 2753 1350 2796 casum.
1395 2745 1466 2815 puta
1489 2735 1577 2815 ‘post

277 2845 396 2918 tempus
418 2838 520 2909 venit’,
544 2839 633 2901 modo
655 2842 837 2920 praepositio
853 2850 914 2913 est;
937 2849 967 2902 et
981 2842 1112 2921 ‘tempus
1126 2848 1195 2919 post
1208 2840 1311 2909 renit’,
1335 2844 1365 2899 et
1378 2839 1470 2900 modo
1483 2857 1575 2918 prae·
1710 2899 1711 2928 ἡ

278 2941 387 3019 positio
409 2946 461 3001 est.
508 2943 697 3003 econtrario
719 2944 744 3003 si
766 2944 833 3004 dieo
861 2945 1016 3023 ‘tempore
1042 2950 1111 3024 post
1137 2943 1245 3013 veuit’‚
1276 2959 1338 3001 non
1364 2950 1411 3002 est
1437 2941 1613 3020 hystero·²⁵
1710 2945 1711 2972 ³

278 3042 371 3120 logia,
396 3042 449 3103 sed
472 3051 518 3105 est
539 3042 682 3121 elocutio,
705 3052 776 3124 puta
799 3045 929 3125 ‘longo
956 3054 1043 3128 post
1069 3051 1237 3124 tempore
1260 3044 1389 3104 venit’.
1432 3044 1494 3105 iam
1517 3042 1577 3103 boc
1710 3027 1711 3030 ¹

278 3143 344 3205 loco
368 3148 507 3222 quoniam
524 3153 660 3207 mutatus
688 3153 734 3209 est
760 3166 861 3217 casus,
890 3155 1022 3210 mutatur
1044 3148 1133 3207 etiam
1154 3145 1205 3207 illa
1228 3145 1365 3207 elocutio.
1409 3145 1491 3207 unde
1512 3144 1578 3226 ple·

281 3246 366 3325 rique
388 3247 526 3309 dixerunt
548 3245 598 3309 illo
620 3258 771 3329 tempore,
801 3250 920 3328 quaudo
941 3250 1041 3332 perdit
1061 3268 1178 3320 casum,
1206 3266 1268 3309 non
1290 3266 1356 3308 esse
1380 3248 1577 3328 praepositio·

280 3366 365 3421 narn,
405 3350 457 3411 sed
493 3368 559 3411 esse
600 3350 782 3413 adverbium.
833 3351 886 3413 sed
922 3362 1023 3414 errant
1056 3362 1087 3413 et
1123 3352 1323 3430 decipiuntur.
1371 3368 1439 3411 nam
1476 3350 1578 3411 consi·
1710 3419 1711 3438 χ

280 3451 351 3515 ‹lera
364 3455 405 3513 'et
426 3450 548 3513 videbis.
593 3452 635 3513 illi
657 3452 714 3513 hoc
738 3454 853 3524 dieunt,
882 3456 1064 3536 praepositio
1091 3462 1162 3515 tunc
1185 3462 1231 3514 est
1261 3452 1379 3533 quando
1413 3453 1614 3533 praeponi-³0
1710 3441 1711 3474 r

279 3560 329 3615 tur
368 3554 435 3633 (boc
474 3557 643 3627 consentio,
681 3574 784 3617 verum
819 3555 889 3633 esti:
935 3566 964 3619 et
998 3556 1117 3635 quando
1153 3557 1343 3636 postponitur
1381 3572 1435 3635 per
1474 3555 1577 3636 hyste·
1710 3549 1711 3554 ’

280 3656 433 3735 rologiam,
462 3660 644 3739 praepositio
672 3666 729 3728 est,
753 3660 781 3719 id
813 3666 857 3721 est
880 3667 994 3721 utnon
1021 3666 1116 3720 mutet
1142 3676 1244 3719 casum
1266 3676 1367 3728 suum,
1397 3666 1431 3719 ut
1453 3660 1577 3718 ‘trau-

216 3810 219 3815 .
280 3769 357 3821 stra
391 3777 455 3840 per
490 3769 525 3821 et
563 3768 718 3832 remos’,
754 3760 809 3823 boc
848 3771 895 3824 est
927 3765 999 3841 ‘per
1031 3767 1161 3822 transtm
1195 3770 1224 3821 et
1257 3764 1391 3829 remos';
1424 3778 1495 3821 eum
1524 3779 1577 3820 au·

281 3871 340 3923 tem
363 3863 525 3943 postposita
548 3862 637 3924 luerit
659 3870 688 3924 et
710 3866 866 3926 mutaverit
887 3882 998 3933 casum,
1021 3864 1080 3924 iam
1102 3861 1273 3926 adverbium
1290 3865 1354 3923 erit.
1388 3863 1446 3924 boc
1461 3862 1576 3931 dicunt,

189 3984 192 3991 ·
279 3963 336 4025 boc
359 3964 452 4026 habes
475 3966 563 4027 etiarn
585 3966 615 4026 in
638 3965 762 4027 Donato.
807 3966 859 4027 sed
883 3965 945 4027 noli
967 3966 1103 4036 eredere,
1134 3967 1273 4043 quoniam
1300 3983 1360 4025 non
1387 3970 1488 4044 potest
1510 3966 1614 4025 nonas

279 4075 312 4127 ut
330 4068 335 4143 Ι
354 4068 411 4127 ista
433 4068 603 4147 praepossis
625 4070 676 4129 liat
697 4068 878 4139 adverbium,
902 4071 960 4130 nisi
982 4068 1103 4129 recedat
1124 4070 1242 4148 penitus
1264 4086 1281 4127 a
1303 4084 1373 4127 casu
1396 4075 1426 4128 et
1447 4065 1576 4128 verbum

280 4170 413 4248 accipiat
458 4170 483 4231 si
511 4169 592 4231 dicas
613 4178 685 4249 puta
708 4175 795 4233 ‘aute
818 4170 960 4252 templum
986 4175 1077 4239 stat',
1108 4177 1176 4232 ante
1198 4169 1287 4232 modo
1313 4170 1497 4250 praepositio
1520 4177 1577 4239 est,

280 4272 347 4352 quia
369 4271 513 4353 templum
536 4291 604 4353 pars
627 4280 673 4334 est
694 4274 837 4335 orationis
860 4292 936 4353 quae
957 4292 1059 4335 casum
1074 4271 1180 4334 babet:
1207 4272 1295 4335 ‘ante
1316 4290 1369 4333 vos
1389 4277 1482 4343 stat',
1505 4280 1577 4334 ante

348 4441 433 4494 buon
456 4440 575 4509 quioniam
600 4443 765 4497 inueniuntur
784 4446 989 4511 praepositiones
1010 4458 1075 4509 quae
1095 4458 1146 4495 non
1162 4453 1272 4510 possum
1291 4444 1377 4495 ABG
1462 4443 1577 4495 Stenas

277 4514 358 4575 prauo
374 4516 429 4565 loco
446 4530 493 4569 ovs.
512 4514 597 4565 ΑΒΘ
665 4514 698 4565 10
715 4530 765 4565 non
785 4530 831 4567 om.
851 4515 937 4566 ABG
1004 4516 1037 4567 la
1055 4514 1204 4580 plerumque
1221 4515 1390 4565 elocutionem
1408 4512 1511 4563 iaciant
1529 4528 1577 4565 ovs.

280 4583 318 4643 A,
332 4584 394 4635 odd.
408 4600 425 4633 a
478 4584 510 4635 13
530 4578 649 4649 transtra]
671 4586 751 4651 Verp.
768 4586 869 4641 AeuV
888 4586 940 4638 663
992 4586 1026 4635 it
1043 4599 1095 4635 nou
1112 4584 1188 4634 ruodo
1203 4586 1345 4651 postposita
1362 4592 1402 4633 est
1419 4586 1476 4650 lege
1491 4584 1578 4635 ΑΒΘ

349 4654 383 4703 25
400 4662 438 4704 εει
453 4669 500 4709 orn.
518 4656 590 4707 ABG
641 4656 664 4705 si
683 4656 741 4707 dico
760 4657 785 4706 in
803 4666 918 4723 ternpore
935 4665 995 4722 post
1006 4655 1091 4706 ΑΒΘ
1142 4654 1176 4705 20
1193 4654 1281 4721 longo]
1301 4656 1381 4720 Verp.
1396 4654 1477 4708 bucol.
1500 4657 1525 4717 l,
1540 4654 1578 4706 30

349 4722 381 4774 31
397 4725 512 4787 sortasse
530 4724 578 4776 boc
591 4727 721 4777 consentio
740 4742 827 4777 verum
844 4741 911 4780 esse=
986 4724 1021 4776 db
1040 4722 1130 4792 babes]
1150 4724 1246 4774 babere
1263 4724 1348 4775 ΑΒΘ
1433 4726 1460 4773 in
1478 4725 1576 4777 donato

282 4790 536 4845 secundanorum
556 4797 582 4845 Α
651 4794 780 4864 38quae]
802 4785 962 4859 ᾳιιίεΆΒΘ
1013 4852 1016 4857 ,
