3525 5600
322 382 385 446 184
891 384 1044 447 POMPEll

346 505 369 548 p.
383 491 519 554 reu—tolli.

322 591 408 652 quem
439 572 475 634 ad
504 572 622 633 modum
650 574 682 634 lit
709 580 741 634 ut
768 574 798 632 in
826 579 972 652 potestate
1002 580 1051 635 tua
1079 574 1118 634 sit
1139 573 1185 634 vel
1212 574 1296 636 illum
1325 594 1427 637 casum
1449 575 1549 636 lacere
1571 574 1616 636 vel

323 674 531 738 elocutionem.
576 676 616 735 ita
638 675 683 735 fit:
715 675 812 736 omnia
835 693 911 755 quae
933 676 1100 736 accusativo
1121 695 1281 756 possumus
1304 696 1371 738 cum
1393 679 1617 758 praepositione

322 779 461 858 iungere,
491 779 516 838 si
537 779 695 856 iungamus
716 777 813 838 dativo
836 779 901 837 sine
928 778 1164 858 praepositione,
1193 797 1263 839 ecee
1290 782 1333 840 sic
1360 781 1402 840 m.
1447 798 1519 858 ergo
1542 781 1617 840 baec

322 887 367 942 est
390 879 530 956 elocutio,
555 898 631 960 quae
653 887 751 960 potest
772 881 856 958 iungi
884 882 1050 942 accusativo
1072 898 1140 941 cum
1163 884 1399 962 praepositione,
1429 883 1456 942 si
1476 884 1617 960 iungatur

322 981 419 1043 dativo
445 984 510 1044 sine
537 983 765 1062 praepositione.
810 981 851 1042 ‘tt
878 981 990 1045 elamor
1018 985 1048 1043 in
1077 978 1220 1053 caelum’,
1253 983 1319 1044 ‘ille
1341 986 1365 1045 it
1387 983 1443 1044 sub
1464 987 1641 1045 murum’:n

321 1086 362 1145 ‘it
384 1084 495 1146 elamor
521 1086 552 1145 iu
581 1083 723 1153 caolum',
753 1086 784 1144 iu
812 1085 992 1165 praepositio
1020 1091 1078 1153 est,
1103 1085 1218 1146 eaelum
1240 1088 1426 1148 accusativus
1448 1094 1509 1147 est:
1548 1084 1619 1146 tolle

321 1186 391 1248 inde
413 1189 677 1266 praepositionem,
701 1193 781 1246 nruta
804 1188 1000 1247 accusativum
1016 1205 1116 1247 casum
1139 1189 1170 1247 in
1193 1187 1336 1258 dativum,
1361 1196 1391 1248 et
1412 1189 1510 1250 iecisti
1535 1187 1618 1258 rllud,

323 1291 365 1350 ‘it
393 1287 504 1349 clamor
533 1286 642 1349 eaelo’.
689 1289 728 1348 ‘it
756 1287 805 1348 ille
838 1287 893 1348 sub
927 1293 1071 1363 murum’,
1106 1289 1161 1350 sub
1194 1293 1374 1370 praepositio
1410 1299 1468 1361 est,
1500 1309 1620 1352 murum

323 1392 506 1452 accusativus
534 1396 590 1450 est:
620 1389 689 1450 tolle
716 1390 786 1451 iude
812 1390 880 1461 sub,
910 1399 992 1453 muta
1019 1390 1102 1452 illum
1130 1409 1247 1463 casum,
1280 1393 1326 1453 lac
1348 1411 1450 1463 muro,
1475 1400 1506 1454 et
1528 1393 1620 1453 babes

324 1493 409 1563 illud,
440 1491 588 1553 ‘subeunt
616 1493 730 1554 muro'.
777 1500 805 1553 et
835 1492 905 1552 inde
933 1495 989 1555 ista
1011 1495 1108 1554 omnis
1131 1491 1260 1554 elocutio
1282 1495 1323 1555 iit.
1367 1494 1467 1556 tamen
1489 1495 1653 1574 legimusro

323 1595 501 1676 aliquotiens
524 1593 602 1672 quod
626 1594 752 1658 elocutio
775 1603 833 1664 est,
858 1594 1035 1676 aliquotiens
1057 1595 1136 1676 quod
1158 1603 1279 1657 octavus
1303 1615 1388 1658 casus
1410 1605 1463 1658 est

209 1710 315 1773 433,26
413 1696 497 1758 Scire
529 1695 672 1758 debemus
705 1697 782 1778 quod
817 1716 921 1758 omnes
953 1717 1038 1759 casus
1065 1699 1162 1758 varios
1188 1697 1301 1760 habent
1327 1701 1433 1760 exitus.
1478 1701 1544 1779 ipsa
1578 1709 1622 1760 est

326 1801 436 1881 optima
460 1797 634 1868 declinatio,
664 1818 739 1880 quae
768 1800 798 1860 in
822 1802 904 1862 omni
926 1783 994 1861 casu
1023 1801 1118 1862 exitus
1146 1801 1238 1861 variat
1262 1799 1346 1881 [puta
1368 1803 1571 1862 nominativus
1591 1803 1621 1861 iu
1714 1810 1715 1813 ’

325 1921 360 1963 us
389 1911 423 1962 ut
455 1909 553 1970 exeat,
581 1902 735 1978 genetivus
761 1903 792 1962 in
820 1905 846 1972 i,
876 1903 991 1964 dativus
1016 1905 1047 1964 in
1081 1899 1122 1984 ⁰l·
1167 1903 1433 1983 quotienscumque
1466 1911 1621 1965 mutantur

325 2023 429 2066 omnes
451 2021 544 2074 casus,
568 2011 638 2065 tunc
661 2005 770 2083 optimo
793 2011 838 2064 est
861 2003 1026 2075 declinatio,
1050 2012 1083 2064 ut
1105 2011 1150 2064 est
1171 2023 1264 2066 uuus:
1288 2024 1358 2066 ecce
1382 2023 1472 2075 uuus,
1496 2007 1655 2068 mutavitu

325 2109 429 2177 unius,
453 2107 574 2166 mutavit
595 2107 659 2176 uui,
683 2107 806 2167 mutavit
828 2125 930 2167 unum.
968 2114 1055 2168 erunt
1074 2108 1079 2188 Ι
1098 2106 1274 2168 inflexiones
1296 2109 1327 2168 in
1349 2106 1462 2168 ultimis
1484 2105 1621 2189 syllabis:

324 2207 390 2270 vide
419 2227 457 2268 ne
486 2207 657 2270 consideres
686 2211 803 2288 priores
830 2207 971 2290 syllabam
1000 2209 1069 2271 illae
1092 2211 1171 2269 euim
1195 2227 1255 2270 non
1277 2208 1485 2270 inflectuntur:
1516 2229 1623 2270 omnes

323 2311 499 2372 inllexiones
521 2312 552 2370 in
574 2307 686 2371 ultimis
708 2310 827 2391 syllabis
849 2312 933 2372 fiunt.
963 2312 1005 2373 ibi
1019 2310 1175 2372 considera
1191 2311 1287 2372 exitus
1311 2313 1415 2372 varios.
1446 2329 1519 2390 ergo
1534 2331 1622 2381 unus,

325 2415 448 2474 mutavit
477 2414 578 2481 unius,
608 2415 730 2474 mutavit
756 2415 823 2483 uni,
854 2415 977 2478 mutavit
1005 2432 1112 2474 uuum:
1141 2431 1246 2474 omnes
1274 2431 1359 2474 casus
1388 2415 1461 2475 varii
1482 2423 1569 2484 sunt,
1593 2421 1624 2474 et

325 2515 432 2576 dicitur
461 2517 514 2576 ista
542 2514 700 2576 declinatio
727 2517 902 2596 hexaptota,
931 2515 1010 2597 quod
1032 2533 1083 2575 sex
1106 2513 1196 2576 habet
1217 2533 1341 2576 casuum
1365 2516 1529 2576 varietates.
1576 2517 1657 2578 inu

325 2619 485 2680 veniuntur
507 2616 683 2697 aliquotiens
705 2625 888 2697 pentaptota.
932 2626 1104 2698 pentaptota
1131 2625 1215 2687 suut,
1239 2619 1377 2697 quotiens
1399 2619 1531 2698 quinque
1553 2626 1625 2678 snut

325 2721 483 2782 varietates
509 2727 539 2780 et
565 2737 616 2780 sex
644 2738 740 2780 casus.
787 2727 817 2780 et
845 2739 904 2801 quo
931 2718 1020 2781 modo
1048 2727 1145 2801 potest
1166 2721 1231 2780 lieri
1252 2727 1286 2780 ut
1307 2738 1360 2781 sex
1381 2738 1469 2781 casus
1490 2722 1625 2800 quinque

326 2822 456 2883 habeant
482 2822 657 2884 varietates?
693 2819 736 2903 [et
764 2823 914 2904 quomodo
941 2830 1039 2904 potest
1065 2825 1130 2884 lueri
1163 2822 1253 2903 hoel]
1283 2823 1309 2883 si
1336 2824 1396 2883 sint
1423 2822 1482 2883 duo
1509 2822 1625 2885 similes

328 2943 424 2986 casus.
468 2933 536 3005 puta
559 2926 584 2985 si
607 2928 805 2987 nominativus
827 2934 855 2986 et
878 2928 1027 2987 vocativus
1050 2943 1069 2979 s
1106 2928 1137 2987 in
1160 2944 1195 2987 us
1217 2932 1334 2986 exeunt.
1379 2944 1450 2986 ecee
1473 2944 1564 3005 quem
1587 2924 1624 2985 ad

328 3026 448 3089 modum
471 3027 503 3087 m
524 3033 743 3107 pentaptotum,
767 3037 801 3089 ut
822 3028 892 3089 huic
915 3028 1001 3089 docto
1024 3036 1054 3088 et
1075 3027 1112 3089 ab
1133 3029 1190 3088 hoc
1214 3026 1311 3087 docto.
1347 3028 1406 3087 iam
1428 3026 1520 3089 habet
1540 3028 1659 3090 simias
1714 3107 1715 3112 η

327 3128 385 3189 lem
414 3128 543 3189 dativum
573 3135 602 3189 et
629 3127 803 3201 ablativum,
832 3129 901 3191 lruio
929 3130 1017 3190 docto
1045 3136 1076 3190 et
1103 3129 1140 3189 ab
1168 3128 1226 3189 lvoc
1254 3126 1355 3189 docto:
1386 3147 1454 3189 nam
1483 3137 1513 3189 et
1533 3128 1624 3190 docto

303 3231 455 3292 -dieimus
483 3230 579 3291 dativo
608 3238 636 3291 et
663 3230 750 3292 docto
780 3230 905 3293 dicimus
932 3230 1068 3293 ablativo.
1114 3231 1163 3291 uic
1191 3230 1295 3292 doctus
1322 3229 1412 3291 buius
1447 3229 1527 3290 docti
1553 3230 1624 3292 truie

328 3334 416 3395 docio
437 3333 517 3394 bunc
540 3333 659 3394 doctum
684 3342 713 3394 et
735 3353 752 3393 o
775 3332 875 3403 docte;
900 3351 969 3395 ecce
992 3331 1083 3393 habes
1105 3339 1319 3413 pentaptotum.
1350 3338 1543 3412 tetraptotum
1567 3342 1622 3401 est,

328 3438 467 3517 quotierm
489 3442 629 3515 quattuor
651 3445 721 3496 sunt
742 3436 912 3506 varietates,
937 3454 987 3496 sex
1010 3442 1109 3495 tamen
1132 3452 1225 3496 casus.
1256 3453 1344 3515 quem
1368 3434 1404 3495 ad
1427 3434 1549 3495 modum
1571 3454 1625 3496 au-

329 3546 387 3599 tem
416 3538 465 3598 liti
502 3540 638 3617 quotiens
666 3540 862 3599 nominativus
891 3546 920 3599 et
948 3538 1110 3611 vocativus,
1141 3537 1254 3598 dativus
1282 3548 1313 3598 et
1333 3538 1489 3615 genetivus
1510 3537 1659 3599 similesso

329 3648 410 3701 sunt:
440 3646 509 3719 puta
538 3639 586 3699 hic
614 3639 678 3699 dies
706 3647 735 3699 et
764 3660 781 3699 o
808 3641 886 3709 dies;
916 3640 945 3699 in
970 3658 1002 3700 es
1025 3641 1084 3701 exit
1107 3648 1281 3719 utrumque;
1310 3637 1398 3699 buius
1420 3638 1480 3699 diei
1502 3647 1533 3699 et
1553 3639 1624 3700 huie

328 3742 403 3811 diei;
429 3759 498 3802 ecce
521 3741 593 3801 duas
616 3742 784 3811 varietatem
807 3742 887 3803 hunc
910 3741 988 3801 diem
1010 3749 1040 3802 et
1061 3741 1099 3801 ab
1114 3742 1172 3802 boo
1187 3740 1249 3812 die,
1274 3760 1344 3801 ecce
1367 3748 1506 3818 quattuor
1528 3742 1623 3801 varie-

329 3851 413 3905 tates.
459 3845 611 3923 triptotum
640 3850 698 3912 est,
728 3846 864 3921 quotiens
893 3852 955 3905 tres
982 3851 1051 3905 suut
1078 3840 1244 3927 varietaltes
1271 3852 1301 3904 et
1323 3861 1375 3905 sex
1397 3862 1501 3913 casus,
1525 3851 1558 3904 ut
1578 3852 1625 3904 est

328 3945 486 4026 templum:
522 3946 579 4006 hoc
607 3945 764 4026 templum,
792 3947 850 4006 hoo
877 3944 1038 4027 templum,
1068 3965 1085 4006 o
1112 3944 1272 4025 templum,
1300 3946 1331 4005 id
1359 3953 1404 4006 est
1424 3947 1624 4007 nominativus

329 4050 510 4110 accusativus
538 4055 568 4109 et
593 4050 742 4110 vocativus
768 4066 861 4109 uuum
890 4051 1001 4109 exitum
1028 4048 1152 4116 bobent;
1180 4050 1252 4109 item
1281 4048 1395 4110 dativus
1417 4054 1449 4107 et
1469 4046 1659 4116 ablativussa

329 4151 398 4211 huic
430 4148 542 4230 templo
577 4158 606 4211 et
638 4150 675 4210 ab
707 4150 764 4211 hoc
800 4150 923 4229 templo;
957 4158 987 4211 et
1014 4143 1167 4228 genetivus
1196 4149 1360 4221 dissimilis,
1395 4150 1485 4210 buius
1510 4149 1623 4229 templi

329 4254 476 4333 diptotum
504 4260 562 4322 est,
592 4254 730 4330 quotiens
756 4260 818 4313 tres
847 4253 958 4315 similes
986 4261 1056 4315 suut
1083 4272 1169 4313 casus
1197 4260 1227 4314 et
1260 4260 1321 4313 tres
1354 4250 1520 4314 dissimiles.
1564 4252 1622 4312 boc

399 4474 451 4525 iisi
467 4476 605 4542 iungamus
619 4474 696 4525 Bou
715 4476 735 4524 si
754 4477 845 4542 iungas
862 4476 886 4525 Α
939 4474 1003 4526 haee
1019 4476 1090 4527 Ace
1106 4475 1154 4525 boc
1171 4475 1219 4526 Be
1268 4474 1285 4525 6
1304 4474 1365 4525 ῑοΙΙε
1381 4474 1441 4525 inde
1460 4504 1494 4514 —
1511 4474 1529 4525 u
1547 4490 1621 4523 aecu-

330 4549 427 4599 satiuus
444 4554 483 4597 est
495 4562 541 4596 om.
556 4546 589 4607 Α,
606 4546 666 4595 add.
678 4562 695 4595 o
750 4548 765 4597 7
784 4548 808 4595 in
823 4547 909 4597 datiuo
922 4548 947 4598 B
952 4548 973 4597 G
1026 4547 1058 4597 12
1070 4546 1165 4596 hubent
1177 4546 1271 4595 habere
1284 4546 1368 4597 ABG
1379 4545 1473 4595 debent
1486 4544 1577 4595 bebere
1588 4544 1620 4593 n*

399 4618 432 4667 24
451 4618 478 4666 in
497 4632 527 4667 ns
547 4623 641 4665 exeunt
658 4616 683 4665 Α
699 4618 724 4665 in
740 4632 771 4667 us
791 4624 881 4666 exeunt
897 4617 986 4667 Boas
1000 4624 1202 4680 pentaptctorum
1218 4616 1267 4667 duo
1279 4631 1378 4681 pervere
1394 4619 1510 4681 posuisse
1523 4615 1622 4665 uidetur

330 4690 513 4752 pneumaticus,
531 4688 636 4737 altervun
650 4702 733 4739 eorum
752 4702 854 4753 quomam
867 4689 1028 4737 nominativus
1042 4696 1067 4739 et
1077 4689 1204 4739 vocativus
1219 4687 1312 4737 sisuiles
1330 4695 1398 4747 suar,
1417 4687 1521 4737 elterwvr
1539 4699 1621 4735 eorwu

330 4772 432 4823 quorum
444 4758 545 4808 dutinus
557 4765 584 4807 et
597 4757 727 4819 ablaticus,
744 4759 811 4821 estod
822 4757 913 4807 occidit
924 4757 1061 4810 nominibus
1077 4760 1226 4810 commotivo
1237 4758 1362 4820 sinmdass'
1376 4759 1403 4806 iu
1416 4772 1448 4806 uo
1464 4755 1621 4808 aemulus.

329 4830 414 4891 itaque
432 4829 545 4895 laeuoquv
563 4828 672 4878 indicaui
738 4828 773 4879 32
790 4829 821 4877 ab
835 4828 883 4877 buc
902 4828 945 4877 die
958 4828 1040 4879 ABG
1103 4829 1137 4880 37
1159 4838 1183 4879 et
1197 4837 1250 4877 tres
1267 4827 1407 4878 dissimiles
1425 4825 1498 4878 Boe
1521 4836 1545 4875 et
1566 4834 1620 4876 tres

331 4896 469 4949 similesA
