3525 5600
580 403 629 466 DE
652 404 775 466 DVBllS
798 404 1005 465 uouttttttvs
1377 400 1440 465 593

1255 525 1275 563 p.
1292 512 1414 554 roaotu.

233 594 341 654 Vertcx
363 594 482 670 generis
505 593 660 653 masculini
696 615 715 650 n
737 600 769 652 ιιι
792 591 862 652 illu'd
886 591 1028 653 ‘llorihus
1051 612 1104 653 rer
1126 612 1218 652 novus
1241 594 1392 653 ornatur'.

235 698 320 756 Vtres
342 697 462 774 generis
484 694 655 764 masculini,
680 703 712 756 ut
734 693 876 772 Virgilius
908 692 947 772 (p.
972 695 996 755 ll
1019 693 1090 775 384)
1116 697 1236 755 ‘unetos
1259 696 1365 755 saliere
1388 714 1442 774 per

149 801 264 859 utres’.

234 903 339 962 Viscus
361 900 397 959 de
421 902 533 960 viscere
556 904 676 977 generis
699 903 812 968 neutri,
843 905 912 980 quia
935 904 1049 961 viscera
1073 902 1228 968 dicuntur,
1252 906 1286 958 ut
1309 900 1441 959 Pruden-

122 1007 210 1064 otius
235 999 343 1080 (steph.
368 999 403 1070 9,
425 999 481 1082 56)
506 1003 592 1082 ‘pars
616 1005 712 1063 viscus
734 1004 844 1080 intrat'
873 1010 904 1062 et
929 1003 1110 1063 Fortunatus
1140 1001 1193 1079 (de
1215 1007 1265 1063 ott.
1289 1002 1321 1061 S.
1346 1004 1440 1062 Mart.

150 1107 159 1165 l
184 1102 257 1186 399)
281 1106 380 1165 ‘vehit
401 1125 454 1166 sua
477 1107 591 1165 viscera
613 1107 741 1166 secum'.

235 1226 338 1286 Viscus
366 1223 401 1285 ad
430 1224 606 1303 capiendum
636 1227 755 1302 generis
783 1225 955 1293 masculini,
984 1232 1016 1285 ιιι
1039 1224 1111 1285 illud
1135 1227 1183 1284 ‘in
1206 1243 1320 1305 quercu
1344 1227 1442 1285 riscus

150 1329 260 1388 extat'.
304 1326 355 1386 sed
379 1327 562 1386 cousuetudo
585 1330 698 1387 viseum
720 1329 805 1406 quasi
829 1330 928 1387 neutri
952 1328 1032 1388 dicit.

237 1445 341 1506 Vomer
374 1449 495 1524 generis
528 1445 699 1515 masculini,
735 1452 766 1506 ut
799 1447 959 1507 Lucretius
982 1446 1009 1523 (l
1037 1444 1114 1525 314)
1150 1447 1315 1506 ‘decrescit
1344 1465 1443 1506 vomer

111 1567 134 1604 to
149 1551 181 1608 iu
205 1550 311 1609 arris'.

238 1653 347 1712 Vrceus
379 1653 498 1727 generis
536 1651 692 1712 masculini
731 1663 760 1710 et
793 1654 892 1719 urcei,
930 1671 988 1711 non
1024 1670 1121 1710 urceo.
1168 1671 1235 1711 uam
1264 1649 1268 1732 )
1299 1651 1444 1710 lurenous

151 1753 159 1829 1
165 1753 190 1812 11
213 1749 285 1830 262)
310 1753 386 1813 dixit
409 1754 534 1813 ‘urceus
557 1761 601 1813 est
624 1752 721 1813 nullus
745 1772 799 1812 nec
821 1758 892 1812 sunt
915 1752 969 1812 tibi
992 1753 1108 1813 vincula
1131 1755 1264 1813 lunum'.
1290 1777 1297 1791 ·

236 1871 345 1950 Vulgus
368 1875 488 1949 generis
511 1875 624 1940 neutri,
649 1880 681 1932 ut
697 1873 837 1949 Virgilius
862 1870 936 1949 (ΑΙ
961 1868 1030 1950 149)
1055 1871 1204 1949 ‘ignobile
1227 1872 1358 1950 vulgus'.
1388 1891 1444 1931 nec

150 1975 263 2034 dicitur
285 1973 449 2053 pluraliter.

114 2109 137 2148 ιι
239 2093 389 2153 Venenum
406 2095 525 2170 generis
541 2096 654 2161 neutri,
667 2102 700 2154 ut
717 2094 863 2154 Salustius
874 2092 1064 2172 ‘prohibebit
1079 2113 1186 2153 nocere
1203 2113 1348 2154 reuenum
1363 2094 1442 2172 quod

150 2195 208 2255 tibi
232 2196 349 2256 datur’.
395 2195 497 2255 etalii
521 2181 662 2256 dixerunt
684 2215 804 2272 venena.

238 2315 344 2374 Vrsum
374 2317 487 2393 antiqui
518 2333 576 2374 nou
605 2313 795 2374 declinabant
825 2318 855 2375 in
885 2314 1061 2381 masculino,
1092 2324 1123 2375 ut
1146 2314 1287 2392 Virgilius
1311 2314 1395 2393 (Aen.
1421 2317 1443 2373 V

149 2414 203 2476 37.
233 2416 295 2477 Vlll
318 2412 396 2491 368)
421 2415 515 2494 ‘pelle
539 2416 702 2495 Libystidis
725 2418 840 2477 ursae’.
885 2417 935 2475 sed
967 2417 1059 2475 Varro
1086 2417 1162 2476 dixit
1190 2417 1442 2496 ‘conspectusque

151 2521 182 2598 in
209 2525 323 2579 montes
347 2519 463 2578 horruit
485 2519 600 2578 ursus'.

56 2661 58 2666 ·
109 2653 136 2689 ιο
238 2638 344 2697 Vectes
372 2639 492 2714 generis
515 2636 685 2706 masculini,
715 2643 748 2697 ut
771 2641 801 2697 in
825 2638 947 2716 psalmis
971 2633 1058 2714 1106,
1084 2634 1133 2716 16)
1162 2638 1278 2696 ‘vectes
1300 2639 1442 2697 lerreos’.

150 2739 203 2798 sed
229 2738 345 2816 Trogus
367 2757 477 2815 genere
502 2741 646 2801 leminiuo
668 2735 757 2800 dirtit.¹

240 2858 347 2937 Vulpes
369 2861 489 2935 generis
511 2860 663 2927 leminini,
689 2867 720 2919 ut
744 2857 922 2918 Prudentius
946 2857 1069 2937 (enchir.
1094 2855 1143 2937 11)
1169 2857 1290 2918 ‘callida
1314 2859 1441 2937 vulpes’.

241 2960 367 3019 Vmerus
388 2962 508 3036 generis
532 2961 703 3028 masculini,
727 2960 852 3020 utillud
877 2960 1051 3039 ‘subposuit
1073 2962 1218 3019 umeros'.

242 3062 330 3137 Vigor
372 3063 490 3139 generis
532 3060 703 3131 masculini,
747 3070 780 3122 ut
817 3062 997 3123 Prudentius
1035 3041 1137 3136 (ctttb.⁴
1161 3060 1196 3130 3,
1231 3058 1312 3141 186)
1344 3063 1445 3139 ‘rigor

109 3164 316 3239 nfflmm.

241 3281 339 3342 Velius
361 3286 481 3360 generis
500 3286 613 3351 neutri,
638 3292 670 3342 ut
686 3282 857 3343 Lactantius
882 3281 1003 3360 (phoen.
1020 3280 1071 3362 23)
1096 3282 1193 3343 ‘nulla
1215 3293 1305 3362 super
1327 3302 1445 3361 campos

153 3384 259 3443 tendet
281 3403 333 3444 sua
356 3384 465 3444 vellera
487 3384 608 3444 nubes'.

240 3502 353 3562 Vulnus
375 3504 494 3580 generis
516 3506 630 3572 neutri,
653 3510 686 3563 ut
701 3502 841 3581 Virgilius
865 3502 910 3581 (Α.
935 3502 1039 3584 11112)
1063 3503 1186 3564 ‘vulnus
1209 3503 1261 3564 alit
1282 3505 1393 3573 venis’,
1416 3511 1446 3564 et

152 3603 228 3663 alibi
252 3603 392 3664 ‘vulnera
414 3604 527 3665 mille'.

110 3744 139 3781 ao
243 3721 377 3783 Vlulatns
398 3726 518 3801 generis
541 3724 712 3792 masculini,
736 3725 766 3784 hi
790 3724 928 3785 ululatus.
953 3723 956 3802 )

242 3930 257 3975 2
278 3934 345 3975 utres
359 3928 425 3979 Noa.
440 3926 489 3978 231
577 3928 697 3979 lviscus
721 3928 797 3980 Char.
818 3928 864 3985 32,
888 3929 918 3977 14
936 3930 1011 3980 Sero.
1031 3933 1055 3977 in
1079 3931 1156 3993 Verp.
1174 3930 1289 3992 georgi
1311 3928 1361 3979 139
1430 3929 1447 3977 9

154 4010 244 4043 vomer
262 3996 346 4047 Prisc.
366 3998 432 4058 249,
452 3998 484 4048 18
507 3997 583 4051 Prot.
607 4000 651 4053 15.
674 3999 704 4048 16
724 4001 794 4050 Seru.
818 4002 842 4047 in
868 4000 946 4061 Vena.
963 4014 1051 4063 9eorp.
1071 4000 1080 4047 l
1103 4000 1145 4048 46.
1169 4000 1217 4049 162
1306 3999 1335 4048 ll
1357 4014 1447 4047 urceus

159 4064 237 4114 Proh.
258 4066 318 4117 211,
340 4066 371 4113 15
442 4066 474 4117 13
495 4066 587 4132 vulgus
608 4068 684 4121 Char.
705 4072 746 4119 74,
767 4070 800 4117 20
819 4068 883 4119 b'on.
901 4069 953 4118 230
971 4068 1050 4121 Prob.
1070 4070 1111 4129 21,
1131 4070 1156 4121 7.
1176 4067 1269 4126 208,ss
1322 4069 1356 4117 20
1376 4077 1446 4116 verte

155 4134 222 4183 lVon.
241 4134 291 4185 231
312 4136 374 4196 Cap.
394 4136 463 4185 2250
535 4138 567 4185 22
587 4138 675 4203 vulpes
694 4140 754 4200 Cap.
773 4138 842 4187 2250

167 4259 175 4263 .
189 4258 459 4265 -...-—.·.....-....-....

248 4324 260 4373 1
282 4325 365 4372 uertix
384 4322 430 4373 M:
456 4334 542 4374 vertex
562 4352 594 4359 -
615 4334 717 4376 ornatur
739 4342 784 4378 orn.
811 4328 843 4378 V.
864 4325 954 4374 demde
971 4325 1111 4375 observatio
1134 4326 1165 4374 tle
1182 4344 1205 4373 o.
1227 4340 1269 4373 rer
1287 4328 1382 4375 excidit

229 4392 411 4442 blurtunatus
431 4394 462 4442 M
533 4398 548 4444 7
568 4410 660 4457 querco
682 4394 747 4443 MV
814 4396 964 4445 lllueritins
983 4396 1051 4444 MV
1119 4397 1150 4445 12
1169 4396 1201 4444 ibi
1223 4396 1312 4443 horula
1332 4394 1399 4443 MV

159 4463 189 4514 13
211 4464 303 4528 vulgus
319 4490 351 4498 -
373 4461 504 4528 pluraliter
522 4480 567 4518 om.
590 4465 636 4513 M:
662 4465 745 4515 vultus
761 4470 848 4527 priore
868 4468 922 4513 loco
942 4467 974 4522 V,
990 4473 1023 4515 nt.
1034 4467 1160 4514 excidisse
1178 4466 1292 4515 videatur
1309 4466 1449 4514 observatio

154 4535 189 4583 de
207 4550 231 4585 o.
246 4534 347 4581 vultus:
365 4534 401 4595 cf.
421 4534 485 4582 Non.
503 4549 529 4594 p.
550 4534 601 4586 230
672 4537 704 4585 15
721 4536 835 4600 prohibet
858 4538 883 4583 V
955 4536 985 4585 16
1004 4536 1046 4582 olii
1061 4536 1119 4583 d'd’
1139 4536 1172 4584 M
1188 4535 1229 4583 alii
1250 4536 1335 4584 dicunt
1358 4536 1383 4580 V

159 4602 190 4653 16
214 4618 290 4651 ursus
314 4619 373 4667 geu.
399 4606 519 4654 mosch
608 4605 639 4655 18
664 4606 773 4671 pellibus
797 4607 855 4654 titiis
880 4605 948 4654 MV
1032 4602 1123 4670 Varro]
1151 4604 1221 4657 ovid,
1240 4614 1334 4656 metant.
1358 4606 1378 4652 ll
1398 4604 1449 4651 tut

156 4688 267 4736 ursaque
285 4680 434 4737 conspectos
454 4676 478 4721 in
499 4674 625 4725 montibus
644 4674 741 4725 horruit
760 4690 832 4724 ursos
922 4673 953 4724 19
971 4685 1118 4737 montesque
1138 4675 1171 4723 tt
1239 4676 1272 4723 20
1292 4682 1376 4722 vectes
1392 4681 1450 4732 post

157 4742 248 4807 vulpes
270 4742 345 4793 habet
361 4744 386 4793 L
458 4754 543 4793 nectos
568 4743 663 4794 terreos
681 4746 714 4793 M
781 4749 813 4795 22
834 4744 920 4810 uulpis
936 4746 1024 4806 priore
1041 4746 1095 4792 loco
1114 4745 1182 4792 MV
1188 4746 1209 4793 L
1284 4744 1318 4792 23
1338 4741 1448 4806 emenus]

155 4827 257 4863 omeros
278 4812 311 4861 M
326 4812 446 4875 humeros
469 4815 494 4861 V
579 4815 612 4865 26
631 4816 709 4863 vellus
726 4824 750 4865 et
768 4816 859 4864 vulnus
877 4832 923 4868 om.
940 4816 974 4877 L,
994 4816 1037 4879 qui
1056 4813 1123 4864 ulnis
1140 4814 1213 4863 babet
1234 4813 1346 4877 postris
1416 4815 1448 4862 27

156 4897 265 4933 suaont.
282 4882 316 4932 M
