3525 5600
348 383 411 449 546
818 383 1086 466 [nabitaturus]
1111 385 1182 446 tiis

375 506 396 546 p.
409 494 510 535 teat-se
524 492 546 534 1¹.

351 575 458 636 lecturi
486 575 555 638 huic
583 573 707 634 lecturo.
753 593 821 634 ecce
849 577 942 634 traxit
971 593 986 634 a
1015 576 1135 634 uondne
1163 573 1405 634 declinationem.
1448 593 1513 634 saue
1533 578 1612 638 onnia
1704 556 1705 609 l

350 663 508 741 participia
536 663 566 719 in
594 661 745 738 praesenti
774 668 908 738 tempore
939 665 990 721 aut
1016 662 1047 720 in
1077 678 1130 720 aus
1158 665 1269 720 exeunt
1295 668 1326 719 et
1352 659 1473 718 reoiuot
1498 679 1513 719 a
1537 663 1612 739 prim

350 748 573 824 coniugatione,
603 751 636 804 ut
663 763 763 804 amans
791 745 937 813 clamans,
966 747 1074 806 autin
1103 763 1157 806 ens
1186 753 1216 804 et
1243 747 1367 804 veniunt
1393 763 1409 804 a
1437 746 1613 807 secundaret

349 833 437 894 tertia
459 837 595 910 correpta
617 830 662 890 vel
685 829 845 909 producta,
873 840 908 890 ut
929 849 1054 891 mouens
1076 831 1179 908 legens
1200 831 1343 890 servieus.
1387 847 1456 890 nam
1477 849 1614 893 moueusa

349 916 479 978 secunda
501 917 709 994 coniugatione
732 922 792 986 cst,
816 914 920 992 legens
942 935 959 976 a
981 918 1069 976 tertia
1092 923 1244 994 correpta,
1268 917 1439 975 cervicosa
1461 918 1541 976 tertia
1560 930 1633 995 prot
1705 960 1706 967 ,

350 1003 448 1064 ducta.
493 1002 586 1061 luturi
609 1001 751 1080 temporis
774 1001 933 1080 participia
955 1019 1073 1078 semper
1095 1003 1126 1060 in
1148 1019 1201 1062 rus
1223 1009 1333 1060 exeunt
1354 999 1392 1061 ab
1414 1000 1544 1061 omnibus
1563 1021 1615 1061 rer·
1705 994 1706 1009 ¹

350 1087 411 1156 bis,
441 1088 499 1147 nisi
528 1105 544 1145 a
572 1088 706 1165 passivis.
751 1087 906 1166 praeteriti
933 1087 1076 1166 temporis
1102 1105 1221 1166 semper
1251 1094 1302 1145 aut
1329 1089 1361 1146 iu
1389 1093 1436 1146 tus
1465 1094 1513 1146 aut
1531 1089 1559 1146 io
1576 1107 1616 1147 sus
1705 1138 1706 1143 ,

349 1179 400 1232 aut
422 1173 452 1233 iu
475 1191 544 1232 xus:
567 1173 599 1231 in
620 1179 678 1240 tus,
702 1180 735 1232 ut
757 1171 852 1232 lectus
875 1173 1006 1251 scriptus
1028 1179 1153 1240 amatus,
1176 1175 1208 1232 io
1230 1189 1291 1240 sus,
1314 1179 1347 1232 ut
1368 1171 1460 1232 falsus
1480 1170 1577 1250 lapsus,
1591 1175 1616 1232 io
1705 1172 1706 1181 ’

350 1276 420 1328 xus,
443 1264 477 1317 ut
499 1275 602 1316 nexus
647 1263 744 1318 estet
766 1274 858 1316 unum
880 1259 912 1316 iu
935 1275 1000 1327 uus,
1023 1265 1056 1318 ut
1077 1263 1222 1318 mortuus.
1266 1257 1361 1318 luturi
1383 1258 1524 1336 temporis
1542 1260 1616 1336 parti·

351 1343 428 1421 cipia
451 1362 466 1404 a
490 1342 614 1420 passivis
637 1342 683 1402 vel
705 1341 913 1402 communibus
934 1361 1053 1421 semper
1075 1343 1107 1402 in
1129 1342 1194 1403 dus.
1225 1361 1293 1402 uam
1314 1342 1468 1421 deponens
1481 1361 1617 1421 numquam
1627 1357 1644 1392 tv

349 1427 440 1487 habet
462 1427 521 1487 duo
543 1427 658 1488 lutura:
688 1445 743 1486 uec
765 1427 851 1487 enim·
872 1427 1000 1488 dicimus
1028 1427 1204 1488 ‘luctandus
1224 1435 1271 1486 est
1292 1427 1361 1488 ille’
1389 1434 1441 1489 aut
1467 1428 1617 1494 nascendis,

351 1511 403 1572 sed
425 1511 515 1572 habet
544 1529 649 1582 unum,
678 1521 711 1574 ut
738 1512 906 1572 luctatvuus
933 1515 1101 1574 nasciturus
1123 1513 1292 1582 locuturus:
1320 1513 1392 1573 licet
1421 1513 1497 1590 apud
1523 1520 1618 1572 veteres

350 1597 421 1658 talia
449 1615 567 1676 quoque
595 1599 760 1658 communis
787 1599 908 1674 generis
936 1601 1136 1678 reperiantur.
1180 1616 1251 1658 sane
1274 1597 1376 1675 regula
1397 1603 1457 1666 est,
1485 1599 1619 1676 participia

351 1684 450 1743 omnia
472 1685 641 1760 praesentis
662 1679 815 1762 tem'poris
837 1686 958 1761 generis
980 1702 1046 1744 esse
1068 1685 1180 1752 omnis,
1204 1682 1235 1743 id
1258 1689 1304 1742 est
1325 1699 1460 1762 quaeque
1481 1690 1578 1740 exeunt
1596 1684 1619 1740 in

351 1785 404 1828 aus
427 1785 561 1848 quaeque
585 1769 616 1828 iu
640 1785 708 1838 ens,
732 1767 836 1828 utbic
858 1768 984 1828 ethaeo
1007 1775 1038 1828 et
1059 1769 1114 1829 hoc
1136 1787 1238 1829 amaus
1260 1767 1362 1844 legens
1384 1769 1528 1827 servieus·
1630 1779 1647 1816 1⁵
1706 1842 1707 1853 ἶ

870 1955 919 2016 DE
942 1954 1131 2016 ADVERBlO

437 2073 583 2135 tldverbia
605 2081 655 2136 aut
677 2073 714 2135 ab
737 2075 803 2136 aliis
831 2077 954 2135 veniunt
981 2083 1031 2136 aut
1058 2094 1095 2135 ex
1123 2093 1166 2134 se.
1210 2081 1280 2135 suut
1310 2073 1384 2142 loci,
1417 2074 1571 2151 temporis:
1597 2079 1623 2130 ut

351 2167 421 2238 puta
444 2158 518 2230 loci,
548 2159 597 2220 hio
627 2161 695 2220 istic
724 2160 786 2220 illic
815 2167 845 2219 et
877 2167 978 2220 cetera
999 2179 1075 2240 quae
1098 2159 1197 2220 locum
1218 2161 1402 2237 siguificaut;
1431 2159 1580 2236 temporis,
1598 2163 1624 2214 ut
1707 2192 1708 2197 κ

351 2245 439 2305 bodie
462 2261 530 2304 cras
552 2244 618 2305 heri
641 2253 670 2304 et
692 2253 792 2306 cetera
821 2263 896 2323 quae
919 2252 1036 2324 tempus
1063 2246 1241 2322 significant.
1285 2243 1322 2304 ab
1345 2243 1412 2303 aliis
1433 2241 1567 2302 adverbia
1585 2260 1623 2300 re·
1707 2290 1708 2305 ,

351 2331 452 2400 uiuut,
482 2337 533 2390 aut
560 2349 576 2390 a
605 2332 725 2390 nomine
753 2337 804 2390 aut
831 2349 847 2390 a
876 2331 1049 2409 participio,
1078 2337 1111 2390 ut
1138 2349 1155 2388 a
1184 2329 1270 2390 docto
1292 2328 1392 2396 docte,
1416 2346 1433 2388 a
1456 2329 1532 2387 iusto
1552 2329 1650 2385 instes
1707 2330 1708 2409 l

352 2433 422 2475 sanc
446 2413 655 2476 adverbiorum
678 2414 815 2476 biformis
837 2415 940 2492 regula
963 2421 1023 2476 est:
1047 2414 1174 2476 ablativo
1195 2415 1276 2474 euim
1297 2413 1470 2490 diriguntur
1492 2409 1624 2472 adverbia.
1707 2440 1708 2499 3

351 2499 429 2560 unde
458 2501 484 2560 si
512 2498 653 2561 habuerit
679 2499 826 2561 ablativus
854 2519 887 2568 o,
916 2499 1090 2560 adverbium
1117 2502 1150 2560 iu
1177 2519 1193 2557 e
1222 2499 1327 2567 mittit,
1358 2508 1391 2558 ut
1418 2516 1509 2576 supra
1529 2495 1624 2557 dictum
1707 2502 1708 2563 ἶ

352 2591 412 2652 est,
436 2603 451 2644 a
475 2583 561 2645 docto
584 2585 685 2656 docte,
709 2605 724 2646 a
747 2587 824 2646 iusto
847 2587 940 2652 iuste,
969 2584 1007 2646 ab
1035 2586 1127 2664 impio
1158 2586 1266 2664 impie,
1290 2603 1306 2644 a
1329 2584 1471 2661 religioso
1492 2581 1623 2658 religiose.
1627 2633 1641 2662 Ι

352 2671 377 2730 si
401 2687 471 2728 vero
494 2669 640 2731 ablativus
662 2671 693 2730 in
716 2671 725 2730 i
749 2671 873 2740 exierit,
897 2669 1071 2731 adverbium
1093 2671 1125 2730 iu
1149 2676 1195 2729 ter
1218 2669 1325 2739 mittit,
1355 2676 1388 2728 ut
1410 2688 1427 2729 a
1449 2667 1538 2728 simili
1558 2666 1625 2724 sini·

351 2754 439 2825 liter,
463 2753 499 2815 ab
522 2755 593 2832 agili
616 2755 747 2833 agiliter,
772 2775 787 2817 a
811 2755 906 2817 veloci
929 2753 1087 2825 velociter,
1111 2775 1128 2817 a
1149 2756 1221 2817 lorti
1245 2755 1380 2825 sortiter,
1401 2751 1652 2832 agrandigrau·2⁵
1708 2794 1710 2852 p

352 2840 430 2902 diter
453 2846 483 2901 ct
504 2847 603 2901 cetera
626 2840 705 2903 talia.
1708 2865 1710 2886 i

1708 3007 1709 3038 l

812 3011 861 3073 DE
883 3010 1185 3073 Puturostrtonn

436 3130 677 3209 Praepositiones
705 3138 790 3192 uotae
818 3140 887 3192 sunt
909 3134 1095 3193 accusativae
1118 3139 1149 3190 et
1171 3130 1331 3193 ablativae:
1355 3138 1387 3189 ut
1406 3138 1480 3208 puta
1500 3128 1535 3187 ad
1556 3144 1625 3206 prae·
1708 3141 1709 3176 t

352 3216 463 3295 positio
485 3219 515 3275 in
538 3216 725 3283 masculinis,
751 3224 783 3275 ut
805 3216 840 3277 ad
864 3216 948 3277 illum
971 3216 1059 3285 vado,
1083 3219 1114 3276 in
1137 3218 1305 3283 femininis,
1329 3216 1365 3275 ad
1388 3210 1480 3296 illlam
1502 3213 1583 3278 rado,
1602 3213 1626 3268 in

353 3302 483 3371 neutris,
508 3300 543 3361 ad
566 3300 639 3361 illud
662 3300 736 3361 vado
757 3302 902 3381 templum
923 3300 969 3361 vel
992 3302 1157 3372 theatrum;
1180 3310 1210 3362 et
1232 3300 1386 3381 pluraliter
1408 3301 1440 3359 in
1462 3295 1625 3361 masculinis,
1635 3300 1654 3337 ἃ·

353 3384 389 3445 ad
413 3385 493 3453 illos,
518 3386 549 3445 in
571 3387 742 3457 femininis,
767 3386 803 3447 ad
826 3385 902 3457 illas,
925 3390 957 3448 iu
979 3388 1111 3455 neutris,
1136 3387 1171 3447 ad
1195 3386 1244 3446 illa
1268 3384 1376 3463 templa
1398 3384 1484 3443 vado.
1507 3400 1572 3442 sane
1592 3382 1626 3439 sir

352 3469 409 3530 tibi
432 3488 486 3549 per
508 3469 564 3529 boc
586 3488 694 3531 nomen
718 3472 913 3549 interrogatio
936 3474 977 3541 to,
1000 3479 1034 3532 ut
1055 3480 1126 3551 puta
1148 3472 1173 3531 si
1196 3470 1263 3530 dico
1284 3468 1337 3530 ‘ad
1352 3488 1441 3549 quem
1458 3468 1571 3529 vadis?’
1589 3463 1627 3522 vd

353 3554 389 3615 ad
412 3556 520 3635 quami
542 3556 587 3615 vel
611 3555 645 3617 ad
670 3556 766 3634 quod?
789 3560 820 3617 iu
843 3557 951 3636 plurali
966 3575 1037 3617 vero
1059 3556 1124 3616 vide
1147 3574 1185 3616 nc
1207 3554 1290 3615 dicas
1310 3555 1367 3615 ‘ad
1388 3553 1499 3633 templa
1512 3550 1626 3615 vadist'.

353 3639 405 3699 scd
429 3638 481 3699 ‘ad
504 3658 579 3719 quae
604 3640 760 3720 templal’.
789 3644 832 3702 sic
855 3642 910 3703 ‘ad
933 3660 1008 3721 quae
1030 3642 1094 3703 lora
1116 3640 1254 3719 pergisi’
1277 3642 1321 3699 sic
1342 3639 1396 3700 ‘ad
1418 3658 1496 3718 quae
1516 3636 1627 3717 palatia?

353 3724 389 3784 ad
412 3738 487 3804 quae
510 3726 640 3804 spatial’
662 3734 693 3785 et
714 3726 771 3787 alia
794 3726 916 3789 similia.
946 3730 977 3787 in
993 3726 1132 3787 ablativis
1146 3735 1245 3786 autem
1269 3725 1396 3785 dicimus
1418 3728 1454 3785 ‘a
1477 3732 1505 3783 tc
1526 3720 1655 3782 venio'2l'2

353 3810 396 3869 sic
419 3808 455 3869 ab
478 3808 543 3879 illo,
574 3810 743 3880 athcatro,
773 3810 809 3873 ab
832 3811 897 3881 illa,
928 3811 1068 3881 anobis,
1092 3810 1129 3870 ab
1152 3810 1290 3878 aedibus,
1314 3808 1435 3871 abillis
1457 3810 1548 3869 venio.
1589 3822 1626 3863 rr·

352 3902 474 3955 manent
494 3896 731 3974 praepositiones
754 3899 926 3975 utriusque,
955 3916 1030 3975 quac
1054 3896 1265 3957 discernuntur
1288 3896 1324 3956 de
1348 3902 1431 3955 motu
1453 3902 1484 3954 et
1505 3896 1573 3953 sitm
1597 3888 1626 3947 dr

353 3986 449 4048 motu,
473 3986 506 4039 ut
527 3988 596 4059 puta
620 3982 694 4059 ‘quo
718 3982 781 4040 isl’
805 3980 887 4041 vides
910 3982 978 4060 quia
1007 3998 1117 4041 moves.
1161 3981 1213 4041 sed
1236 3980 1308 4060 quid
1330 3976 1574 4058 respondebitur?
1598 3972 1627 4033 ad

353 4066 552 4125 accusativum
574 4083 690 4134 casum,
714 4073 747 4126 ut
769 4065 850 4127 dicas
873 4068 903 4126 in
926 4068 1038 4136 iorum,
1062 4068 1093 4127 in
1116 4064 1275 4145 templum,
1299 4067 1331 4125 iu
1353 4063 1505 4125 balneum.
1534 4062 1628 4122 sivero

352 4150 429 4209 situs
451 4158 510 4218 est,
534 4157 564 4210 et
586 4150 734 4227 significas
757 4158 785 4211 te
808 4152 902 4211 luisse
927 4151 1046 4219 alicubi,
1069 4150 1197 4213 ablativo
1219 4148 1431 4229 respondebis,
1455 4156 1489 4211 ut
1510 4148 1584 4209 dicas
1602 4146 1656 4202 io⁴⁰

353 4234 418 4295 loro
441 4234 512 4303 lui’;
536 4236 579 4295 sic
602 4236 645 4296 ‘in
660 4236 786 4297 thermis
801 4237 868 4297 iui’.
896 4254 968 4314 ergo
983 4244 1016 4297 tu
1031 4238 1075 4297 sic
1090 4235 1221 4305 attende,
1238 4243 1280 4303 ut,
1296 4237 1322 4295 si
1338 4235 1435 4295 tueris
1450 4236 1511 4295 iam
1525 4228 1627 4293 alicubi,

510 4392 656 4400 ——-——

423 4456 485 4505 ‘lut
503 4450 620 4521 monens]
644 4464 669 4503 nt
688 4464 803 4507 metuens
824 4458 913 4511 Vsut
931 4470 1048 4507 moerens
1066 4457 1200 4507 Medius
1251 4468 1309 4503 nem
1328 4467 1482 4509 moereres
1544 4444 1626 4513 burs]

354 4538 420 4574 unus
443 4525 471 4573 V
538 4524 571 4575 10
590 4526 616 4573 in
635 4526 683 4577 dus
701 4538 784 4581 oms
854 4526 885 4578 11
903 4525 1025 4575 iuturain
1042 4530 1133 4577 lamna
1150 4542 1196 4576 om.
1215 4526 1240 4574 V
1311 4524 1550 4574 12habeturunom
1567 4521 1593 4570 V

354 4594 388 4645 14
408 4592 434 4641 id
452 4602 491 4645 est
509 4608 710 4660 quaecunques
782 4594 814 4647 18
833 4594 965 4662 temporis]
986 4605 1086 4661 tempus
1109 4598 1136 4646 V
1185 4596 1219 4645 2²
1238 4590 1315 4661 uode]
1338 4606 1434 4649 uam5
1502 4584 1625 4651 dimittit]

353 4664 477 4720 exierit3
563 4664 597 4715 28
617 4666 773 4731 praepositio
790 4666 940 4716 masculinis
964 4667 1011 4719 Vs
1097 4666 1132 4718 30
1151 4667 1176 4715 iu
1194 4664 1333 4713 masculino
1352 4664 1385 4713 ad
1404 4663 1463 4712 illoc
1480 4664 1504 4711 io
1522 4660 1628 4711 feminino

357 4736 384 4783 V
388 4746 405 4788 ς
474 4734 506 4785 31
526 4748 587 4783 sane
605 4736 625 4785 si
645 4734 689 4783 tibi
710 4736 735 4785 V
740 4748 756 4791 ς
808 4734 841 4786 32
859 4737 926 4785 utsi
945 4736 1003 4784 diro
1021 4737 1130 4801 putaad
1153 4737 1180 4785 V
1229 4733 1263 4785 ³7
1281 4734 1464 4786 discernunt&
1531 4728 1628 4790 diioui·

353 4812 471 4859 mouets
520 4804 566 4855 sed
586 4804 648 4868 quid
667 4820 729 4871 ergo
753 4806 948 4869 respondebitur
970 4806 998 4854 V
1051 4805 1228 4873 lllsigoiflcat
1244 4820 1273 4853 ae
1294 4804 1339 4861 Vs
1390 4804 1423 4855 41
1443 4798 1627 4852 siciotlrermis

354 4872 390 4921 lui
409 4888 454 4921 om.
477 4884 494 4927 ς
565 4874 640 4924 luerit
655 4883 706 4927 tani
722 4875 811 4924 alicubi
836 4876 863 4927 V
879 4876 957 4925 luerit
975 4874 1068 4925 alicubi
1088 4888 1106 4931 ς
