3525 5600
326 370 390 433 424
897 373 1045 435 PHDCAE

359 493 373 521 ι.
388 481 470 521 sasso
485 478 506 520 ι.
1437 479 1580 520 moseo.

327 493 470 629 ultionis,
495 567 527 619 ut
547 558 643 619 Pallas
665 559 808 628 Palladis,
832 559 931 638 Thyas
952 559 1096 639 Thyadis,
1120 560 1225 620 orcbas
1245 559 1394 620 orchadis.
1422 491 1470 620 pin
1492 578 1524 618 es
1543 579 1599 639 pro

318 664 393 741 ⁴pria
423 661 594 721 mascrdini.
608 663 728 738 generis
761 661 911 721 desinunt.
956 679 1082 740 quorum
1115 663 1140 721 si
1169 662 1275 722 Graeci
1305 663 1469 738 genitivum
1494 662 1526 720 in
1551 681 1601 734 ους

327 763 471 832 ellernnt,
501 763 595 823 simili
618 763 705 823 modo
727 763 826 824 Latini
850 765 933 822 tertii
955 763 1071 823 ordinis
1098 764 1233 843 exemplo
1255 763 1421 831 declinant,
1445 769 1477 822 ut
1497 764 1599 842 Δημο-

326 861 450 944 σθένης
464 860 708 944 Δημοσθένους
723 863 938 924 Demosthenes
959 864 1177 934 Demosthenis,
1194 865 1350 943 Polynices
1364 864 1520 943 Polynicis
1540 863 1599 923 Dio

323 985 416 1044 genes
431 967 578 1044 Diogenis.
608 955 683 1046 quae
699 967 890 1027 circumllexo
905 975 1029 1027 accentu
1050 967 1295 1047 pronuntiantur,
1319 968 1350 1026 iu
1367 985 1422 1027 suo
1442 973 1518 1026 statu
1537 965 1619 1025 haece
1724 967 1725 998 ³

326 1076 482 1130 cantanent
499 1077 529 1129 et
544 1086 680 1146 graecam
697 1069 923 1130 declinationem
938 1076 1094 1138 secuntur,
1117 1077 1150 1128 ut
1168 1069 1217 1128 hic
1236 1068 1385 1130 Eumenes
1405 1068 1492 1128 buius
1505 1068 1598 1130 Eume·

325 1190 397 1240 nus,
420 1171 468 1230 hic
484 1171 638 1250 Euprepcs
653 1171 741 1231 huius
757 1143 1129 1258 Euprepns;squamquanr
1165 1171 1265 1230 uidam
1280 1172 1322 1230 sic
1339 1170 1482 1232 declinari
1501 1169 1597 1230 malue-

318 1281 405 1343 runt,
421 1273 570 1334 Eumenes
585 1271 768 1341 Eumenetis
785 1271 940 1351 Euprepes
954 1191 1312 1352 Euprepetisssssumenes
1326 1273 1483 1340 Eumenis,
1500 1271 1597 1350 Eupre·
1706 1288 1711 1335 :

326 1395 379 1455 pes
394 1372 567 1455 Euprepls].
584 1394 659 1454 quae
675 1377 706 1434 in
721 1393 757 1446 ος
772 1375 936 1451 genitivum
950 1375 1079 1444 mittunt,
1095 1374 1231 1434 similiter
1246 1374 1461 1455 declillnantur,
1475 1381 1508 1434 ut
1519 1372 1598 1434 Dares

318 1477 458 1546 Daretis,
475 1476 617 1538 Chremes
633 1476 813 1537 Chremetis:
837 1476 963 1536 dicimus
978 1485 1077 1536 autern
1093 1483 1122 1536 et
1136 1476 1286 1537 Chremis:
1308 1475 1415 1536 Diores
1430 1475 1534 1543 Dioris,
1548 1475 1628 1536 1ιι-ιι
1706 1497 1725 1519 ι]

326 1588 407 1640 tores
423 1579 551 1640 dutoris.
579 1579 609 1637 in
624 1580 649 1636 is
664 1587 723 1638 tam
739 1579 895 1638 masculini
917 1581 1036 1655 generis
1055 1597 1144 1658 quam
1166 1579 1300 1639 leminini
1321 1578 1463 1639 desinunt
1483 1577 1598 1640 eiusdem

327 1681 547 1749 declinationis,
563 1688 596 1740 ut
610 1679 658 1740 bic
674 1679 804 1760 Daphnis
817 1680 989 1760 Daphnidis,
1005 1679 1132 1759 Thybris
1147 1679 1314 1760 Thybridis,
1331 1689 1359 1740 et
1374 1681 1524 1748 feminina,
1537 1680 1598 1740 haec

328 1783 417 1844 Thais
447 1782 581 1850 Thaidis,
608 1781 677 1840 Lais
704 1781 817 1851 Laidis,
847 1781 902 1842 isis
930 1781 1030 1851 isidis,
1059 1781 1200 1862 llesperis
1233 1781 1422 1861 hesperidis;
1457 1791 1486 1842 et
1515 1783 1600 1842 omnia
1698 1808 1712 1905 y

326 1887 488 1964 genitivum
516 1885 547 1944 in
575 1883 619 1943 dis
649 1883 792 1962 syllabam
820 1885 940 1945 mittunt
968 1892 1092 1963 excepto
1120 1902 1179 1943 ιιιιο
1202 1885 1325 1954 Simois,
1354 1883 1435 1964 quod
1457 1884 1600 1945 Simoentis
1703 1910 1712 1965 y

318 1989 398 2048 lacit
419 1987 591 2064 genitivum.
626 1985 712 2044 inus
735 1985 890 2046 masculini
917 1987 1036 2064 generis
1057 1987 1177 2066 propria
1200 1988 1312 2064 ligurae
1336 1987 1514 2065 compositae
1534 1986 1628 2048 desi-1⁵
1704 1990 1711 2063 l

326 2097 402 2154 nunt
423 2090 528 2150 tertiae
552 2086 769 2156 declinationis
799 2087 846 2147 hic
868 2086 1031 2168 Melampus
1054 2089 1259 2168 Melampodis,
1288 2087 1420 2168 Oedipus
1443 2087 1598 2166 Oedipodis.

329 2187 386 2274 lin
411 2210 443 2271 ys
465 2189 585 2270 propria
613 2189 768 2249 masculini
795 2191 915 2266 generis
943 2190 1047 2252 tertiae
1070 2190 1288 2260 decbnationis,
1312 2189 1360 2250 bic
1383 2190 1478 2268 Capys
1498 2190 1598 2269 Capyis.

328 2292 457 2372 Panthys
478 2290 628 2371 Panthyis

318 2427 324 2434 ·
410 2395 434 2455 0
458 2393 557 2454 littera
579 2393 660 2454 linita
683 2393 804 2473 propria
826 2401 896 2454 sunt
916 2397 1034 2472 generis
1055 2395 1205 2465 feminini,
1234 2412 1310 2474 quae
1333 2395 1476 2456 translata
1496 2395 1524 2454 in
1544 2394 1599 2454 lati·

327 2517 396 2558 nam
417 2496 547 2574 linguam
570 2495 663 2555 nihilo
685 2496 784 2556 minus
806 2513 945 2574 graecam
960 2497 1187 2558 declinationem
1208 2495 1358 2566 obtinent,
1382 2503 1417 2556 ut
1430 2495 1502 2558 Dido
1514 2496 1632 2559 daucos
1724 2525 1725 2533 ι

318 2599 416 2660 Erato
444 2598 498 2659 lno
528 2597 652 2677 Calypso
682 2597 842 2658 Themisto.
888 2599 1073 2660 declinantur
1104 2601 1184 2662 enim
1215 2599 1272 2660 boc
1298 2600 1401 2668 modo,
1430 2599 1501 2660 baec
1527 2597 1602 2667 Dido,

318 2700 413 2762 huius
436 2699 543 2770 Didus,
566 2699 636 2760 hnic
658 2698 749 2770 Dido,
779 2700 855 2762 banc
876 2700 967 2770 Dido,
996 2701 1125 2773 oDido,
1148 2701 1185 2763 ab
1207 2702 1264 2762 hac
1284 2700 1369 2762 Dido.
1414 2709 1515 2763 errant
1533 2702 1604 2761 enim

328 2806 379 2883 qui
401 2803 522 2864 Didonis
546 2810 595 2865 aut
617 2802 762 2863 Mantouis
784 2804 946 2882 genitiurm
968 2805 1085 2875 dicunt,
1107 2824 1175 2865 cum
1196 2812 1228 2865 et
1248 2806 1328 2865 vocis
1350 2806 1494 2884 asperitas
1514 2815 1543 2866 et
1559 2822 1604 2865 rc·

326 2915 424 2967 terum
446 2906 607 2967 auctoritas
629 2906 691 2965 eius
713 2906 793 2966 modi
815 2906 1041 2969 declinationem
1062 2908 1208 2987 repudiat.

413 3006 452 3067 ln·
469 3026 506 3068 on
529 3006 684 3068 masculini
711 3010 830 3085 generis
853 3010 972 3089 propria
995 3010 1148 3079 desinunt,
1172 3028 1246 3089 quae
1269 3010 1432 3087 genitivum
1453 3020 1507 3071 aut
1525 3010 1553 3070 in
1574 3019 1640 3079 oga

327 3117 378 3171 aut
398 3111 430 3169 iu
457 3129 513 3181 τος
541 3110 663 3169 mittunt
690 3110 768 3189 apud
791 3110 934 3173 Graecos:
958 3130 993 3171 ea
1014 3130 1068 3173 nos
1090 3112 1197 3174 tertiae
1220 3111 1427 3173 declinationis
1448 3130 1513 3173 esse
1533 3129 1608 3172 asse

325 3213 433 3277 rimus.
462 3219 494 3272 ut
525 3210 618 3273 Sinon
644 3211 775 3281 Sinonis,
805 3211 916 3275 Damon
943 3213 1081 3275 Damonis
1110 3210 1199 3294 (baec
1226 3214 1376 3277 interdum
1397 3214 1475 3294 apud
1495 3214 1610 3275 Latinos

325 3316 474 3376 demutata
508 3314 665 3375 novissima
700 3332 719 3373 n
747 3314 844 3374 littera
872 3314 1092 3395 proferuntur),
1120 3316 1255 3376 Laocoon
1283 3316 1473 3385 Laocoontis,
1502 3315 1610 3395 Hippo·

397 3572 453 3622 lin
472 3586 500 3621 es
517 3568 593 3621 otor.
612 3568 656 3631 sl,
673 3570 698 3619 2.
719 3566 813 3633 68,ἳὸ
831 3585 890 3621 esce.
908 3568 984 3620 otor.
1002 3568 1098 3635 542,3
1151 3570 1181 3621 11
1200 3570 1226 3619 in
1246 3570 1268 3619 is
1286 3569 1364 3624 Proh.
1384 3569 1453 3623 calb.
1473 3569 1565 3631 lass

327 3642 451 3694 ibinus
471 3640 550 3690 Proh.
571 3636 637 3692 cath.
658 3637 741 3703 27,4
811 3640 842 3689 17
863 3641 889 3689 in
908 3656 938 3704 ys
956 3639 1038 3690 Proh.
1057 3639 1123 3694 caah.
1144 3640 1223 3703 2i,6
1295 3637 1614 3696 castrametationes

325 3712 448 3833 garba
451 3712 509 3840 3142
510 3724 576 3831 6ene.
592 3708 666 3759 Char.
686 3708 749 3771 543,
770 3708 812 3761 19.
832 3708 911 3763 Pmo.
928 3710 994 3763 cath.
1012 3708 1044 3772 D,
1064 3708 1104 3760 33·
1184 3711 1219 3761 25
1237 3710 1264 3759 in
1281 3724 1315 3759 on
1332 3709 1409 3760 char.
1427 3711 1477 3771 ot,
1495 3708 1532 3759 20
1557 3722 1614 3762 erc.

411 4005 426 4055 1
447 4002 549 4069 pallidis
567 4002 593 4051 P
663 3998 753 4051 orchas
772 3997 901 4065 archadis]
917 4014 991 4051 orem
1007 4000 1080 4058 disc
1164 4002 1190 4051 ln
1210 4016 1239 4051 es
1256 4000 1333 4067 longa
1350 4004 1454 4069 propria
1469 4002 1617 4053 mwcnlinis

325 4075 428 4143 generis
444 4076 470 4125 P
537 4073 597 4123 2in
615 4086 661 4121 orc
681 4070 819 4120 efferuntur
838 4072 863 4121 P
882 4072 909 4119 in
928 4086 958 4120 us
978 4070 1086 4121 ellernut
1103 4070 1128 4118 F
1188 4070 1351 4136 dDiogenea
1368 4098 1402 4109 -
1420 4075 1618 4139 pronuntiantur

323 4146 370 4195 hoc
387 4148 440 4195 loco
457 4159 503 4195 om.
518 4142 543 4191 P
598 4144 657 4190 bet
676 4156 725 4203 que
743 4141 907 4190 circumflexu
924 4150 1028 4191 accentu
1048 4141 1072 4189 F
1137 4139 1289 4191 Caecuntur
1302 4156 1348 4192 om.
1367 4142 1393 4191 P
1463 4144 1618 4195 Tdeelinari

325 4216 467 4265 maluerunt
484 4212 625 4263 eumenetis
641 4210 780 4275 euprepitis
796 4209 925 4277 Diogenes
940 4210 1070 4277 Diogenis.
1095 4225 1160 4272 quae
1185 4211 1348 4260 circumflexo
1370 4223 1481 4263 accentu
1508 4228 1618 4279 pronun·

324 4288 419 4335 tiantnr
435 4292 462 4333 ut
483 4298 603 4333 eumenes
630 4280 744 4329 eumenis
769 4295 894 4347 euprepes
913 4281 1032 4347 euprepia
1049 4294 1114 4343 quae
1132 4282 1157 4329 in
1176 4294 1205 4329 oc
1223 4283 1365 4345 genitiuum
1385 4282 1559 4334 Pdeelinare
1576 4298 1618 4331 no-

325 4356 426 4404 luerunt
444 4368 564 4418 eymenes
581 4352 696 4401 eltnensis
714 4364 837 4415 cyprepes
854 4351 997 4416 eyprcpetis
1012 4350 1126 4414 eyticetis
1143 4358 1168 4398 ct
1179 4364 1245 4413 quaa
1258 4350 1283 4399 in
1300 4349 1345 4413 (tis
1359 4352 1421 4404 odd.
1431 4354 1465 4415 f)
1478 4356 1617 4421 genitinnrn

326 4426 351 4475 F
372 4424 499 4473 declinare
517 4422 653 4473 uoluerunt
671 4422 795 4470 Ertmenea
817 4421 945 4469 eumeneis
966 4420 1097 4486 Euprepes
1115 4421 1268 4485 euprepetls.
1294 4432 1319 4469 et
1339 4436 1404 4483 quae
1424 4423 1453 4472 in
1473 4426 1510 4474 tis
1532 4425 1618 4491 geniti·

325 4508 386 4544 ιιιιιιι
404 4506 422 4549 ς
492 4492 525 4543 10
542 4491 683 4542 cbermmes
703 4489 863 4540 cbermmetis
876 4489 985 4539 dicimus
1002 4498 1086 4538 erstem
1099 4497 1123 4537 et
1141 4487 1277 4539 ehremmis
1294 4490 1375 4553 (oon.
1393 4490 1525 4556 clarentis)
1539 4495 1618 4545 diores

326 4564 405 4614 dioris
418 4572 492 4613 antor
510 4562 606 4612 autoris
625 4560 649 4609 P
731 4558 839 4608 dicimus
858 4570 942 4609 autem
960 4569 984 4609 et
1001 4558 1114 4608 Chromis
1131 4574 1176 4609 om.
1194 4560 1220 4608 P
1291 4560 1322 4611 ll
1342 4563 1449 4626 generis
1468 4580 1518 4618 ora.
1531 4566 1557 4616 P

326 4635 382 4683 aius
401 4632 578 4683 declinationis
594 4633 619 4682 P
705 4629 736 4679 17
755 4628 797 4679 hio
815 4644 895 4694 capys
912 4629 1006 4694 Lapyis
1025 4628 1143 4694 panthyis
1160 4631 1185 4679 P
1201 4638 1230 4678 nt
1248 4628 1289 4679 hic
1307 4632 1378 4696 capis
1397 4634 1494 4698 capyis
1517 4634 1618 4701 paschis
1724 4688 1725 4691 Ἴ

326 4701 450 4769 pauchyis
466 4703 492 4751 F
508 4710 535 4751 nt
548 4702 625 4767 Capta
639 4702 708 4767 capis
729 4700 813 4765 pantis
829 4700 912 4766 pontis
928 4713 945 4755 ς
961 4708 989 4748 ut
1008 4698 1091 4764 Capys
1110 4698 1202 4764 Capyis
1220 4698 1330 4765 Phorcys
1347 4700 1477 4765 Phorcyis
1490 4704 1619 4756 Pnascllias
1724 4712 1725 4725 ¹

395 4772 428 4822 21
453 4772 515 4821 haee
536 4772 597 4821 dido
620 4770 711 4835 didoys
734 4770 811 4820 didoe
833 4768 894 4819 dido
912 4784 927 4818 o
945 4768 1005 4817 dido
1028 4769 1060 4819 ab
1083 4766 1133 4818 hac
1155 4769 1215 4818 dido
1231 4769 1334 4819 Fhaee
1353 4770 1421 4821 Dido
1446 4774 1537 4827 didois
1554 4775 1617 4827 didoi

327 4842 510 4893 didoeabhao
528 4841 638 4897 didoes
708 4838 742 4889 ’13
760 4836 912 4905 geniriuum]
933 4838 977 4903 qni
996 4838 1021 4887 P
1082 4838 1116 4888 28
1134 4837 1272 4906 demutata]
1291 4847 1388 4891 mostata
1405 4842 1454 4899 Fe
