3525 5600
286 391 349 459 256
859 397 1012 460 ΡΟΜΡΕΙΙ

311 517 333 558 p.
346 505 435 547 sou-cc
449 504 471 545 L.

286 585 405 646 verbio't
430 602 500 663 ergo
522 586 547 645 si
568 585 699 662 iungitur
722 587 848 657 nomini,
871 587 931 647 iam
953 605 1040 647 mane
1063 603 1172 648 nomeu
1194 594 1248 648 est.
1294 595 1324 647 et
1346 588 1389 648 sic
1411 589 1470 648 erit
1492 606 1584 648 mane

286 689 317 747 in
340 706 356 748 e
379 689 494 758 exiens,
524 688 662 767 quoniam
690 686 825 750 neutrale
855 694 914 758 est,
942 686 999 749 hoc
1027 706 1129 759 mane,
1158 689 1448 768 quemadmodum
1472 688 1583 750 docile.

286 789 334 849 hic
357 787 461 850 docilis
483 789 571 850 huius
594 785 698 850 ducitis
720 789 789 850 huic
812 789 901 850 dcciii
923 790 1004 852 hunc
1026 789 1152 852 docitem
1175 811 1193 851 o
1215 789 1320 851 docilis
1342 789 1379 851 ab
1401 789 1460 852 hoc
1483 788 1583 860 diciii;
1605 777 1609 788 ⁸

285 891 335 952 hic
356 890 449 953 tacitis
472 893 528 952 erit
549 890 586 951 ab
608 890 666 956 hoc
688 891 781 962 facili,
805 893 860 954 hoc
881 909 966 954 mure
988 892 1025 953 ab
1047 892 1104 953 hoc
1126 894 1210 954 mari.
1250 911 1322 971 ergo
1344 912 1432 973 quem
1455 893 1493 955 ad
1520 913 1584 954 ruo-

286 992 356 1054 dum
384 994 451 1054 dico
479 1012 496 1054 a
529 995 617 1064 mari,
648 995 691 1055 sic
719 1012 838 1075 possum
867 994 968 1056 dicere
997 998 1031 1054 ‘a
1057 995 1139 1054 mani
1167 995 1273 1055 veuit’.
1320 995 1372 1056 sed
1399 978 1491 1057 hodie
1523 1010 1609 1056 arona

285 1112 440 1174 possumus
463 1096 572 1157 dicere.
617 1092 765 1175 interimi
795 1098 819 1157 si
843 1095 971 1157 votuerIs
993 1094 1093 1157 dicere
1115 1098 1169 1172 ita,
1194 1097 1289 1166 dices;
1320 1097 1371 1158 sed
1395 1105 1498 1160 tamen
1523 1117 1584 1158 non

287 1196 393 1269 debes,
418 1199 557 1276 quoniam
579 1181 629 1260 'tua
651 1197 706 1259 aiia
729 1196 838 1259 iocutio
862 1209 915 1260 est.

791 1367 838 1430 liE
860 1367 1073 1432 Pturtdetu

167 1496 226 1554 416,
239 1498 272 1546 at
369 1487 514 1570 Pleraque
542 1486 612 1550 dicit
640 1505 716 1566 quac
740 1493 768 1548 et
789 1489 819 1549 in
849 1491 1004 1568 superiore
1026 1497 1090 1551 arte
1112 1489 1299 1558 memoravit,
1322 1488 1466 1569 pleraque
1491 1490 1586 1552 addit.
1683 1505 1690 1513 “

166 1566 227 1629 440,
242 1566 273 1614 ¹⁷
286 1591 473 1670 participium
497 1591 608 1652 dictum
631 1599 765 1670 estpars
788 1593 929 1653 orationis
950 1591 987 1652 ab
1010 1611 1055 1662 eo,
1079 1589 1157 1672 quod
1181 1600 1295 1671 partem
1319 1593 1416 1671 capiat
1436 1594 1583 1655 nominis.
1599 1606 1622 1644 1⁰

285 1701 400 1771 partem
422 1692 520 1763 verbi,
544 1699 577 1754 ut
599 1695 677 1773 siqui
699 1693 778 1754 dicat
798 1692 902 1773 legens
923 1692 1059 1755 scribens
1080 1711 1221 1763 currens;
1245 1696 1300 1755 ista
1323 1695 1477 1774 participia
1502 1703 1586 1754 sumt.

286 1811 354 1855 narn
376 1793 488 1856 habent
515 1793 587 1856 haec
609 1814 684 1875 quae
707 1794 780 1856 disi:
814 1794 918 1874 tegens
939 1795 1030 1856 habet
1052 1803 1082 1856 et
1102 1813 1189 1856 casus
1211 1805 1241 1857 at
1261 1813 1372 1874 genera
1395 1804 1424 1857 et
1445 1803 1586 1876 tempora

287 1906 316 1956 et
343 1897 581 1975 significationes.
628 1897 708 1975 quod
737 1915 822 1958 casus
851 1905 880 1958 ct
909 1916 1018 1976 genera
1047 1896 1151 1968 habet,
1181 1899 1310 1958 nominis
1336 1905 1419 1958 sunt:
1459 1916 1532 1958 nam
1557 1907 1588 1958 et

286 2015 371 2060 rasus
394 2001 507 2060 nomini
530 1999 651 2070 accidit,
682 2007 711 2061 et
738 2017 833 2080 genus
860 2001 974 2061 nomini
996 1998 1111 2062 accidit.
1157 1998 1236 2078 quod
1258 2005 1393 2079 tempora
1416 2008 1446 2061 et
1467 2001 1586 2079 signiti-

286 2102 416 2162 cationes
445 2101 547 2171 habet,
577 2102 651 2163 haec
679 2101 738 2162 duo
764 2101 846 2162 verbi
868 2110 953 2162 sunt:
982 2121 1049 2163 nam
1072 2109 1188 2181 tempus
1209 2100 1300 2162 verbo
1323 2102 1443 2172 accidit,
1468 2103 1586 2180 signiti-
1600 2115 1623 2153 1⁵

285 2204 361 2264 cutio
391 2202 481 2264 verbo
511 2203 626 2266 accidit.
673 2221 744 2283 ergo
771 2205 960 2285 participium
989 2203 1080 2266 hahet
1108 2205 1274 2296 annomine
1300 2211 1416 2282 partes,
1435 2202 1542 2265 *habet
1570 2223 1587 2263 a

256 2337 259 2342 ·
286 2303 376 2365 verbo
398 2312 508 2384 partes.
552 2304 620 2366 ideo
644 2304 751 2367 dicitur
774 2308 977 2386 participium,
1001 2308 1086 2386 quasi
1107 2306 1311 2385 particapium.

369 2407 534 2487 Antequam
558 2413 718 2469 tractemus
742 2407 798 2470 hcc
819 2411 917 2488 ipsum
933 2409 1135 2488 participium,
1160 2406 1251 2468 debes
1272 2409 1353 2467 scire
1368 2405 1588 2468 discretionem

286 2629 338 2680 na.
364 2621 394 2672 et
422 2613 534 2673 iaciunt
560 2613 760 2690 gravissimam
784 2613 1000 2674 contusionem.
1045 2611 1220 2692 pierumque
1242 2613 1421 2691 proponitur
1442 2610 1534 2672 nobis
1558 2622 1625 2673 eim

286 2713 394 2774 dicitur
416 2716 537 2774 ‘amaus
560 2713 563 2794 t
588 2732 663 2794 quae
686 2732 757 2794 pars
780 2725 824 2776 cst
847 2715 1024 2775 orationis‘t'
1048 2722 1078 2774 et
1092 2713 1227 2775 videmus
1249 2712 1329 2794 quod
1352 2719 1382 2773 et
1404 2731 1518 2775 nomen
1542 2721 1591 2775 est

286 2824 316 2876 et
332 2818 537 2904 participium.
582 2818 734 2879 videamus
763 2834 834 2897 ergo
863 2817 1070 2879 discretionem
1093 2818 1189 2896 ipsam
1212 2818 1388 2895 peremnia
1412 2816 1587 2897 partieipia.

286 2936 353 2979 narn
383 2925 427 2979 est
452 2919 639 2998 participium
654 2916 748 3000 ¹quod
777 2927 806 2981 et
833 2938 976 3000 praesens
1003 2918 1107 2988 habet,
1138 2927 1167 2979 et
1193 2921 1386 2999 praeteritum
1417 2917 1524 2989 habet,
1557 2926 1590 2978 et

286 3020 419 3082 iuturum
449 3019 548 3081 habet.
594 3038 664 3099 ergo
694 3020 837 3083 dabamus
860 3023 937 3083 scire
959 3022 1039 3099 ipsas
1061 3019 1252 3081 differentias.
1295 3037 1439 3100 praeseus
1459 3020 1588 3099 partici-

285 3124 366 3201 pium
391 3141 458 3183 cum
481 3123 601 3183 nomine
624 3121 713 3184 habet
735 3125 957 3203 cognationem,
986 3130 1018 3183 ut
1041 3130 1086 3184 est
1100 3141 1218 3184 amans.
1264 3140 1333 3183 uam
1356 3139 1459 3183 amaus
1481 3129 1625 3201 potestas

287 3231 317 3285 et
338 3226 525 3304 participium
549 3242 626 3295 esse,
649 3231 798 3304 potestat
821 3244 929 3287 nomen
953 3244 1028 3287 esse.
1058 3224 1111 3286 sed
1133 3232 1232 3286 tamur
1254 3223 1445 3295 discernitur,
1462 3224 1588 3303 quando

287 3312 324 3387 sit
345 3328 550 3407 participium,
575 3336 604 3388 et
626 3327 743 3408 quando
766 3329 804 3389 sit
827 3318 966 3389 nomem·
990 3328 1015 3389 si
1037 3328 1226 3407 participium
1250 3325 1353 3395 tuerit,
1382 3343 1511 3405 sequere
1534 3344 1587 3387 ac·

286 3430 465 3498 cusativum;
495 3430 520 3489 si
543 3447 651 3491 nomen
675 3430 778 3499 tuerit,
809 3431 978 3509 genetivum
1001 3448 1136 3510 sequere.
1181 3436 1250 3509 puta
1274 3434 1395 3489 ‘amans
1415 3415 1502 3489 ilium
1526 3427 1589 3488 troc

287 3531 371 3601 ieci’,
396 3530 483 3592 modo
505 3532 692 3612 participium
709 3538 768 3598 cst;
792 3532 912 3593 ‘amans
926 3531 1035 3602 itlius'‚
1060 3531 1148 3593 modo
1164 3550 1273 3594 nomeu
1289 3537 1341 3591 est.
1372 3546 1445 3609 ergo
1461 3529 1587 3607 quando

287 3634 483 3695 accusativum
506 3635 642 3712 ponimus
665 3651 780 3703 casum,
810 3641 854 3693 est
876 3635 1076 3713 participium:
1106 3632 1225 3714 quaudo
1247 3634 1417 3711 genetivum
1439 3634 1626 3712 ponimusao

287 3754 402 3807 casum,
432 3754 540 3797 nomeu
569 3742 623 3797 est.
668 3744 700 3797 ut
726 3736 801 3797 scias
831 3753 931 3796 verum
960 3754 1040 3806 esse,
1069 3735 1106 3797 da
1134 3734 1249 3797 similia.
1294 3736 1335 3796 ita
1362 3733 1430 3794 dico
1459 3737 1586 3794 ‘amans

285 3836 369 3899 ilium
398 3836 455 3899 hoc
481 3838 565 3908 icci’,
595 3854 683 3915 quern
711 3835 748 3899 ad
777 3838 897 3899 modum
926 3837 993 3900 dico
1020 3837 1123 3917 tegens
1152 3836 1263 3898 docens
1285 3834 1435 3903 scribens,
1459 3834 1586 3913 ‘legens

285 3938 368 4000 iilum
396 3938 453 4000 irco
482 3940 565 4010 ieci',
594 3938 723 4001 ‘docens
749 3939 832 4001 iilum
859 3939 918 4002 hoc
943 3941 1028 4010 ieci',
1057 3937 1209 4001 ‘scribens
1237 3936 1319 4000 iilum
1341 3936 1399 3999 hoc
1422 3937 1507 3999 ieci’.
1554 3946 1588 3997 et

286 4042 389 4120 tegens
417 4049 446 4103 et
472 4041 584 4103 docens
612 4048 642 4103 et
668 4040 802 4104 scribens
829 4042 983 4122 participia
1010 4050 1088 4104 suut.
1132 4043 1158 4103 si
1179 4044 1219 4102 ita
1241 4041 1308 4102 dico
1330 4041 1450 4101 ‘amaus
1471 4037 1584 4109 itlius’‚

289 4142 435 4223 quemad
460 4143 579 4205 modum
603 4142 669 4204 dico
699 4142 820 4206 ‘doctor
846 4142 944 4206 iilius'
973 4150 1003 4205 et
1030 4146 1160 4205 ‘amicus
1182 4142 1288 4210 itlius'‚
1311 4143 1370 4203 iam
1392 4159 1503 4203 nomeu
1525 4149 1585 4210 est,
1599 4162 1626 4201 es

288 4247 356 4326 quia
386 4253 414 4307 et
443 4244 546 4308 doctor
575 4256 604 4308 et
630 4248 744 4309 amicus
768 4248 887 4309 nomina
910 4254 979 4308 suut
1001 4245 1096 4327 [ista].
1141 4262 1212 4325 ergo
1235 4246 1503 4324 quotienscumque
1522 4244 1585 4303 uti·

289 4366 355 4410 mur
383 4350 565 4419 accusativo,
596 4350 653 4410 erit
679 4350 882 4429 participium;
912 4349 1178 4428 quotienscumque
1205 4348 1317 4409 utimur
1343 4347 1495 4426 genetivo,
1525 4346 1588 4405 erit

169 4461 229 4525 ιιι,
244 4462 276 4511 tc
289 4468 407 4512 noman.
452 4468 521 4512 ecce
548 4450 641 4513 hahes
673 4450 883 4513 discretionem
917 4452 1084 4531 praesentis
1116 4450 1265 4531 participii
1293 4457 1323 4510 at
1354 4449 1493 4510 nominis.
1537 4455 1586 4508 est

358 4622 374 4670 d
395 4622 425 4671 ab
446 4622 493 4673 hcc
512 4622 581 4673 taciti
597 4624 628 4673 ab
648 4620 695 4673 hoc
714 4624 777 4673 mari
793 4622 867 4673 Bca
886 4622 918 4671 ab
936 4620 985 4672 hoc
1002 4620 1072 4672 iacili
1088 4622 1121 4672 eb
1135 4621 1185 4672 hoc
1204 4620 1309 4671 maniA
1382 4620 1413 4671 11
1433 4628 1585 4685 partemque

290 4692 360 4741 uerbi
373 4690 399 4740 B
469 4694 502 4744 14
519 4692 721 4760 significationes
737 4694 812 4744 habet
830 4691 844 4741 b
864 4691 1065 4758 significationes
1087 4692 1182 4743 hebent
1198 4691 1283 4741 Aac
1353 4690 1385 4740 17
1404 4692 1479 4752 quest
1499 4698 1587 4755 purte·

289 4761 432 4827 capiumA
503 4763 535 4813 26
561 4764 713 4813 discernitur
734 4772 758 4813 et
782 4762 885 4827 quando
911 4762 944 4811 sit
961 4776 1054 4813 nomen
1077 4764 1179 4825 quando
1197 4761 1359 4828 participium
1377 4760 1401 4809 si
1419 4760 1584 4825 participium

289 4832 324 4892 (si
346 4834 505 4898 participium
528 4848 573 4883 cm.
590 4834 615 4882 Α
623 4872 629 4891 ,
652 4834 714 4883 add.
732 4836 759 4893 a)
776 4832 853 4883 iuerit
870 4832 896 4882 Α
904 4832 957 4882 Bc
1042 4832 1075 4884 35
1094 4834 1144 4882 iam
1163 4846 1254 4882 noureu
1274 4837 1312 4880 est
1327 4838 1387 4894 port
1404 4844 1494 4880 amaus
1514 4829 1586 4878 itlius

288 4901 381 4954 lrabeat
396 4901 476 4953 ABG
