3525 5600
687 415 757 478 ARS
787 417 799 477 l
824 419 916 478 1-3
1384 411 1449 478 449

194 525 355 580 p.stte.4cv>.
505 575 509 584 ⁸
1269 523 1423 576 aveant.

173 625 248 670 resco
274 614 395 686 patesco
422 613 543 688 notesco
570 607 704 668 fervesco
731 607 849 668 labasco
877 608 1026 669 dormisco
1059 623 1233 685 vesperasco
1266 623 1449 685 purpurasco

173 715 349 772 inveterasco
371 727 494 770 senesco
517 711 674 769 iuvenesco
696 711 800 788 glisco.
830 729 889 789 quo
911 709 998 770 modo
1020 709 1189 770 meditativa
1211 710 1241 768 in
1264 707 1447 768 urio‘solum

172 813 303 872 desinunt
325 817 356 870 et
377 821 499 892 quartae
521 818 635 872 tantum
658 812 743 872 niodo
766 823 834 874 sunt
856 814 1088 890 coniugationis,
1117 819 1149 872 ut
1170 811 1298 870 lecturio
1319 809 1450 870 dicturio

171 915 304 974 micturio
330 915 440 974 esurio.
485 914 704 993 irequeotativa
732 933 816 985 vero,
845 914 1082 995 quac-similiter
1104 913 1281 974 inchoativis
1304 919 1333 972 et
1354 911 1448 972 medi·

150 1017 264 1076 stativis
286 1015 448 1077 derivativa
472 1023 553 1085 sunt,
578 1018 609 1076 in
632 1012 674 1077 ito
697 1015 741 1076 vel
765 1018 794 1077 in
816 1025 847 1076 to
875 1017 1071 1097 praecedente
1094 1021 1272 1077 consonante
1295 1014 1340 1075 vel
1361 1016 1393 1074 in
1416 1033 1449 1073 so

171 1118 209 1176 vel
231 1119 321 1181 etiam
343 1120 375 1178 in
398 1137 434 1178 xo
456 1117 595 1178 desinunt
617 1125 648 1178 et
669 1119 784 1198 primae
807 1127 876 1179 sunt
898 1125 1013 1181 tanturm
1040 1119 1128 1180 modo
1157 1119 1389 1194 coniugationis,
1417 1123 1450 1175 ut

170 1220 263 1281 lectito
291 1219 395 1280 dictito
423 1223 535 1281 cantito
563 1221 675 1280 cursito
703 1223 790 1282 visito
819 1228 906 1282 canto
927 1221 1007 1282 dicto
1030 1238 1126 1280 merso
1148 1238 1235 1279 curso
1257 1235 1342 1278 nexo.
1387 1219 1450 1277 viso

166 1323 243 1386 enim
267 1323 354 1391 visis,
377 1321 457 1403 quod
479 1330 509 1384 et
531 1322 674 1400 Virgilius
689 1322 836 1384 Aeneidos
858 1322 936 1384 libro
952 1322 1015 1383 Vlll
1038 1323 1144 1391 relert,
1169 1321 1251 1382 ‘bas
1272 1322 1370 1381 torte
1393 1322 1447 1380 in·

170 1424 288 1484 visitis
310 1427 420 1494 aras’,
444 1431 473 1485 et
495 1426 526 1486 in
549 1425 653 1486 eodem
676 1421 681 1508 Ι
707 1479 714 1500 ,
1425 1427 1429 1442 '

140 1545 159 1582 ιι
315 1527 491 1606 protinus
513 1525 697 1588 Arcadiae
720 1526 868 1606 gelidos
890 1529 1059 1588 invisere
1081 1528 1195 1597 lines,

170 1635 194 1688 et
217 1627 355 1689 Horatius
376 1631 542 1690 carminum
564 1628 642 1690 libro
664 1632 761 1710 primo

315 1749 418 1792 omne
441 1750 517 1792 cum
540 1731 697 1793 Proteus
717 1751 831 1812 pecus
853 1734 931 1810 egit
952 1732 1048 1792 altos

316 1835 439 1894 visere
462 1841 620 1904 montes,

169 1939 233 2015 quia
261 1953 351 1997 sensu
379 1943 462 1996 caret
488 1937 788 2017 frequentativorum,
818 1938 886 1998 ideo
908 1956 963 1998 nec
985 1939 1225 2016 coniugationcm
1248 1937 1365 1998 illorum
1387 1955 1448 1996 ser·

137 2040 250 2098 oravit.
285 2039 434 2118 perlectae
458 2047 557 2100 autern
579 2041 691 2100 lormae
715 2038 819 2109 verba,
843 2058 919 2120 quac
942 2058 1000 2100 non
1023 2049 1092 2101 sunt
1114 2039 1248 2101 anomala
1270 2038 1383 2100 scilicet
1405 2037 1449 2097 vel

169 2141 324 2210 (infectiva,
353 2141 384 2200 in
412 2149 551 2220 quattuor
578 2143 706 2202 inveniri
735 2141 995 2220 coniugationibus
1021 2143 1123 2213 video;
1152 2141 1329 2222 quibusdam
1352 2147 1449 2200 tamen

168 2261 199 2302 ea
221 2243 398 2303 diliereutiis
420 2242 551 2304 arbitror
573 2263 660 2323 posse
683 2245 824 2306 discerni.
868 2252 899 2305 ct
926 2243 1077 2305 vocalibus
1100 2243 1226 2324 quidem
1248 2242 1448 2304 antecedenti·

169 2342 220 2402 bus
242 2343 359 2404 facilior
380 2353 424 2405 est
447 2345 631 2416 observatio,
655 2366 742 2427 quarn
764 2325 1007 2408 consonantibus.
1052 2355 1113 2408 tres
1141 2347 1221 2406 enirn
1244 2344 1359 2406 vocales
1381 2351 1450 2405 ante

167 2465 183 2502 o
204 2445 247 2506 vol
270 2464 304 2507 or
326 2445 408 2506 verbi
432 2447 533 2508 sinales
556 2450 762 2528 reperiuntur,
786 2468 802 2508 e
824 2451 835 2510 i
858 2469 891 2519 u,
915 2451 984 2528 quia
1008 2467 1100 2510 neca
1123 2450 1243 2528 penitus
1264 2463 1320 2508 nec
1342 2465 1360 2506 o
1382 2453 1449 2507 ante

135 2565 184 2606 eoo
205 2549 368 2618 invenitur,
397 2550 455 2609 nisi
483 2551 514 2610 iu
543 2549 633 2612 vcrbo
661 2550 767 2622 reboo,
796 2551 874 2632 quod
898 2553 1008 2611 lactum
1030 2559 1076 2612 est
1098 2571 1113 2612 a
1136 2549 1337 2629 dooigraeco
1360 2547 1450 2608 verbo

167 2657 194 2710 et
215 2651 376 2711 secundum
403 2653 529 2730 primam
557 2655 795 2732 coniugationem
823 2653 1001 2732 declinatum
1024 2655 1174 2734 reperitur
1195 2651 1272 2732 apud
1294 2650 1449 2729 Virgilium

168 2753 195 2813 in
218 2755 306 2814 tertio
328 2751 405 2814 libro
427 2757 603 2833 georgicon,
627 2765 659 2817 ut
682 2755 858 2819 ‘reboant
880 2756 1069 2836 silvaeque
1097 2765 1132 2817 et
1155 2772 1306 2834 magnus
1328 2752 1448 2833 Olym·

167 2858 260 2934 pus'‚
285 2863 314 2917 et
336 2856 443 2917 incboo
466 2857 602 2927 inchoas,
626 2859 704 2939 quod
728 2880 743 2920 a
766 2854 832 2938 χόω
855 2876 963 2936 graeco
985 2859 1102 2919 videtur
1124 2858 1303 2918 traductum.

248 2956 352 3018 Omnia
381 2960 472 3036 igitur
501 2960 589 3021 verba
619 2970 686 3022 ante
708 2981 725 3021 o
747 2960 791 3021 vel
815 2979 849 3021 or
871 2962 988 3021 linalem
1011 2979 1027 3020 e
1050 2959 1179 3021 vocalem
1200 2958 1341 3021 babentia
1364 2960 1451 3019 unius

134 3066 278 3119 astantum
301 3068 370 3120 sunt
398 3061 560 3123 secundum
588 3069 704 3125 veteres
730 3066 841 3125 artium
869 3064 1033 3143 scriptores
1055 3062 1201 3123 secundae
1223 3062 1449 3139 coniugationis,

167 3179 239 3240 quae
262 3161 322 3221 sola
352 3165 440 3223 etiam
470 3164 500 3223 in
528 3164 690 3242 primitivis
719 3166 773 3225 boc
800 3164 891 3226 babet
919 3167 1088 3244 proprium,
1112 3165 1261 3245 quodvis
1285 3160 1297 3243 ll
1321 3163 1450 3224 aliaein

167 3262 345 3324 derivativis.
390 3282 458 3325 narn
491 3284 550 3345 quo
583 3265 670 3327 modo
703 3269 799 3346 prima
830 3268 1000 3344 coniugatio
1026 3268 1258 3346 ircqucntativa,
1289 3267 1376 3325 tertia
1405 3266 1449 3324 in·

167 3364 312 3435 cboativa‚
336 3376 438 3447 quarta
462 3367 631 3429 meditativa
655 3367 761 3439 verba,
785 3370 828 3429 sic
844 3369 973 3430 secunda
993 3371 1024 3429 in
1047 3388 1082 3428 eo
1105 3369 1344 3430 terminationem
1366 3368 1450 3447 quasi

167 3468 337 3546 specialem,
367 3470 429 3548 ipsa
458 3477 556 3531 tamen
586 3488 644 3530 non
668 3472 697 3531 in
721 3471 893 3533 derivativis
915 3471 1024 3542 solum,
1048 3471 1101 3531 sed
1123 3473 1213 3531 etiarn
1235 3472 1266 3530 in
1288 3470 1451 3549 primitivis

133 3570 312 3648 opooidet,
341 3578 373 3632 ut
401 3571 495 3632 habeo
525 3579 607 3632 taceo
636 3572 748 3634 candeo
776 3592 848 3651 egeo
871 3573 991 3653 sparaleo
1013 3575 1105 3634 timeo
1127 3591 1232 3633 manco
1254 3579 1359 3651 stupeo
1381 3589 1451 3632 areo

167 3690 272 3731 rorvseo
294 3680 381 3751 pateo
403 3692 508 3744 caveo;
532 3674 695 3755 eodemque
719 3675 809 3736 modo
828 3678 858 3735 in
881 3694 934 3736 cor
949 3693 1065 3756 quoque
1086 3673 1253 3735 desinentia
1275 3692 1335 3733 non
1357 3672 1451 3733 solum

167 3776 295 3852 passiva,
320 3773 370 3835 sed
394 3778 484 3835 etiam
505 3776 684 3855 deponentia
712 3777 757 3838 vel
786 3780 954 3839 communia
982 3777 1129 3839 secundae
1151 3783 1220 3837 sunt
1241 3793 1359 3855 semper
1380 3793 1450 3834 con-

167 3877 339 3955 iugationis,
365 3885 397 3937 ut
419 3878 561 3957 polliceor
583 3878 675 3940 liceor
691 3879 811 3940 medeor
833 3898 902 3940 reor
924 3898 1041 3941 mereor
1064 3897 1169 3939 vereor
1191 3882 1335 3939 misereor
1357 3878 1451 3937 lateor

236 4131 445 4183 ldormescoB
514 4134 706 4185 2inueterasco
724 4150 793 4184 corr.
813 4150 883 4185 -esco
901 4136 927 4185 B
947 4136 1103 4185 inueteresco
1122 4136 1147 4185 P
1213 4133 1345 4183 iuuenieco
1360 4131 1384 4179 P

167 4200 247 4265 glisco
266 4212 290 4252 et
307 4202 351 4252 rel.
369 4204 395 4253 B
467 4202 499 4255 10
524 4202 652 4269 protinus]
679 4206 757 4271 Verp.
774 4204 840 4260 Aeo,
863 4206 919 4253 Vlll
939 4204 997 4258 159.
1017 4220 1127 4270 eaquae
1147 4204 1304 4266 praecedunt
1323 4217 1371 4251 ooo
1393 4209 1452 4253 aaut

172 4271 278 4336 Verque·
347 4274 377 4325 ll
397 4276 536 4323 carminum
551 4274 614 4325 libro
630 4272 721 4341 primo]
742 4274 804 4339 2,7
876 4275 909 4326 12
926 4272 1011 4341 omne]
1027 4279 1112 4326 oriast
1182 4273 1212 4325 13
1231 4270 1323 4339 visere]
1342 4272 1451 4321 inuisere

167 4340 208 4391 Bt
277 4342 309 4393 14
329 4342 387 4393 ideo
405 4345 609 4410 coniugationem
632 4345 730 4395 illorum
749 4345 940 4395 ruonseruotB
1010 4346 1043 4398 19
1061 4344 1143 4395 ilnolis
1161 4343 1185 4392 B
1253 4343 1451 4394 constituae

168 4411 244 4461 uerbo
260 4412 335 4461 reboo
349 4412 373 4461 Ρ
441 4416 474 4465 22
494 4416 518 4463 in
538 4418 610 4465 tertio
631 4414 693 4465 libro
712 4412 861 4481 georgicon]
880 4431 904 4463 o.
923 4414 974 4465 22³
1043 4416 1196 4478 roboamque
1214 4414 1294 4463 siluae
1313 4421 1338 4461 et
1351 4411 1377 4460 B
1394 4427 1450 4462 cum

168 4482 262 4547 gemitu
276 4482 380 4532 reboant
393 4484 457 4532 silue
473 4486 526 4545 ets
591 4486 625 4536 23
642 4499 656 4533 a
675 4485 725 4534 koo
742 4485 919 4537 cormelino
936 4484 1104 4551 Βιχαως
1156 4481 1266 4550 videtur]
1285 4482 1402 4532 uerboP

167 4553 272 4601 taetros
290 4560 314 4601 et
332 4554 471 4603 secundum
489 4555 546 4604 BP
614 4554 823 4605 calabutor
890 4554 999 4619 abipsa
1017 4555 1054 4602 iffi
1072 4552 1323 4603 nondiriuatiuisll
1374 4551 1452 4602 eoos

167 4620 248 4670 babeo
266 4630 335 4671 taceo
355 4638 444 4673 maneo
465 4639 554 4674 moneo
572 4633 662 4689 stupeo
679 4620 820 4688 (superscr.
845 4624 937 4674 scabeo
962 4622 1082 4686 squaleo,
1103 4624 1129 4673 io
1148 4639 1227 4687 marg.
1247 4623 1308 4673 odd.
1331 4622 1451 4671 immioeo

167 4690 243 4756 lugeo
265 4691 349 4754 deleo)
367 4708 426 4743 ereo
450 4708 541 4743 censeo
563 4694 658 4744 candeo
678 4695 753 4746 timeo
774 4710 838 4759 egeo
860 4694 934 4746 doleo
953 4702 1026 4759 pateo
1045 4708 1125 4743 coneo
1137 4694 1163 4743 B
1184 4704 1211 4743 ut
1228 4702 1267 4742 est
1280 4691 1362 4741 babeo
1380 4701 1451 4741 taceo

168 4768 256 4826 stupeo
281 4777 369 4811 maneo
392 4765 483 4814 scobeo
506 4763 610 4827 squaleo
632 4779 692 4815 areo
710 4780 801 4815 censeo
825 4764 921 4813 candeo
939 4764 1015 4813 timeo
1038 4777 1087 4828 geo
1106 4763 1179 4813 doleo
1197 4770 1271 4827 pateo
1290 4776 1367 4811 cuneo
1381 4762 1407 4811 P
1424 4769 1452 4810 ot

168 4840 206 4879 est
223 4828 302 4881 babeo
319 4841 389 4883 taceo
409 4849 499 4885 moneo
518 4842 608 4899 stupeo
626 4848 684 4884 areo
704 4836 795 4886 scebeo
812 4848 885 4885 arceo
901 4848 991 4885 censeo
1008 4833 1198 4901 candeotimeo
1217 4848 1266 4902 geo
1283 4832 1356 4885 doleo
1374 4840 1451 4900 peteo

168 4909 274 4951 eaueot
341 4902 374 4955 31
392 4905 482 4955 eodem
500 4918 600 4968 quoque
619 4906 738 4957 modoP
1316 4930 1321 4938 ·
