3525 5600
669 399 907 462 COblllEN'lllbl
1378 395 1436 460 lli

1253 519 1274 560 p.
1288 507 1375 548 tce-tt
1390 505 1413 546 L.

162 591 264 654 dicitur.
306 587 436 649 diximus
458 591 547 649 etiam
569 588 659 648 talem
681 607 744 648 rem
768 587 805 647 de
827 587 921 666 gradu
945 589 1078 667 positivo.
1113 605 1181 648 nam
1204 603 1293 664 quem
1316 587 1352 648 ad
1375 605 1437 646 mo·

161 694 219 753 dum
237 693 376 772 positivus
397 690 507 769 gradus
530 691 625 752 dictus
641 698 685 750 est
701 693 919 770 cooperationis
934 691 1057 769 gradus,
1082 709 1141 750 non
1165 689 1243 770 quod
1265 708 1319 769 per
1341 691 1437 768 ipsum

160 801 300 874 conparat,
327 793 380 854 sed
403 793 481 874 quod
504 793 541 852 ab
564 795 629 872 ipso
659 793 812 862 discimus,
842 793 914 871 qcrid
942 795 980 853 sit
1002 811 1179 872 conparare,
1203 791 1322 852 ntideo
1345 791 1439 852 dictus

159 906 197 958 est
220 896 324 975 gradus
352 897 586 976 cooperationis;
614 897 657 956 sic
685 897 772 956 etiam
797 903 827 956 et
848 896 1044 956 nominativus
1067 895 1162 955 dictus
1185 902 1230 954 est
1252 911 1353 964 casus,
1378 913 1437 954 non

138 1002 217 1080 sqnia
236 1001 298 1080 ipse
320 1016 429 1059 nomen
452 998 522 1058 lacit
543 997 664 1072 cadere,
687 997 738 1058 sed
761 1001 833 1073 puin
848 1015 903 1076 per
918 1000 1014 1078 ipsum
1030 999 1154 1066 scimus,
1179 995 1247 1073 quid
1266 997 1305 1056 sit
1320 995 1436 1056 cadere.

158 1120 210 1163 non
236 1102 312 1162 euim
339 1117 496 1179 possumus
525 1099 529 1179 l
559 1102 650 1168 scire,
680 1099 749 1179 qnid
778 1100 817 1160 sit
843 1100 963 1170 cadere,
993 1101 1050 1161 nisi
1078 1100 1232 1159 scierimus
1261 1105 1344 1168 ante,
1368 1097 1437 1178 qnid

156 1205 235 1265 luerit
254 1209 376 1264 rectum.

232 1305 303 1366 Sunt
329 1311 430 1366 antem
458 1305 530 1365 dicti
557 1323 608 1365 sex
637 1323 738 1373 casus,
766 1307 976 1374 nominativus,
1006 1303 1083 1384 cpuod
1108 1304 1279 1382 peripsum
1303 1303 1436 1362 nominc·

157 1427 229 1477 mus,
259 1416 289 1468 ut
321 1407 371 1469 lric
403 1410 558 1486 rnagister;
592 1409 761 1486 genetivus,
796 1407 874 1487 qnod
904 1427 959 1487 per
987 1409 1083 1486 ipsum
1111 1423 1206 1483 genus
1237 1404 1436 1476 ostendamus

129 1513 249 1572 n‘cnius
271 1511 352 1570 est'?
371 1509 471 1570 ‘illius
494 1514 569 1579 est';
593 1509 720 1579 dativus,
743 1509 822 1588 quod
845 1511 1017 1589 peripsum
1041 1508 1153 1578 demus,
1178 1506 1329 1576 ε1131111’;
1354 1525 1437 1568 accu-

157 1615 270 1682 sativus,
294 1611 375 1690 qnod
397 1631 452 1692 per
473 1614 570 1692 ipsum
585 1630 782 1682 accusemus,
807 1617 935 1672 ‘accuso
957 1610 1072 1679 illum';
1097 1612 1260 1679 vocativus,
1284 1607 1361 1688 quod
1385 1627 1439 1690 per

156 1718 240 1794 ipsum
262 1732 415 1782 vocemus,
439 1734 456 1774 3
479 1715 538 1776 ille.
582 1713 726 1775 ablativus
748 1713 825 1793 apud
848 1715 977 1775 Graecos
999 1731 1058 1774 non
1082 1714 1243 1782 invenitur,
1268 1711 1321 1773 sed
1343 1711 1439 1772 Latini

158 1818 227 1876 bunc
249 1815 479 1896 adsumpserunt
500 1816 567 1877 sibi.
612 1816 726 1877 idcirco
748 1815 905 1897 aliquando
928 1814 1030 1877 dicunt
1052 1833 1120 1875 enm
1142 1823 1273 1884 sentum,
1303 1813 1332 1873 id
1356 1821 1401 1874 est
1422 1832 1437 1873 a

159 1937 269 1979 numero
285 1937 352 1979 eum
376 1917 539 1998 appeliant,
564 1918 722 1999 aliquando
744 1938 760 1979 3
784 1927 872 1997 gente
892 1918 1030 1986 latinum,
1055 1919 1193 1998 qcronlam
1217 1915 1292 1996 apud
1309 1915 1438 1976 Graecos

131 2037 210 2081 conon
234 2022 382 2082 invenitur
408 2038 493 2082 casus
521 2020 664 2082 ablativus
693 2019 866 2100 [aliquando
894 2023 1045 2098 genetivus
1075 2018 1233 2098 singularis
1261 2018 1438 2098 fungebatur

160 2125 244 2183 cilicio
271 2122 417 2204 ablativi].
463 2132 533 2203 puta
562 2123 610 2183 liic
638 2123 742 2184 doctus
770 2123 857 2183 liuius
879 2121 958 2182 docti
982 2121 1051 2181 huic
1074 2121 1161 2180 docto
1183 2121 1263 2181 bunc
1285 2122 1400 2182 doctum
1423 2137 1440 2180 3

159 2226 233 2285 docte
253 2233 280 2284 et
302 2226 334 2285 hi
355 2225 435 2285 docti
458 2225 564 2286 horum
589 2226 743 2286 doctorum
766 2225 812 2286 his
834 2224 928 2284 doctis
950 2225 1003 2284 1133
1025 2225 1125 2284 doctos
1148 2239 1164 2282 3
1186 2225 1280 2302 docti,
1305 2230 1334 2283 et
1355 2223 1438 2282 linie-

157 2327 225 2387 bant
268 2345 340 2405 ergo
362 2345 428 2388 cum
452 2347 512 2388 non
534 2327 680 2388 baberent
702 2326 874 2396 ablativum,
904 2345 958 2405 per
980 2327 1148 2403 genetivum
1171 2323 1371 2402 iungebantur
1394 2323 1438 2383 ol·

156 2429 214 2488 1113
234 2427 350 2489 ablativi
374 2429 548 2510 [aliquando
570 2431 737 2508 genetivus,
762 2428 920 2509 aliquando
944 2427 1083 2507 dativus}
1129 2427 1185 2487 1133
1209 2445 1276 2488 cum
1299 2426 1439 2487 vidissent

130 2530 270 2592 ullomani
293 2549 359 2592 esse
382 2549 534 2611 asperum,
557 2533 695 2592 lecerunt
715 2530 883 2592 ablativum.
1276 2578 1280 2585 .
1377 2608 1380 2616 .

229 2633 307 2695 luter
329 2633 489 2695 ablativum
513 2642 542 2695 31
563 2635 721 2713 septimum
745 2633 801 2692 1131
823 2634 955 2702 interest,
980 2631 1057 2712 quod
1080 2630 1223 2693 ablativus
1245 2633 1511 2712 praepositio-433,
1526 2645 1557 2694 13

156 2752 215 2794 nem
235 2733 333 2806 babet,
357 2738 501 2816 septimus
523 2755 583 2796 non
606 2735 704 2796 babet.
737 2755 805 2796 nam
828 2733 946 2816 quando
968 2733 1094 2796 dicimus
1117 2733 1166 2794 ‘ab
1190 2741 1307 2794 oratore
1330 2734 1438 2803 venio',

156 2836 286 2899 ablativus
309 2846 368 2909 est;
391 2839 509 2919 quaudo
532 2839 657 2901 dicimus
680 2846 817 2900 ‘oratore
832 2839 974 2917 magistro
989 2839 1085 2907 utor',
1109 2838 1251 2917 septimus
1268 2844 1320 2897 est.
1350 2854 1437 2915 quae·

155 2940 230 3001 situm
258 2950 302 3001 est
325 2958 341 2999 a
364 2941 521 3021 plulrimis,
550 2950 652 3002 utrum
678 2942 708 3002 id
737 2940 918 3019 significaret
943 2942 1102 3020 septimus,
1131 2939 1211 3017 quod
1234 2948 1262 2999 et
1285 2938 1436 3000 ablativus.
1474 2932 1477 2939 ’

128 3041 234 3103 33133111
256 3044 334 3102 eninr
357 3043 415 3103 hoc
438 3042 590 3111 dixerunt,
613 3044 643 3103 id
665 3044 832 3121 significare
854 3040 1026 3113 ablativum,
1051 3041 1127 3122 quod
1152 3052 1182 3103 et
1202 3044 1371 3122 septimum.
1410 3051 1439 3102 et

157 3160 184 3203 re
204 3162 268 3204 vera
294 3152 367 3205 snut
393 3144 589 3215 elocutiones,
614 3144 665 3206 nbi
686 3144 799 3206 similes
821 3154 891 3206 sunt
912 3144 983 3215 sibi,
1007 3154 1038 3206 ut
1060 3144 1176 3206 doctior
1198 3143 1248 3205 illo
1272 3152 1300 3203 et
1323 3143 1436 3205 doctior

157 3244 267 3307 abillo:
291 3248 371 3307 idem
394 3256 439 3309 est
461 3247 616 3316 ablativus,
640 3247 719 3325 quod
742 3255 772 3307 et
793 3249 946 3326 septimus.
981 3248 1033 3307 sed
1055 3256 1154 3308 tamen
1178 3248 1254 3307 scire
1277 3246 1368 3313 debes
1390 3248 1435 3307 in·

155 3350 236 3408 veniri
257 3349 370 3428 aliquas
392 3351 583 3418 elocutiones,
607 3352 638 3409 in
660 3348 770 3427 quibos
792 3348 1008 3410 elocutionibus
1031 3356 1159 3410 mutatur
1181 3350 1235 3409 ista
1259 3348 1432 3409 dillcrentia.

155 3467 212 3510 nam
233 3469 320 3532 saepe
343 3451 421 3512 aliud
445 3452 590 3530 significat
612 3452 770 3521 ablativus,
795 3450 874 3513 aliud
898 3454 1054 3531 septimus,
1079 3458 1172 3511 otest
1194 3449 1434 3528 ‘illopraesentc

129 3555 286 3633 usnscepi'.
331 3572 399 3614 nam
429 3554 496 3614 ‘illo
523 3560 681 3634 praesente
707 3556 840 3633 suscepi'
870 3554 989 3631 quando
1018 3552 1097 3623 dico,
1122 3555 1207 3613 tertia
1230 3571 1358 3633 persona
1381 3561 1434 3623 est,

157 3653 242 3715 idest
267 3656 401 3735 ‘suscepi
430 3673 485 3734 ego
512 3655 550 3716 ab
577 3657 633 3715 isto
654 3654 706 3715 illo
727 3662 913 3736 praesentc'.
959 3654 1076 3736 quando
1099 3663 1197 3717 autem
1220 3656 1287 3716 dico
1310 3654 1436 3718 ‘abillo

157 3764 299 3833 praesente
321 3760 467 3837 suscepi'‚
496 3756 571 3818 duae
600 3776 748 3837 personae
774 3758 991 3837 significantur,
1022 3760 1083 3837 ipsa
1113 3776 1187 3836 qnae
1210 3757 1291 3819 dedit
1319 3760 1436 3837 etipsa

158 3872 222 3934 qnae
241 3862 379 3940 suscepit.
1430 3936 1433 3946 Ι

228 3961 303 4023 Sunt
335 3970 432 4022 autem
461 3962 575 4026 lormae
603 3962 750 4025 casuales:
780 3964 837 4023 lroc
870 3964 949 4041 quod
982 3964 1054 4024 dicit
1086 3964 1247 4047 adsumpsit
1277 3962 1333 4024 sibi
1365 3982 1434 4043 pro·
1449 3978 1509 4039 433,
1523 3978 1555 4027 ae

131 4068 212 4139 apter
232 4063 462 4125 declinationum
483 4066 663 4127 varietatem.
709 4066 947 4128 accommodatae
969 4074 1036 4127 sunt
1058 4065 1193 4127 casuales
1215 4066 1336 4134 formae.
1362 4084 1435 4144 quo-

158 4166 222 4225 niam
242 4169 425 4227 invenimus
440 4169 611 4229 varietatem
633 4169 664 4227 in
687 4167 814 4230 casibus.
851 4168 1011 4249 aliquando
1031 4169 1196 4229 invenimus
1218 4176 1389 4249 monoptota
1417 4195 1436 4231 v

158 4265 298 4346 aliqnando
319 4270 351 4328 in
375 4277 525 4346 quattuor.
570 4270 626 4330 hae
649 4279 747 4332 autem
771 4270 955 4331 differentiae
979 4289 1038 4333 non
1059 4270 1095 4331 ad
1119 4270 1346 4360 declinationem
1368 4290 1436 4351 per·

215 4506 508 4565 tntummodo
598 4510 678 4559 5sed
697 4510 845 4577 peripsum
864 4510 952 4561 ABG
1034 4510 1129 4563 Sdicti
1151 4527 1197 4561 om.
1217 4510 1255 4571 B,
1274 4510 1367 4561 actuo

160 4576 185 4625 lb
198 4578 330 4642 singularis
347 4578 424 4629 eea
442 4580 468 4626 io
492 4579 618 4643 singulari
637 4581 661 4629 A
734 4580 766 4631 16
784 4580 869 4630 cilicio
892 4580 996 4631 ablatiui
1015 4581 1040 4630 A
1047 4582 1093 4632 Be
1111 4581 1194 4631 olllcio
1210 4582 1254 4646 pl'i
1278 4581 1299 4629 Ο
1369 4580 1437 4632 11333

159 4647 863 4701 13113133(131113113311311333113111333ΑΒΟ
949 4650 982 4701 ’23
1002 4650 1114 4701 cilicium
1135 4655 1157 4699 A
1248 4651 1438 4701 ’1713113111113

159 4716 257 4766 inuenire
274 4718 359 4768 ABG
412 4719 445 4769 29
463 4729 490 4769 ut
507 4728 545 4769 est
563 4719 607 4769 illo
626 4730 759 4785 praesente
777 4722 878 4784 suscepi
899 4721 1026 4770 ablutiuus
1047 4731 1149 4771 estnon
1169 4732 1251 4771 tamen
1271 4720 1319 4770 1133
1338 4731 1376 4771 est
1394 4722 1437 4773 illo

159 4796 275 4848 praesente
292 4788 391 4853 suscipi
414 4803 472 4837 nam
491 4790 514 4837 A
602 4790 634 4841 31
655 4793 757 4853 quaudo
779 4799 864 4840 erstem
883 4790 941 4840 dico
961 4791 1051 4841 abillo
1068 4800 1203 4856 praesente
1221 4807 1266 4841 om.
1287 4792 1319 4851 A,
1339 4792 1399 4841 odd.
1421 4810 1437 4843 a

215 4856 245 4906 35
263 4858 467 4908 accommodatse
481 4868 539 4907 sunt
556 4861 670 4908 casuales
688 4870 747 4909 snrrt
762 4859 860 4910 formae
877 4862 900 4909 A
971 4861 1005 4911 36
1021 4870 1080 4924 post
1098 4871 1245 4928 monoptota
1262 4863 1377 4927 reliquae
1393 4864 1437 4912 de-

160 4926 300 4978 clinationem
313 4928 459 4990 uarietates,
476 4937 503 4979 ut
519 4932 627 4995 videtur,
646 4931 771 4981 indicatae
786 4938 811 4981 et
828 4933 945 4989 definitus
958 4932 1070 4995 suerunt.
1098 4934 1184 5000 itaque
1202 4934 1315 4982 quenum
1328 4934 1437 4987 induant
