3525 5600
329 1652 479 1721 Cledonii
500 1663 604 1719 artem
625 1651 768 1740 primum
790 1650 898 1718 edidit
912 1649 1086 1720 Putschius
1110 1658 1168 1717 ‘ex
1190 1649 1274 1718 libro
1295 1649 1342 1718 Ol.
1359 1651 1422 1718 viri
1436 1651 1537 1718 Fran-

245 1756 326 1822 cisci
346 1756 504 1838 Pithoei',
527 1765 565 1821 ut
586 1755 703 1821 scribit
723 1753 758 1818 in
779 1754 889 1818 indice
912 1755 1105 1841 scriptorum
1127 1753 1325 1840 praelationi
1346 1755 1381 1818 in
1402 1777 1537 1840 gramm.

244 1858 303 1924 lat.
326 1867 413 1923 auct.
435 1866 503 1922 ant.
525 1857 683 1924 subiecta.
713 1855 842 1921 Pithoei
864 1866 971 1921 autem
995 1856 1100 1923 codex
1122 1866 1237 1942 postea
1257 1857 1292 1921 in
1305 1853 1539 1922 bibliothecam

245 1961 443 2026 Beruensem
458 1959 635 2025 translatus
650 1981 737 2024 nunc
751 1960 837 2024 inter
851 1957 954 2024 libros
969 1980 1067 2023 manu
1083 1959 1222 2044 scriptos
1237 1959 1306 2023 eiua
1322 1957 1540 2023 bibliothecae

245 2073 297 2127 est
317 2084 348 2126 n.
364 2061 438 2127 380.
462 2062 604 2147 scriptus
627 2073 678 2126 est
699 2060 818 2126 littoris
840 2059 1044 2142 uncialibus,
1067 2082 1148 2147 quas
1170 2059 1278 2126 dicere
1299 2061 1538 2136 consuevimus,

246 2163 394 2246 saeculo,
416 2173 454 2228 ut
474 2163 555 2227 mihi
569 2162 678 2228 visum
702 2173 766 2244 cst,
790 2171 903 2245 sexto,
925 2171 962 2227 ut
983 2164 1016 2226 in
1039 2161 1168 2226 Sinneri
1190 2161 1341 2248 catalogo
1364 2162 1436 2228 cod.
1458 2159 1539 2228 bibl.

245 2266 342 2330 Bern.
365 2264 384 2329 Ι
404 2288 437 2352 p.
459 2265 523 2329 342
544 2265 725 2330 indicatum
747 2274 812 2337 est,
842 2265 998 2352 septimo,
1028 2263 1063 2327 in
1085 2263 1285 2330 membranis
1308 2253 1434 2330 formae
1462 2286 1539 2352 qua-

245 2369 359 2433 dratae
372 2367 508 2432 minoris
519 2389 655 2433 numero
666 2376 798 2432 centurn
808 2377 841 2431 et
853 2368 1006 2453 quinque.
1032 2375 1161 2431 constat
1172 2369 1256 2430 enim
1269 2366 1539 2452 quaternionibus

245 2468 401 2534 tredecim
412 2467 549 2553 integris
562 2478 693 2554 praeter
704 2469 885 2534 secundum
896 2469 1156 2554 quaternionem,
1169 2468 1261 2532 cuius
1273 2467 1413 2554 primum
1423 2467 1539 2532 folium

246 2569 348 2653 deest,
364 2580 397 2635 et
412 2569 540 2655 duobus
555 2569 644 2636 foliis
661 2594 703 2636 cx
717 2571 809 2637 initio
825 2568 932 2658 quarti
955 2568 1072 2634 docimi
1087 2569 1310 2657 quaternionis
1330 2571 1472 2652 relictis,
1492 2570 1540 2635 ita

244 2682 281 2737 ut
302 2694 362 2736 sex
383 2671 482 2755 folia,
504 2694 588 2760 quae
611 2683 764 2760 quartum
793 2672 956 2738 decimum
979 2672 1225 2759 quaternionem
1248 2668 1463 2760 conplebant,
1485 2667 1539 2737 vel

244 2772 354 2861 plures
377 2775 476 2839 etiam
497 2775 723 2857 membranas,
745 2774 922 2861 inquibus
945 2783 1093 2841 extrema
1114 2795 1191 2861 pars
1214 2773 1291 2841 libri
1313 2775 1437 2862 scripta
1459 2784 1538 2854 erat,

244 2877 279 2939 in
293 2876 359 2941 fine
373 2876 495 2942 codicis
509 2879 629 2964 periise
642 2877 808 2963 adpareat.
831 2877 866 2940 in
881 2875 1019 2963 singulis
1035 2877 1163 2963 paginis
1179 2876 1370 2964 plerumque
1385 2876 1492 2942 viceni
1507 2887 1540 2943 et

246 2978 331 3042 terni
356 3000 472 3043 versus
502 2980 616 3066 scripti
644 2988 720 3043 sunt
746 2976 883 3061 litteris,
912 2979 1011 3044 utin
1038 2978 1099 3044 hoc
1121 3000 1239 3063 genere
1263 2978 1445 3065 scripturae
1467 2978 1540 3043 ficri

246 3079 343 3162 solet,
366 3090 518 3145 accurate
540 3091 574 3145 et
596 3078 778 3168 aequaliter
798 3080 895 3167 pictis
920 3103 1025 3168 neque
1047 3078 1123 3145 ullis
1146 3080 1335 3166 conpendiis
1359 3080 1541 3167 scripturae
1653 3117 1655 3123 .

246 3181 402 3248 adhibitis
425 3193 554 3270 praeter
576 3181 633 3247 illa
654 3182 883 3269 antiquissima
905 3204 1007 3268 eaque
1030 3203 1104 3248 raro
1131 3182 1256 3269 posita,
1284 3194 1305 3245 u
1334 3204 1393 3269 pro
1416 3202 1482 3263 um,
1511 3202 1538 3262 q.

245 3307 305 3371 pro
320 3306 385 3364 que,
403 3290 429 3349 t.
446 3308 505 3372 pro
520 3290 584 3351 dua
610 3284 758 3371 singulae
773 3282 903 3349 litterae
918 3284 950 3347 in
966 3285 1122 3349 continua
1137 3284 1300 3370 scriptura
1315 3285 1456 3350 omissae
1471 3306 1540 3350 sae-

245 3389 318 3473 pius
330 3411 351 3452 a
364 3398 476 3453 vetere
491 3386 626 3452 librario
641 3408 739 3473 super
753 3408 869 3451 versus
881 3384 1070 3471 adscriptae
1085 3396 1177 3469 sunt3
1193 3384 1289 3471 plura
1303 3386 1425 3451 recenti
1441 3408 1540 3450 manu

210 3518 214 3527 ·
246 3498 409 3571 correcta,
432 3488 597 3553 interdum
619 3488 718 3572 ctiam
740 3497 850 3553 vetere
872 3487 1036 3574 scriptura
1056 3487 1089 3551 in
1112 3486 1314 3572 marginibus
1337 3509 1450 3553 umore
1471 3510 1540 3553 cor-

245 3592 329 3655 rosis
360 3589 470 3655 deleta
498 3590 627 3657 litterae
654 3590 841 3673 restitutae,
870 3589 929 3655 sed
957 3598 1024 3655 tam
1052 3588 1135 3654 male
1158 3590 1264 3676 pictae
1288 3599 1378 3673 sunt,
1402 3599 1439 3655 ut
1461 3588 1539 3677 quid

246 3692 405 3779 scriptum
433 3692 534 3757 luerit
561 3714 626 3757 non
653 3702 742 3759 certo
766 3692 937 3779 adpareat.
979 3690 1031 3756 his
1054 3700 1162 3755 autern
1185 3693 1349 3778 exceptis,
1371 3714 1454 3779 quae
1476 3714 1541 3756 non

245 3794 294 3858 ita
322 3791 425 3858 multa
452 3804 546 3875 sunt,
574 3792 709 3881 reliquis
737 3794 817 3859 locis
845 3804 940 3859 vetus
969 3796 1132 3880 scriptura
1160 3794 1241 3858 satis
1270 3802 1361 3859 certa
1388 3804 1422 3859 et
1443 3793 1542 3881 plana

245 3904 308 3960 est.
353 3895 387 3957 in
415 3894 480 3958 f.1
511 3896 635 3982 scripta
663 3907 714 3962 est
742 3894 883 3983 epistula
909 3895 1116 3980 grammatici
1138 3894 1180 3959 ad
1203 3894 1344 3960 amicum
1366 3896 1540 3981 quendam,

246 3998 300 4061 cui
328 3996 448 4061 librum
476 3996 698 4084 inscripserat.
743 3997 801 4061 sed
830 3996 951 4063 detrita
984 3998 1146 4084 scriptura
1178 3998 1213 4061 in
1247 3998 1414 4085 superiore
1446 4008 1541 4084 parte

246 4099 374 4185 primae
394 4100 536 4185 paginae
558 4100 730 4187 inscriptio
753 4098 913 4185 epistulae
936 4121 1009 4163 curn
1032 4100 1147 4186 primis
1170 4100 1321 4163 versibus
1344 4099 1472 4165 duobus
1495 4100 1543 4164 ita

247 4199 359 4264 deleta
385 4210 452 4280 est,
479 4210 517 4265 ut
544 4223 668 4287 paucae
696 4199 826 4265 litterae
854 4200 1049 4287 adpareant,
1083 4224 1163 4289 quas
1191 4223 1257 4265 una
1284 4223 1357 4265 cum
1383 4202 1424 4264 iis
1458 4188 1541 4288 qnae

246 4300 428 4366 recentiore
454 4311 562 4367 aetate
590 4302 706 4367 addita
733 4314 810 4366 sunt
837 4304 871 4366 in
900 4304 1063 4389 scriptura
1090 4302 1211 4368 codicis
1236 4301 1371 4367 editioni
1395 4302 1543 4368 subiecta

246 4402 393 4467 erihibui.
437 4403 504 4466 f.2
537 4404 629 4490 prior
659 4404 780 4491 pagina
812 4402 917 4469 solum
952 4404 1082 4470 titulum
1109 4403 1184 4469 libri
1214 4427 1234 4468 a
1261 4414 1373 4468 vetere
1406 4402 1542 4470 librario

247 4504 407 4591 scriptum
428 4505 588 4588 eontinet,
612 4510 695 4571 ARS
712 4511 911 4571 CLEDONII
931 4510 1100 4571 ROMANI
1117 4510 1352 4570 SENATORIS
1372 4510 1542 4571 COSTAN·

248 4610 549 4671 TINOPOLITANI
570 4613 855 4680 annuamus·
881 4606 1007 4673 recenti
1036 4630 1135 4673 manu
1164 4608 1384 4694 subscriptum
1411 4619 1461 4674 est
1489 4614 1544 4673 AI)

247 4714 396 4773 FIDUM.
418 4708 495 4773 inde
510 4711 552 4776 ab
567 4708 672 4775 altera
686 4713 807 4797 pagina
826 4712 897 4798 ipse
917 4710 1002 4775 libor
1017 4712 1158 4798 scriptus
1182 4720 1232 4775 est
1254 4734 1341 4776 nova
1363 4710 1476 4776 addita
1495 4711 1542 4774 in-

247 4812 437 4894 scriptione,
453 4816 715 4877 arrrnurrro
733 4816 1262 4895 T0r1u55.4urrso(›rrscm
1279 4819 1341 4877 ar
1349 4804 1547 4877 oschesis

251 4917 256 5005 1
279 4918 366 4977 CUM
384 4917 562 4978 CETERIS
583 4923 589 4992 1
614 4920 674 4979 DE
690 4920 901 4980 hammus
924 4918 1149 4979 OBATlOerS
1165 4914 1254 4999 (ante
1277 4922 1457 4996 explanatio
1481 4912 1545 4979 alia

1299 5019 1341 5081 qr-
