3525 5600
349 401 411 468 354
889 405 1090 469 consuunt

375 528 396 568 p.
411 515 469 556 2036.
483 515 508 554 at
522 513 544 556 Ρ.

349 603 416 657 nata
452 595 662 674 respondeant,
697 607 783 674 quma
817 594 992 656 lnevissime
1032 595 1221 655 disseremus.
1270 614 1472 675 «quaecumque
1510 600 1608 661 nonina

350 698 477 758 ablativo
499 716 568 757 ease
590 698 734 775 singulari
757 719 772 758 a
796 699 894 759 littera
917 700 1029 758 luerint
1052 700 1222 766 terminata,
1247 699 1410 774 genitivum
1432 698 1567 776 pluralem
1585 704 1608 761 in

350 819 415 861 rum
442 801 576 868 mittent,
607 799 736 860 dativum
766 808 794 860 et
823 800 984 860 ablativum
1013 802 1043 859 in
1072 801 1097 859 is
1125 798 1267 878 syllabam
1296 801 1434 868 mittunt,
1462 808 1494 859 ut
1515 799 1547 859 alt
1565 802 1608 862 bae

348 901 429 962 Musa
456 903 560 961 lterum
588 901 738 962 Musarum
772 903 817 963 bis
846 911 875 962 et
903 902 940 962 ab
967 903 1014 962 bis
1042 901 1143 961 lllusis.
1188 919 1263 980 qnae
1296 901 1398 978 regula
1428 905 1610 980 exceptionem

349 1011 446 1064 tamen
476 1006 583 1082 recipit
610 1006 640 1064 in
669 1005 716 1065 bis
744 1004 929 1073 nominibus,
960 1007 991 1064 in
1019 1003 1128 1082 quibus
1155 1002 1333 1080 ambiguitas
1357 1003 1549 1063 discernenda
1567 1015 1628 1065 ests

348 1125 416 1168 nant
444 1107 574 1166 dativum
603 1113 632 1166 et
660 1106 819 1192 ablativum
843 1125 901 1166 nen
923 1109 954 1167 in
978 1109 1017 1174 is,
1041 1106 1147 1165 sedin
1170 1103 1225 1165 bus
1248 1108 1329 1165 exire
1358 1109 1520 1166 necessitas
1539 1111 1610 1184 cogit,
1712 1094 1714 1239 q

348 1215 381 1268 ut
402 1208 455 1268 dea
478 1208 538 1268 lilia
566 1208 677 1268 deabus
706 1208 835 1276 filiabus,
860 1228 897 1268 nc
920 1209 1005 1277 decvs,
1028 1228 1086 1268 non
1109 1208 1178 1267 deas
1201 1209 1368 1284 significare
1391 1207 1548 1267 videamur.
1584 1228 1610 1268 ee

348 1330 464 1390 quoqne
486 1312 605 1370 neruine
628 1328 702 1389 (quae
726 1309 853 1370 ablativo
874 1330 944 1371 casu
966 1311 1109 1388 singulari
1130 1331 1147 1368 o
1171 1311 1269 1371 littera
1290 1313 1491 1370 terminantur
1517 1311 1611 1383 simili·
1712 1270 1714 1393 l

348 1412 480 1473 tudinem
503 1412 623 1488 regulae
650 1411 786 1471 obtinent
814 1432 879 1472 cunt
909 1417 1073 1491 superiore.
1118 1431 1185 1472 nam
1208 1419 1239 1471 et
1261 1414 1323 1492 ipsa
1347 1415 1511 1489 genitivum
1530 1413 1611 1490 plura·

349 1517 406 1577 lem
436 1517 466 1575 in
494 1532 577 1584 rum,
607 1513 735 1575 dativum
764 1521 794 1573 et
821 1514 981 1575 ablativum
1009 1517 1040 1574 in
1070 1517 1096 1574 is
1123 1513 1267 1593 syllabam
1296 1517 1432 1584 mittunt,
1462 1522 1495 1574 ut
1515 1513 1548 1574 ab
1568 1515 1612 1573 teo
1623 1527 1640 1564 10

348 1619 491 1694 magistre
516 1616 623 1676 berum
651 1618 859 1694 magistrorum
887 1617 933 1676 his
956 1624 986 1676 et
1008 1616 1044 1677 ab
1067 1617 1113 1676 bis
1136 1618 1295 1693 magistris.
1340 1635 1417 1694 qnae
1446 1624 1477 1675 et
1498 1619 1556 1694 ipsa
1575 1635 1611 1674 re·

349 1719 415 1796 gula
439 1721 641 1797 exceptionem
664 1719 847 1797 (quorundam
864 1720 1015 1778 neminum
1031 1721 1152 1797 recipit,
1176 1737 1250 1798 quem
1266 1718 1397 1777 dativnrn
1420 1726 1450 1777 et
1472 1717 1613 1778 ablativum

349 1821 492 1899 pluralem
515 1839 574 1879 nen
597 1822 627 1879 in
651 1823 695 1889 is,
719 1823 796 1880 sicut
818 1821 959 1889 diximus,
984 1821 1035 1880 sed
1060 1822 1090 1879 in
1114 1819 1169 1879 bns
1191 1823 1326 1888 mittunt,
1350 1829 1383 1879 ut
1406 1819 1443 1879 ab
1459 1820 1511 1880 bec
1533 1820 1613 1882 derne.

350 1921 385 1982 alt
407 1921 463 1982 hec
487 1924 603 1999 iugero,
627 1921 764 1982 domibus
786 1922 949 2000 iugeribus.
993 1941 1069 2002 quae
1095 1929 1193 1982 ternen
1217 1925 1343 1982 varietas
1366 1923 1567 1983 declinationis
1586 1942 1614 1981 ex

349 2026 523 2085 auctoritate
547 2031 679 2085 veterum
708 2033 807 2085 exerta
837 2033 891 2084 est.
937 2025 981 2084 illi
1009 2026 1090 2084 enim
1117 2023 1276 2083 ablativum
1300 2032 1329 2084 et
1352 2024 1390 2083 ab
1412 2025 1467 2083 hac
1490 2024 1573 2084 tlernn
1591 2033 1643 2082 ott-'1

349 2125 386 2185 ab
409 2127 465 2186 bec
488 2128 590 2203 ingere
614 2125 816 2195 declinabant,
840 2147 928 2206 «quarn
950 2127 1179 2187 declinationem
1202 2134 1302 2186 secuta
1325 2134 1370 2185 est
1393 2129 1477 2194 ratio,
1501 2134 1531 2186 ut
1552 2125 1615 2185 dati·

349 2246 401 2287 vus
424 2236 454 2287 et
476 2227 621 2288 ablativus
650 2228 773 2307 pluralis
796 2231 827 2288 in
857 2228 911 2290 bus
940 2231 1146 2289 terminentur.
1192 2229 1243 2287 sed
1272 2228 1433 2307 etqthonia,
1461 2247 1533 2307 equae
1559 2228 1617 2306 plns

349 2333 380 2389 in
403 2329 524 2389 vecibus
546 2331 623 2390 valet
645 2348 735 2405 quate
757 2333 881 2406 reputa,
911 2335 943 2391 in
965 2331 1072 2410 plurali
1096 2349 1220 2391 numere
1242 2333 1393 2409 antiquam
1416 2333 1557 2390 rationem
1577 2348 1617 2388 re·

347 2433 436 2499 tinet,
465 2450 533 2491 cum
561 2430 788 2494 declinationem
817 2432 937 2493 ablativi
966 2433 1126 2510 singularis
1154 2432 1307 2492 abiecerit.
1352 2451 1386 2492 ea
1415 2451 1484 2491 vere
1510 2433 1617 2490 nemina

348 2551 422 2613 equae
445 2532 571 2594 ablativo
593 2553 667 2595 costr
686 2535 832 2612 singulari
856 2555 871 2592 e
895 2536 994 2595 littera
1017 2537 1213 2595 terminantur
1236 2535 1385 2614 duplicent
1407 2535 1527 2594 iermam
1549 2533 1648 2591 ‹tint-a

347 2643 427 2694 ttettt.
473 2649 539 2694 natn
568 2639 592 2696 si
621 2636 763 2715 preducta
792 2657 807 2694 e
836 2637 936 2697 littera
958 2637 1070 2697 luerint
1092 2641 1270 2705 terminante,
1295 2640 1325 2696 in
1349 2655 1415 2695 rum
1439 2639 1554 2696 initient
1573 2653 1617 2710 ge·

348 2722 471 2796 nltivum
495 2735 653 2816 pluralem,
677 2739 807 2798 dativum
829 2745 859 2798 ct
880 2738 1041 2801 ablativum
1064 2741 1093 2798 in
1118 2739 1187 2808 late,
1212 2745 1243 2797 nt
1266 2737 1303 2797 ab
1326 2738 1380 2798 bae
1403 2739 1503 2816 specie
1522 2735 1617 2795 barem
1644 2806 1654 2820 .

347 2841 513 2917 specierum
541 2840 588 2899 his
616 2849 645 2900 ct
668 2840 704 2901 ab
726 2840 772 2901 bis
795 2840 968 2919 speciebus;
996 2860 1071 2919 qnae
1094 2842 1195 2917 vegula
1217 2843 1337 2917 generis
1359 2848 1472 2900 tantum
1494 2840 1620 2899 feminini

346 2941 464 3001 (licitur.
510 2941 587 3020 (qnod
610 2944 637 3002 si
665 2962 680 3001 e
704 2950 839 3021 correpta
862 2943 991 3003 ablativo
1018 2943 1161 3020 singulari
1185 2946 1304 3003 nentina
1326 2944 1439 3001 luerint
1460 2943 1619 3002 terminata

346 3042 418 3102 haec
445 3044 607 3120 genitivum
635 3044 778 3122 pluralem
807 3047 838 3105 in
866 3064 930 3113 tvm,
959 3046 1088 3105 ‹letivum
1117 3053 1145 3104 et
1168 3044 1328 3105 ablativum
1350 3046 1381 3103 in
1405 3043 1459 3103 bus
1482 3041 1650 3121 spitameta

346 3146 481 3212 eribant,
516 3151 548 3204 ut
581 3146 617 3204 ab
645 3146 700 3205 bec
728 3148 842 3225 pariete
874 3146 978 3206 berum
1007 3149 1154 3225 parietum
1181 3146 1229 3206 his
1257 3154 1287 3205 et
1313 3146 1350 3206 ab
1378 3146 1425 3205 lris
1452 3143 1619 3223 parietibus.

346 3265 422 3325 quae
450 3246 552 3323 tegula
581 3250 610 3307 in
639 3246 817 3326 qnilnrsdanr
851 3249 1021 3309 nttrrtinibns
1055 3249 1265 3308 discretionem
1293 3250 1415 3326 recipit,
1450 3256 1482 3306 ut
1507 3246 1544 3305 ab
1571 3244 1621 3303 hor

346 3366 428 3416 vase,
463 3350 626 3425 genitivum
662 3349 805 3428 pluraletn
837 3350 942 3410 lrorunr
975 3370 1110 3410 vasorum
1138 3351 1223 3419 lecit,
1255 3349 1385 3409 dativum
1413 3358 1443 3408 et
1470 3347 1621 3408 ablativum
1712 3318 1714 3416 l

346 3451 434 3509 vasis.
479 3450 530 3509 sed
558 3458 587 3509 et
615 3450 663 3510 bie
692 3452 858 3530 erqtlreniae
892 3455 968 3512 ratio
1001 3454 1173 3512 varietatem
1206 3451 1325 3528 regulae
1359 3450 1468 3511 attulit.
1511 3456 1622 3507 veteres
1712 3457 1714 3511 ἑ

347 3552 427 3611 enirn
455 3550 614 3611 ablativum
642 3552 822 3629 singularem
853 3553 890 3613 ab
918 3554 973 3613 boe
1000 3573 1083 3621 vaso,
1113 3572 1171 3613 tren
1199 3552 1236 3613 ab
1258 3552 1312 3611 lroe
1336 3570 1404 3612 vase
1427 3550 1654 3612 declinabantto
1712 3570 1714 3582 ·

347 3671 550 3731 quaeruntque
579 3654 697 3713 nomina
726 3646 854 3715 ablative'
882 3675 952 3715 casn
980 3655 1123 3731 singulari
1151 3674 1170 3713 n
1199 3654 1297 3715 littera
1324 3655 1439 3714 luerint
1460 3654 1621 3717 terminata,
1712 3655 1713 3662 ’

345 3756 507 3831 genitivum
536 3755 682 3833 pluralem
708 3759 854 3833 getninata
878 3777 898 3816 n
925 3758 1023 3817 littera
1046 3759 1076 3816 in
1099 3776 1182 3824 uum,
1207 3755 1337 3815 dativum
1359 3764 1390 3815 et
1411 3742 1571 3816 ablativum
1592 3754 1622 3810 in
1712 3741 1714 3772 ¹

347 3856 402 3915 bns
429 3859 563 3925 mittunt,
593 3865 624 3917 nt
653 3857 689 3917 ab
717 3858 772 3917 hec
800 3858 891 3919 llectn
918 3859 1024 3917 ltornnr
1051 3858 1193 3918 llrtrtrutnt
1222 3858 1269 3918 bis
1296 3866 1326 3916 et
1348 3856 1385 3917 ab
1408 3858 1454 3917 his
1477 3853 1623 3914 llnetilnrs.
1712 3851 1714 3866 '

346 3959 378 4017 in
400 3956 453 4016 hac
476 3967 572 4017 eutem
596 3960 697 4035 regula
719 3960 853 4039 plerique
877 3962 1083 4039 antiquitatem
1111 3962 1195 4038 sequi
1219 3961 1424 4027 aestimantes,
1455 3976 1472 4015 u
1495 3957 1626 4015 litteram
1712 3953 1714 3968 '

416 4110 448 4159 12
467 4109 604 4160 ablationm
623 4112 732 4161 nominis
751 4110 794 4178 plt‘t
814 4110 894 4175 (corn.
913 4113 958 4177 plit
975 4110 1097 4175 nominis)
1116 4113 1182 4161 sicut
1200 4110 1311 4159 diximus
1328 4125 1377 4160 nen
1391 4111 1417 4159 in
1431 4108 1511 4159 isset
1535 4106 1568 4156 M

347 4180 378 4230 lt
399 4180 508 4229 uarietas
531 4196 562 4229 ex
584 4182 730 4231 anctoritate
754 4190 866 4231 ueterum
891 4182 1066 4231 declinationis
1083 4190 1169 4231 exorta
1186 4190 1224 4229 est
1238 4179 1329 4230 BML
1414 4178 1447 4229 tt
1466 4174 1627 4226 caloniaeL

414 4249 447 4300 18
465 4248 531 4298 ualet
546 4249 591 4315 plir
604 4250 788 4317 (superscripto
801 4251 832 4314 li)
851 4266 982 4301 tremerem
994 4252 1123 4314 antiquam
1138 4251 1259 4299 rationem
1273 4248 1307 4297 M
1320 4250 1388 4297 ualet
1406 4248 1508 4313 pluralis
1528 4246 1628 4294 numeri

346 4318 474 4381 antiquam
494 4320 616 4369 rationem
635 4320 658 4369 L
677 4320 743 4369 nolet
762 4320 867 4385 pluralis
886 4323 984 4370 numeri
1007 4322 1134 4382 antiquam
1153 4320 1347 4368 declinationem
1366 4319 1392 4367 B
1410 4319 1483 4369 ualet.
1502 4316 1626 4381 pluralem

346 4404 476 4437 numeram
495 4390 599 4451 antiqua
617 4392 713 4439 ratione
729 4390 868 4440 Sicderdas
944 4388 979 4439 20
995 4406 1054 4439 casu
1077 4405 1122 4443 em,
1141 4388 1236 4439 BML
1310 4385 1435 4450 obtinent]
1454 4387 1549 4435 babent
1566 4384 1629 4433 ML

414 4459 445 4509 21
465 4474 522 4507 nant
543 4460 565 4508 si
585 4460 706 4525 preducta
725 4474 738 4507 e
761 4460 843 4508 littera
862 4460 956 4509 luerint
975 4462 999 4509 in
1018 4474 1073 4507 rum
1092 4461 1192 4509 mittent
1208 4458 1232 4506 L
1250 4474 1307 4508 nam
1327 4459 1348 4505 si
1372 4456 1491 4521 preducta
1507 4471 1524 4503 e
1545 4454 1629 4502 littera

346 4528 420 4578 inerit
438 4530 463 4577 in
483 4543 537 4577 rum
558 4530 630 4577 mittit
645 4530 679 4581 M
694 4542 749 4577 nam
769 4532 793 4581 ai
814 4530 938 4594 producta
956 4539 993 4579 est
1011 4546 1025 4578 e
1045 4530 1127 4579 littere
1146 4530 1170 4577 in
1189 4544 1244 4577 rum
1264 4528 1340 4578 mittit
1355 4526 1382 4574 B
1449 4527 1482 4575 22
1495 4525 1589 4589 specie
1606 4531 1631 4572 et

345 4598 442 4661 reliqua
458 4612 521 4661 quae
537 4599 589 4648 BL
677 4598 711 4649 24
731 4599 842 4649 ablatiue
859 4600 983 4665 singulari
1004 4600 1105 4648 nomina
1123 4614 1169 4650 om.
1188 4599 1243 4648 BL
1329 4596 1364 4647 28
1380 4610 1454 4645 nasse
1468 4594 1546 4644 ML:
1569 4610 1630 4642 nasa

345 4667 407 4716 baec
424 4668 565 4732 genitiuum
583 4668 609 4717 B
678 4683 810 4718 uassorum
831 4668 853 4717 L
872 4683 991 4719 usserunt
1011 4684 1079 4723 ceta,
1099 4684 1231 4717 noseorum
1250 4669 1282 4717 M
1348 4664 1384 4717 29
1399 4664 1584 4725 ιιιειίεΜΔ,

345 4736 391 4784 sed
409 4746 433 4785 et
448 4736 488 4785 hic
507 4738 582 4786 etiam
600 4737 741 4801 euphoniae
756 4739 838 4788 Bscd
854 4737 955 4787 ethaeo
973 4737 1061 4787 eadem
1078 4739 1220 4803 euphoniae
1238 4738 1260 4786 L
1311 4736 1346 4786 30
1363 4737 1429 4785 enim
1445 4743 1469 4783 et
1483 4734 1632 4783 abiaticum

347 4806 378 4854 M
445 4805 476 4853 ab
498 4805 545 4855 hoe
565 4821 641 4856 nasse
661 4822 710 4856 ιιοιι
732 4808 763 4855 ab
782 4807 829 4856 bec
848 4824 924 4857 erasse
942 4809 1002 4857 ML
1071 4808 1107 4859 at
1124 4816 1208 4859 autem
1226 4824 1272 4859 em.
1291 4806 1316 4857 B
1385 4806 1494 4870 plerique
1512 4818 1546 4851 se
1565 4804 1632 4853 anti-

347 4875 465 4936 quitatem
484 4876 644 4925 aestimantes
663 4877 735 4939 sequi
753 4876 784 4926 M
799 4878 914 4943 plerique
932 4892 960 4927 se
979 4879 1152 4941 antiquitatem
1169 4879 1242 4941 sequi
1261 4878 1414 4928 destinantes
1431 4872 1578 4924 Stctardas
