3525 5600
377 352 440 418 514
922 353 1123 416 lvcvsrllu

408 465 501 517 p.2⁰0³.
518 463 581 506 ΜΡ.
685 450 689 461 ’

378 563 444 606 cum
467 564 482 603 r
503 545 603 605 littera
619 545 784 604 enuntiare.
822 551 915 604 restat
930 542 1054 604 verbum
1076 542 1243 622 deponens,
1265 543 1345 622 quod
1365 542 1435 604 ideo
1457 542 1569 613 dicitur,
1587 549 1640 624 qua

378 630 499 709 deponit
521 629 632 709 aliquid
655 628 692 689 de
714 629 877 710 quantitate
900 630 1067 689 communis
1081 627 1177 689 verbi.
1220 646 1288 689 nam
1310 646 1379 688 cum
1400 630 1555 708 participia
1574 639 1640 708 quat·

377 722 445 776 tuor
466 714 574 775 babeat
597 713 719 775 verbum
742 719 912 784 commune,
937 730 1078 794 praesens
1092 715 1273 778 criminans.
1296 714 1430 774 futurum
1445 715 1641 785 criminatunu,

376 801 571 880 praeteritum
592 800 781 870 criminatus,
804 801 938 861 futurum
960 817 977 859 a
998 801 1113 879 passiva
1135 799 1351 876 signilicatione
1370 798 1581 869 criminandus,
1599 800 1642 860 boc

377 903 436 945 non
457 883 548 945 habet
570 881 693 945 verbum
716 884 867 965 deponens
889 892 919 946 ct
940 883 1008 944 ideo
1027 885 1138 946 dicitur
1158 883 1321 963 deponens,
1344 886 1414 965 quia
1435 883 1553 963 deponit
1570 903 1661 948 nnuma

376 971 568 1050 participium
596 969 690 1030 luturi
717 971 861 1050 temporis
883 989 900 1030 a
922 969 1013 1030 verbo
1034 971 1166 1050 passivo,
1189 970 1267 1048 quod
1295 971 1357 1030 exit
1383 971 1415 1029 in
1437 969 1493 1030 dus
1512 969 1641 1048 syllabam.

377 1063 410 1116 ut
436 1062 506 1134 puta
528 1056 634 1135 opinor
657 1053 703 1116 vel
726 1057 822 1116 minor
844 1055 936 1116 verba
958 1062 1027 1116 sunt
1047 1054 1240 1134 deponentia:
1270 1057 1389 1116 venitur
1412 1055 1449 1116 ad
1475 1055 1644 1134 participium

376 1141 543 1218 praesentis
565 1142 722 1219 temporis,
747 1146 776 1201 ct
790 1140 863 1202 lacit
877 1142 1009 1209 minans,
1033 1141 1133 1201 luturo
1148 1148 1282 1219 tempore
1297 1140 1366 1200 lacit
1382 1140 1554 1209 minaturus,
1574 1158 1642 1218 prae·

375 1227 466 1286 terito
492 1225 564 1284 lacit
592 1226 734 1296 minatus;
764 1226 864 1286 luturo
893 1244 909 1285 a
937 1225 1151 1303 significatione
1180 1227 1297 1305 passiva
1318 1243 1378 1284 non
1405 1225 1479 1285 lacit
1499 1225 1641 1285 minandm.

375 1313 419 1372 sic
441 1311 565 1390 opinans
587 1311 761 1390 opinaturus
783 1313 934 1391 opinatuS,
957 1311 1125 1390 opinandus
1145 1329 1204 1371 non
1226 1304 1314 1380 lacil;
1336 1309 1384 1370 rel
1398 1311 1425 1370 si
1440 1309 1520 1370 dicas
1532 1312 1666 1372 moriensi

376 1395 537 1456 moriturus
559 1402 709 1462 mortuus,
739 1414 797 1457 non
819 1397 891 1457 lacit
912 1395 1098 1465 moriendus,
1125 1397 1195 1477 quia
1215 1395 1342 1456 latinum
1364 1413 1424 1455 nou
1446 1402 1501 1455 est.
1542 1404 1640 1472 ergoet

375 1480 431 1540 boc
453 1479 605 1560 deponens
627 1479 750 1542 verbum
772 1483 816 1542 sic
838 1482 934 1541 currit
960 1499 1015 1560 per
1041 1481 1144 1542 modos
1164 1488 1196 1541 et
1217 1489 1350 1559 tempora
1372 1488 1403 1540 et
1423 1497 1572 1559 personas,
1596 1499 1641 1559 quo

375 1564 463 1626 modo
486 1583 574 1645 supra
604 1565 717 1626 dictum
739 1574 798 1627 est:
826 1574 859 1626 ut
881 1584 1037 1627 commune
1059 1565 1184 1626 verbum
1204 1584 1264 1627 non
1286 1563 1420 1644 deposita
1443 1583 1459 1624 r
1479 1564 1572 1625 littera
1589 1565 1640 1625 lati·

376 1669 446 1710 num
470 1657 528 1720 est,
553 1651 688 1729 deposita
711 1659 810 1712 autem
830 1651 954 1712 latinum
977 1658 1111 1720 nonest,
1134 1653 1178 1712 sie
1193 1653 1284 1712 etiam
1300 1649 1493 1730 deponentia,
1515 1668 1575 1710 cum
1587 1669 1640 1729 per·

375 1734 507 1796 diderint
533 1754 549 1794 r
576 1737 720 1806 litteram,
749 1736 840 1796 latina
869 1755 928 1797 non
956 1744 1035 1797 sunt.
1084 1737 1200 1798 subicio
1227 1738 1328 1815 itaque
1356 1753 1436 1796 nunc
1462 1753 1551 1815 pauca
1569 1735 1666 1795 rerbau

376 1821 567 1900 deponentia,
591 1829 689 1882 cetera
713 1839 783 1882 usus
805 1821 914 1882 latinus
937 1821 1066 1882 docebit.
1111 1828 1180 1881 sunt
1202 1829 1301 1882 autem
1321 1822 1415 1894 hoec,
1443 1821 1545 1899 opinor
1564 1821 1640 1880 minor

375 1913 477 1982 grator
504 1906 635 1983 gratulor
662 1904 793 1966 arbitror
825 1907 975 1984 gratificor
1008 1909 1146 1985 auspicor
1173 1908 1322 1966 misereor
1354 1906 1506 1966 lenocinor
1535 1906 1640 1965 meditor

376 1991 471 2052 luctor
492 2006 583 2050 conor
605 1991 751 2066 sullragor
772 2009 876 2052 vescor
898 1991 990 2052 laetor
1012 1993 1127 2052 morior
1147 1991 1316 2052 stomachor
1336 1993 1420 2052 orior
1434 1989 1559 2050 bariolor
1571 2008 1639 2067 argu·

377 2083 422 2136 tor
451 2078 585 2154 paciscor
611 2075 782 2156 conplector
804 2076 945 2138 adversor
968 2093 1061 2153 angor
1088 2095 1198 2156 queror
1221 2074 1248 2151 la
1271 2077 1488 2154 significatione
1513 2075 1638 2153 querelae)

375 2162 487 2221 macior
508 2163 669 2221 ratiocinor
692 2168 882 2239 argumentor
905 2161 1040 2222 blandior
1061 2161 1180 2223 labulor
1201 2163 1281 2222 nitor
1303 2160 1387 2222 labor
1409 2159 1436 2238 (a
1451 2161 1666 2238 significationen

375 2244 483 2326 lapsus)
508 2263 596 2324 vagor
610 2247 741 2307 rusticor
756 2248 912 2307 contionor
935 2244 981 2325 [id
996 2246 1091 2307 estad
1106 2247 1248 2326 populum
1263 2244 1382 2326 loquor]
1407 2245 1542 2306 moechor
1555 2246 1640 2305 iurun·

375 2331 430 2391 dor
453 2331 599 2392 roclleror
621 2334 777 2394 nanciscor
802 2329 895 2411 [quod
917 2340 964 2392 est
985 2330 1119 2412 invenio]
1143 2333 1280 2411 suspicor
1301 2340 1332 2391 et
1354 2331 1423 2391 alia.
1466 2331 1539 2390 hoec
1556 2331 1640 2390 memi-

374 2417 471 2485 neris,
494 2416 607 2476 utiam
629 2416 705 2487 dixi,
728 2435 796 2478 curn
818 2435 834 2476 r
856 2416 956 2478 littera
979 2419 1151 2478 enuntiare:
1181 2435 1250 2478 nam
1271 2434 1358 2477 nemo
1376 2415 1451 2476 dicit
1472 2414 1582 2475 blandio
1601 2421 1642 2474 aut

375 2503 503 2581 pacisoo.
547 2503 591 2561 sic
612 2501 686 2562 baec
708 2504 806 2562 omnia
828 2501 1014 2563 declinantur
1035 2501 1071 2562 ad
1088 2506 1091 2579 l
1110 2503 1235 2563 lormam
1256 2501 1466 2562 declinationis
1485 2498 1564 2560 verbi
1577 2517 1640 2558 com·

374 2589 473 2647 munis
495 2586 573 2665 quod
596 2585 671 2656 dixi,
695 2589 847 2648 criminor.
1650 2603 1668 2640 fi

459 2669 661 2733 Tractarimus
684 2689 755 2751 ergo
776 2671 867 2736 rerba
888 2675 998 2742 activa,
1021 2691 1096 2752 qrxae
1117 2673 1257 2734 dicuntur
1272 2671 1309 2733 ab
1324 2669 1454 2749 agendo;
1476 2671 1643 2731 tractavimus

375 2755 536 2827 neutralia,
565 2774 640 2836 quae
669 2757 736 2819 idco
764 2756 822 2819 tale
850 2776 957 2819 nomen
980 2759 1144 2839 accipiunt,
1174 2757 1255 2838 quod
1282 2774 1337 2817 nec
1364 2763 1457 2834 agunt
1478 2755 1580 2836 aliquid
1599 2773 1641 2814 nec

374 2844 542 2922 patiuntur,
572 2850 603 2903 ιιι
631 2841 773 2912 diximus,
803 2851 848 2903 sto
875 2846 958 2905 iaceo
985 2843 1075 2904 scdoo
1101 2842 1179 2905 cubo
1201 2851 1233 2904 et
1257 2842 1330 2912 alia;
1358 2844 1545 2903 tractavimus
1570 2842 1643 2900 etiam

375 2926 433 2989 alia
456 2927 616 2997 neutralia,
645 2946 721 3007 quae
744 2936 833 3005 agunt
856 2928 982 3008 aliquid,
1011 2928 1063 2989 sed
1086 2948 1145 2989 nou
1167 2931 1335 3007 patiuntur,
1359 2935 1388 2990 et
1409 2928 1495 3006 quasi
1515 2927 1643 2987 sentineu·

375 3011 460 3073 tralia
487 3012 644 3083 dicuntur,
674 3020 707 3073 ut
734 3020 802 3073 nato
830 3031 932 3083 curro,
962 3022 1012 3075 aut
1039 3016 1194 3093 patiuntur
1221 3021 1253 3074 et
1277 3031 1336 3073 non
1363 3020 1470 3090 agunt,
1499 3018 1530 3071 ut
1555 3009 1670 3088 capulos

374 3096 490 3177 pendeo
512 3097 586 3159 sudo
608 3097 691 3175 algeo
714 3106 815 3159 aestuo
837 3098 935 3159 lebrio
955 3100 1058 3159 lerreo
1079 3101 1195 3159 somnio
1209 3098 1335 3160 meridio
1350 3099 1436 3174 rigeo
1455 3099 1548 3173 frigeo
1561 3103 1644 3155 tumeo

373 3182 501 3259 langueo
522 3181 588 3243 olco
610 3189 697 3262 tepeo
720 3182 814 3245 rubeo
835 3183 937 3261 lulgeo
958 3192 1064 3264 stupeo
1086 3190 1116 3244 et
1138 3184 1205 3247 alia.
1232 3183 1349 3244 iubis
1371 3181 1526 3249 omnibus,
1547 3188 1602 3243 tam
1620 3181 1644 3237 iu

375 3267 422 3328 his
443 3284 518 3346 quac
541 3286 727 3347 nequaquam
749 3268 862 3348 aliquid
886 3278 977 3347 agunt
991 3287 1046 3329 nec
1061 3271 1231 3349 patiuntur,
1253 3286 1342 3348 quam
1363 3270 1454 3329 etiam
1475 3266 1504 3327 in
1525 3266 1644 3343 hisquae

375 3359 465 3429 agunt
487 3370 542 3413 nec
564 3354 732 3431 patiuntur,
755 3372 843 3433 quam
865 3356 897 3414 in
919 3353 1063 3434 hisquae
1086 3354 1238 3433 patiuntur
1252 3352 1363 3433 aliquid
1378 3370 1435 3413 uec
1449 3360 1547 3413 tamen
1560 3354 1644 3426 aguth

375 3455 534 3517 numquam
562 3437 690 3499 adicitur
712 3456 727 3498 r
750 3438 863 3499 littora:
893 3457 961 3501 nam
983 3440 1131 3519 incipiunt
1159 3457 1219 3499 non
1240 3456 1306 3499 csse
1327 3438 1430 3499 latina.
1475 3437 1672 3497 tractavimus-s

375 3524 448 3583 item
469 3524 637 3583 communia
665 3528 695 3583 et
717 3524 923 3604 exposuimus,
952 3523 1031 3586 uude
1052 3525 1220 3585 communia
1242 3523 1396 3592 dicuntur,
1425 3524 1495 3601 quia
1517 3523 1645 3581 actionem

375 3609 406 3667 in
429 3624 460 3667 se
483 3612 586 3667 tenent
608 3616 637 3669 et
658 3610 836 3687 passionem.
880 3612 1071 3671 tractavimus
1092 3608 1271 3689 deponentia
1293 3616 1323 3669 et
1344 3610 1548 3687 exposuimus,
1569 3622 1645 3684 quare

375 3693 553 3771 deponentia
576 3691 728 3763 dicuntur,
757 3696 825 3773 quia
848 3694 1002 3773 deponunt
1027 3696 1121 3755 luturi
1143 3696 1288 3773 temporis
1315 3694 1507 3773 participium
1533 3710 1549 3753 a
1568 3706 1645 3766 sign

374 3779 510 3839 srcatione
532 3780 664 3857 passiva,
692 3778 770 3859 quod
793 3780 854 3840 exit
875 3782 907 3840 iu
930 3779 999 3850 dus,
1027 3781 1097 3859 quia
1119 3778 1293 3841 moriendus
1313 3777 1487 3856 gloriandus
1509 3775 1644 3837 blandien-

374 3862 429 3923 dus
457 3869 488 3923 et
515 3862 585 3932 alia,
614 3880 689 3941 quae
719 3865 841 3925 veniunt
868 3883 885 3925 a
913 3864 1133 3944 deponentibus
1158 3863 1279 3933 verbis,
1313 3882 1373 3923 non
1400 3862 1539 3923 dicimus.
1587 3876 1673 3919 saner.¹

374 3950 482 4010 artium
506 3948 667 4027 scriptores
690 3948 862 4010 adiecerunt
885 3949 973 4011 aliam
1001 3948 1085 4010 verbi
1106 3952 1252 4030 speciem,
1280 3965 1368 4029 quam
1391 3952 1568 4033 vocaverunt
1586 3961 1645 4004 neu·

374 4034 576 4114 tropassivam.
605 4032 656 4093 sed
679 4034 735 4095 hoc
756 4034 905 4095 novellum
926 4051 1020 4113 genus
1041 4034 1127 4096 verbi
1142 4035 1291 4114 euphonia
1305 4036 1432 4103 invenit,
1454 4040 1487 4092 ct
1508 4034 1539 4092 in
1558 4031 1644 4110 paucis

373 4124 419 4179 est
441 4116 553 4188 verbis,
576 4126 609 4179 ut
630 4118 754 4195 gaudeo.
790 4122 930 4201 quoniam
951 4120 1059 4182 durum
1080 4128 1146 4183 erat
1166 4127 1200 4181 ut
1221 4120 1389 4181 diceremus
1409 4118 1572 4199 praeterito
1584 4122 1644 4175 teu·

443 4289 456 4340 l
475 4288 588 4339 nuntiare
602 4289 648 4345 Fe
717 4290 733 4339 t
751 4288 864 4349 laturum
880 4288 1054 4341 criminandus
1071 4306 1086 4340 a
1102 4292 1209 4356 presius
1224 4288 1411 4356 significatione
1427 4284 1595 4337 criminandus
1610 4284 1644 4336 Fs

424 4356 607 4423 ilpussiuiFs
650 4356 722 4410 1aur
737 4359 838 4415 onch
880 4361 914 4412 15
926 4374 993 4409 nunc
1005 4358 1096 4427 pauca]
1114 4374 1163 4409 non
1176 4358 1294 4425 paruaF
1327 4358 1429 4409 lbsunt
1443 4354 1644 4421 autemoplnors

373 4427 395 4476 si
408 4435 490 4476 autem
509 4427 599 4492 opinor
616 4426 642 4476 F
693 4428 725 4480 17
744 4437 830 4495 grator
846 4437 870 4479 st
886 4429 1001 4497 gratulor
1017 4430 1043 4479 F
1094 4430 1125 4482 18
1143 4426 1233 4496 lactor]
1255 4428 1325 4477 lezor
1344 4428 1369 4477 F
1418 4428 1514 4477 morior
1530 4422 1643 4475 mun

373 4510 456 4547 moror
467 4498 511 4554 Fe
546 4494 658 4547 hariolor
669 4498 738 4548 locor
753 4498 780 4549 id
791 4506 829 4548 est
840 4499 925 4550 colore
939 4500 1032 4566 pingor
1045 4509 1178 4565 argntors¹
1213 4499 1245 4550 21
1260 4498 1400 4547 uucnmdor
1412 4512 1481 4547 corr.
1496 4494 1610 4546 incandor
1619 4491 1643 4551 F,

372 4580 457 4623 orme
526 4567 561 4616 22
579 4566 647 4630 quod
664 4578 704 4619 est
721 4569 837 4619 innsnlor
854 4569 880 4619 F
946 4569 1010 4619 haec
1026 4586 1074 4625 orn.
1093 4570 1139 4627 rr
1207 4567 1322 4629 requae
1340 4568 1398 4618 ideo
1415 4566 1587 4621 dicunturFr

371 4637 405 4686 27
425 4636 493 4701 quod
511 4650 561 4687 non
580 4645 659 4702 agunt
676 4639 702 4688 F
768 4636 803 4690 30
827 4653 901 4689 curro
920 4649 947 4690 ut
965 4638 1092 4703 patiantur
1113 4648 1139 4687 et
1159 4653 1210 4690 uon
1229 4647 1307 4704 agant
1321 4637 1348 4687 F
1366 4652 1442 4687 curm
1462 4634 1592 4697 alioqum
1605 4646 1641 4696 pt·

372 4707 465 4755 riantur
483 4714 507 4755 et
525 4720 573 4755 non
594 4715 705 4773 cgacts
757 4708 791 4759 ³2
809 4706 895 4775 tepeo]
916 4719 990 4760 teneo
1005 4708 1037 4769 F,
1051 4722 1134 4765 om
1185 4700 1641 4772 iubisomnihus1haecomaiaF5

441 4773 474 4823 35
495 4775 613 4825 adiicitur
630 4778 655 4827 in
673 4776 713 4828 bis
732 4778 812 4829 littera
831 4794 843 4827 r
861 4793 878 4843 ς
947 4778 981 4831 at
1001 4793 1080 4850 quare
1097 4779 1252 4848 deponentia
1270 4777 1330 4841 qnia
1345 4776 1370 4826 F
1384 4790 1465 4845 qosre
1482 4776 1591 4827 dicuntur
1605 4772 1639 4823 de

374 4846 492 4917 pudentia
510 4846 568 4909 quia
587 4858 604 4913 ς
