3525 5600
326 369 389 434 478
883 368 1068 431 EVTYClllS

350 491 371 533 p.
386 481 432 524 186.
446 479 471 520 Sl
484 477 507 520 L.
1373 499 1379 510 ·
1421 476 1573 530 pillum.

476 558 676 640 psallimus
698 565 735 618 et
756 557 936 619 saltamus
959 556 1112 620 Achivis
1134 558 1270 619 scitius
1291 559 1435 618 unctis:

324 661 405 742 pello
427 660 530 741 pellis,
553 659 583 720 id
607 667 652 720 est
675 659 776 727 trudo,
806 659 885 720 unde
912 662 1102 739 componitur
1129 659 1247 740 appello
1269 658 1404 739 appellis.
1449 676 1514 718 uam
1533 662 1593 739 quod

326 764 361 824 ad
390 763 597 824 salutationem
626 763 773 840 pertinet,
802 761 874 822 licet
901 761 1028 841 simplex
1055 779 1115 821 non
1148 762 1235 822 laoile
1263 762 1431 829 invenitur,
1458 765 1594 823 tamenin

325 865 539 945 compositione
568 863 753 924 dlllereutiae
782 880 887 924 sensus
915 881 1003 924 causa
1031 861 1155 943 priJmae
1183 871 1228 924 est
1255 863 1486 940 coniugationis‚
1509 871 1539 923 ut
1555 883 1594 944 ap·

325 965 403 1046 pello
425 965 566 1045 appellas
612 964 690 1025 bello
718 971 818 1025 autem
847 964 940 1024 hellas
966 965 1042 1026 vallo
1070 966 1177 1027 vacillo
1199 964 1330 1026 scintille
1352 963 1448 1033 stillo,
1471 971 1503 1024 ut
1522 984 1536 1024 a
1553 985 1612 1027 nos

325 1068 456 1129 minibus
483 1066 594 1127 bellum
622 1067 730 1127 vallum
759 1066 897 1131 vacillum
926 1063 1055 1128 scintilla
1083 1068 1162 1128 stilla
1190 1067 1337 1138 derivata,
1360 1066 1491 1144 generali
1511 1068 1595 1145 regida

326 1172 391 1230 iure
415 1171 530 1248 primae
554 1175 632 1228 sunt.
663 1169 694 1228 in
717 1167 764 1228 lor
786 1187 904 1248 qrroque
927 1169 1096 1230 desinentia
1119 1170 1232 1248 primae
1248 1176 1318 1230 sunt
1339 1170 1448 1238 omnia,
1470 1177 1501 1229 ut
1520 1168 1594 1247 palor,

325 1271 403 1333 unde
426 1273 458 1331 in
480 1271 503 1330 V
525 1268 603 1330 libro
626 1268 770 1346 Virgilius
797 1270 872 1330 dixit
899 1271 1093 1350 ‘palantes
1114 1271 1230 1331 Troas
1257 1269 1422 1350 agebat’,
1450 1271 1596 1349 praestolor

326 1373 444 1440 fabulor
466 1371 584 1433 osculor
607 1371 710 1432 adulor
733 1371 865 1433 aemulor
888 1372 992 1451 epulor
1013 1371 1146 1450 gratulor
1167 1372 1282 1434 iaculor
1304 1373 1436 1450 regulos.

410 1475 444 1538 ln
466 1493 515 1535 mo
542 1474 708 1534 desinentia
736 1491 924 1554 quacumque
953 1476 1045 1535 vocali
1068 1493 1121 1535 seu
1143 1463 1324 1537 consonante
1346 1475 1527 1554 praeposita,
1546 1478 1623 1554 pri-n

327 1578 428 1638 mitiva
451 1594 504 1636 seu
526 1575 704 1647 derivativa,
727 1578 841 1655 primae
865 1584 934 1638 sunt
961 1578 1194 1656 coniugationi5‚
1225 1584 1258 1637 ut
1284 1595 1349 1638 amo
1378 1577 1474 1637 clamo
1495 1579 1597 1637 aestimo
1688 1583 1691 1665 l

330 1677 419 1740 domo
440 1678 530 1739 humo
554 1683 673 1738 autumo
695 1677 794 1738 hiemo
817 1677 899 1739 iumo
922 1697 1026 1758 spumo
1048 1679 1166 1740 tiammo
1189 1697 1271 1740 armo
1292 1679 1417 1739 lacrimo
1439 1679 1532 1749 hmo,
1551 1679 1596 1739 nbi
1690 1692 1692 1759 l

328 1781 388 1842 sint
410 1781 564 1861 primitiva
587 1797 603 1840 e
627 1779 748 1840 brevem
775 1778 932 1840 habentia:
963 1787 1034 1841 tunc
1061 1781 1141 1841 enim
1170 1783 1276 1842 tertiae
1299 1789 1369 1841 sunt
1390 1781 1596 1858 coniugationis,
1691 1800 1692 1853 ι

326 1889 361 1943 nt
383 1901 449 1942 emo
474 1883 564 1950 emiS,
588 1899 674 1958 gerno
696 1881 804 1960 gemis,
828 1899 932 1961 premo
954 1889 1060 1944 tremo.
1094 1888 1213 1943 notatur
1235 1884 1349 1963 primae
1372 1901 1474 1942 cremo
1493 1901 1597 1943 cremas
1692 1908 1693 1955 t

328 1986 338 2045 i
362 2001 480 2064 quoque
503 1982 586 2043 brevi
602 1991 670 2044 ante
687 2003 735 2045 mo
750 1985 870 2044 iuventa
886 1984 1000 2063 primae
1021 1992 1105 2054 sunt,
1127 1993 1161 2044 ut
1182 1985 1306 2044 aestimo
1327 1984 1453 2045 lacrimo
1473 1986 1626 2053 exanimos
1693 2016 1694 2043 ι

330 2087 388 2146 nisi
412 2086 575 2165 composita
598 2087 658 2146 siut
680 2105 716 2146 ex
739 2085 885 2165 hisquae
908 2104 925 2145 e
948 2093 1016 2146 ante
1038 2105 1086 2146 mo
1108 2085 1220 2147 habent
1241 2087 1273 2147 in
1292 2082 1303 2166 d
1320 2086 1511 2166 simplicitate
1530 2095 1557 2147 et
1573 2089 1599 2146 in

329 2189 543 2267 compositione
572 2205 636 2248 eam
664 2189 754 2248 etiam
782 2189 813 2247 in
842 2189 851 2246 i
881 2193 1083 2248 mutarerunt:
1112 2198 1182 2249 tunc
1204 2189 1285 2248 euim
1307 2187 1400 2248 solius
1424 2191 1524 2248 tertiae
1543 2195 1601 2249 sunt

329 2289 561 2366 coniugationis,
592 2297 625 2349 ut
651 2291 805 2368 conprimo
833 2292 968 2368 exprimo
996 2291 1137 2350 interimo
1165 2290 1262 2350 adimo
1290 2288 1409 2348 dirimo.
1454 2288 1600 2369 inquibus

328 2396 469 2452 notantur
491 2390 577 2451 demo
599 2390 711 2461 demis,
741 2395 845 2470 prdmo
872 2393 1002 2470 promis,
1030 2393 1101 2472 quia
1129 2391 1166 2452 ab
1195 2411 1230 2451 eo
1257 2391 1335 2472 quod
1357 2399 1404 2452 est
1426 2409 1491 2452 emo
1510 2409 1599 2452 secuu-

329 2491 399 2552 dum
426 2492 569 2572 quosdam
598 2493 758 2572 composita
791 2491 1009 2569 longitudinem
1041 2495 1271 2572 praepositionis
1304 2503 1506 2562 servaverunt,
1536 2493 1628 2552 sicutn

328 2595 443 2675 pdrlmo
471 2595 596 2675 pdrimis
624 2593 815 2654 brevitatem:
845 2594 1024 2674 quibusdam
1056 2613 1116 2655 non
1147 2593 1185 2655 ab
1213 2613 1250 2654 eo
1276 2595 1417 2655 videntur
1444 2597 1600 2674 composita.

331 2714 414 2756 sumo
436 2698 508 2757 item
532 2695 627 2755 solum
649 2697 755 2755 tertiae
778 2697 998 2773 coniugationis
1018 2698 1211 2757 invenituru
1240 2697 1358 2774 longam
1378 2715 1507 2766 servans,
1536 2697 1601 2757 sicut

330 2817 454 2859 vomoo
482 2797 603 2859 brevem
632 2805 700 2858 ante
728 2816 777 2858 mo
803 2797 931 2869 habens;
959 2807 989 2859 et
1018 2818 1101 2859 como
1122 2800 1304 2879 paenultima
1325 2800 1413 2877 longa
1437 2817 1602 2878 acompono

329 2902 497 2969 concisum,
521 2907 554 2961 ut
576 2907 620 2960 est
642 2899 719 2979 apud
744 2898 871 2961 Statium
894 2899 1063 2961 Thebaidos
1084 2900 1163 2961 libro
1185 2900 1226 2961 lll

482 3000 605 3081 inplet
627 3019 749 3063 amoro
773 3004 845 3071 sni,
870 3010 1018 3065 comunt
1039 3004 1145 3063 luror
1167 3004 1301 3082 iraque
1323 3004 1476 3071 cristas,
1609 3020 1629 3058 ss

330 3103 407 3184 apud
430 3103 557 3164 eundem
580 3102 660 3163 libro
681 3101 760 3163 Vllll

658 3204 757 3265 hunc
780 3211 857 3265 toto
880 3208 1007 3285 capies
1029 3224 1094 3285 pro
1116 3224 1275 3285 corpore
1297 3207 1455 3275 crinem,

483 3324 629 3367 comere
652 3325 757 3386 quem
779 3308 922 3369 trustra
944 3326 997 3369 me
1019 3306 1247 3384 dedignante
1270 3307 1429 3369 solebas.

331 3411 362 3470 in
384 3426 448 3469 mor
470 3426 564 3489 pauca
586 3408 721 3487 quidem,
753 3410 868 3489 primae
897 3417 995 3470 tamen
1023 3411 1232 3479 inveniuntur,
1255 3412 1366 3490 quippe
1389 3428 1406 3469 a
1427 3410 1538 3469 nominc
1558 3406 1601 3466 de·

332 3513 442 3580 rivata,
467 3518 500 3571 nt
521 3510 615 3571 rimor
637 3512 757 3571 rimaris
784 3529 800 3571 a
831 3513 922 3581 rima,
946 3529 1083 3572 racemor
1105 3514 1267 3572 racemaris
1289 3530 1306 3571 a
1327 3528 1455 3571 racemo.
1610 3531 1631 3569 so

416 3611 449 3671 ln
473 3629 510 3672 no
537 3611 704 3673 desinentia
726 3630 911 3693 (luscumque
938 3612 1031 3673 vocali
1059 3612 1251 3674 antecedente
1274 3612 1359 3673 brevi
1381 3612 1428 3673 vel
1448 3612 1529 3688 longa
1548 3611 1601 3690 pri·

332 3798 472 3865 (superscr.
491 3798 515 3863 l)
533 3799 665 3865 psallimus
685 3798 710 3847 B
725 3798 888 3864 epistolarem
905 3799 969 3849 libro
989 3798 1123 3867 psallimus
1140 3800 1166 3849 Ρ
1189 3800 1354 3866 epistularum
1373 3798 1436 3849 libro
1453 3798 1529 3864 primo
1542 3795 1601 3862 psal-

332 3870 407 3920 limus
427 3877 451 3919 t:
473 3872 546 3934 epist.
566 3866 687 3929 111,33
741 3869 754 3919 l
774 3868 929 3930 sollemnes
977 3870 1065 3920 seirius
1088 3870 1171 3919 sanetis
1192 3870 1301 3925 §citius
1323 3869 1406 3919 unctis
1421 3869 1446 3918 P
1466 3866 1602 3917 dictionibus

332 3942 472 4003 (aspernor.
488 3936 577 4003 citius)
591 3940 672 3988 unctis
683 3937 709 3987 B
721 3939 800 3987 cicius
817 3940 892 3987 uictis
904 3938 1028 4002 sdiueius
1040 3940 1155 3989 uinetist
1206 3940 1222 3990 5
1239 3939 1304 3988 betto
1320 3948 1405 3987 sutem
1418 3938 1492 3988 bellus
1504 3935 1602 3986 scintilto

333 4010 399 4058 uallo
422 4008 516 4074 uagillo
540 4008 608 4059 stillo
633 4007 714 4058 stillas
733 4018 757 4057 et
775 4024 790 4058 a
809 4009 835 4058 P
854 4007 919 4058 bello
939 4018 1021 4057 autem
1041 4008 1119 4058 bellas
1140 4008 1207 4058 uallo
1228 4008 1337 4061 scintttlo
1354 4008 1447 4058 uacillo
1465 4005 1566 4057 stilloss
1581 4016 1603 4052 et
1634 4001 1639 4013 '

333 4078 529 4141 (comuttaB
582 4076 923 4143 duueillumluagillumP
973 4078 1195 4143 ‘lpsllorBPts
1244 4072 1601 4145 etnvnnmjamveoo

402 4147 527 4214 pellentes
543 4146 585 4198 Bt
601 4148 724 4213 pellentes
743 4148 789 4209 Pf
871 4147 902 4197 lo
921 4148 929 4196 i
948 4162 1048 4211 quoque
1065 4150 1208 4213 (supertes.
1223 4150 1280 4209 bre)
1295 4155 1353 4197 erite
1372 4162 1414 4196 mo
1430 4146 1540 4196 habentis
1556 4143 1601 4208 pri·

334 4232 390 4269 mae
408 4218 434 4268 B
507 4218 538 4268 la
558 4217 641 4267 adimo
657 4218 768 4281 (derimc
786 4218 846 4267 odd.
866 4220 901 4267 ol.
920 4217 965 4281 m.)
982 4219 1009 4266 iu
1026 4219 1118 4279 quibus
1134 4219 1160 4267 P
1227 4220 1261 4271 so
1276 4226 1396 4267 uomutur
1411 4226 1422 4267 t
1438 4226 1529 4267 notstor
1540 4228 1602 4263 corr.

334 4292 369 4341 ol.
389 4304 419 4339 m.
438 4296 557 4337 notantur
575 4288 600 4335 P
616 4295 716 4336 notatur
733 4286 758 4336 B
828 4286 861 4337 2³
879 4284 988 4353 habens]
1010 4286 1087 4337 hsbet
1106 4287 1219 4337 Phchet
1235 4303 1305 4341 corr.
1324 4287 1413 4337 hebuit
1429 4287 1454 4337 B
1501 4294 1522 4334 et
1537 4296 1601 4332 como

334 4359 471 4423 penultima
491 4356 542 4407 lon.
562 4370 716 4422 ncompono
733 4370 878 4407 concessum
896 4356 976 4421 (corr.
993 4356 1145 4421 concisum),
1159 4372 1287 4421 superscr.
1304 4362 1337 4407 at.
1351 4373 1382 4408 ιιι,
1401 4370 1471 4406 como
1487 4363 1603 4405 comunt

334 4436 359 4477 nt
378 4428 423 4478 ills
438 4427 541 4478 denario
560 4435 641 4476 comat
656 4436 683 4476 ut
696 4435 734 4477 est
753 4441 825 4476 corno
839 4427 864 4477 B
878 4439 904 4476 et
915 4442 987 4477 como
1000 4438 1029 4475 ut
1046 4437 1086 4477 est
1105 4436 1131 4476 at
1148 4428 1190 4478 ills
1208 4428 1312 4479 denario
1331 4437 1415 4476 comm
1430 4436 1453 4476 et
1467 4440 1531 4475 como
1547 4436 1603 4487 pen·

333 4497 422 4548 ultima
438 4497 515 4562 longa
534 4512 548 4545 a
565 4511 690 4563 compono
705 4506 730 4547 et
748 4498 875 4546 concisum
895 4498 956 4547 Pet
970 4512 1042 4548 como
1061 4497 1201 4561 penultima
1219 4498 1297 4563 longa
1316 4512 1331 4546 s
1349 4510 1474 4562 compono
1488 4492 1602 4544 concisum

334 4574 373 4616 est
390 4576 400 4617 t
456 4569 490 4617 24
508 4566 552 4615 lib.
568 4567 600 4616 lll
619 4566 763 4631 tebaidoss
777 4566 911 4617 thebaidos
924 4568 969 4621 lib.
986 4566 1030 4616 llll
1042 4568 1067 4617 B
1085 4566 1218 4619 thebaidos
1232 4570 1296 4618 libro
1309 4576 1399 4629 qusrto
1411 4566 1436 4615 P
1450 4566 1508 4616 libro
1521 4570 1602 4625 quarto

333 4634 466 4687 thebaidos
483 4644 507 4687 t:
529 4634 605 4686 Theb.
623 4636 724 4688 111424
810 4637 844 4686 'lh
864 4638 958 4703 inpleto
981 4650 1051 4685 more
1068 4651 1137 4691 corr.
1157 4640 1192 4691 ct.
1209 4655 1241 4689 m.
1266 4638 1344 4704 inplet
1366 4651 1451 4689 umore
1469 4637 1492 4686 P
1510 4632 1602 4697 impleto

334 4720 404 4756 inore
418 4707 437 4768 f
445 4706 563 4770 impletus
581 4716 674 4757 moret
763 4707 847 4771 ltaque
865 4722 934 4759 corr.
951 4708 984 4759 al.
1001 4722 1031 4754 m.
1052 4708 1140 4769 iraque
1157 4708 1181 4756 P
1266 4707 1300 4758 26
1318 4706 1382 4757 libro
1398 4706 1456 4757 Vlll
1472 4702 1532 4753 BPt
1551 4702 1602 4750 Vlll

335 4773 675 4838 ttb.s:Tteo.V11uttol
731 4776 763 4827 27
782 4778 877 4825 crimen
897 4776 935 4826 Pt
988 4776 1022 4827 28
1037 4792 1136 4828 comere
1151 4793 1225 4842 quem
1244 4794 1284 4827 me
1303 4775 1398 4827 trustra
1414 4772 1602 4838 comeredigsta

335 4844 416 4909 (corr.
434 4843 551 4911 dignata)
567 4846 699 4907 solebuss
764 4862 803 4895 me
821 4862 861 4896 me
879 4848 1000 4913 dignante
1017 4845 1043 4894 P
