3525 5600
308 389 370 456 190
880 387 1034 452 ΡΟΜΡΕΠ

347 528 353 540 .
366 501 456 540 sta-14
469 499 492 541 L.
1090 534 1095 543 .

305 513 362 642 hbe
386 579 470 640 boste
493 597 552 640 non
574 577 672 658 perdit
694 597 724 646 e.
749 577 801 638 sed
824 576 880 637 boc
902 578 999 657 ipsum
1022 594 1038 636 e
1060 577 1091 636 in
1113 577 1123 634 i
1147 581 1240 636 mutat
1255 581 1285 634 et
1299 575 1406 653 accipit
1420 591 1470 634 um
1487 581 1518 633 et
1532 573 1599 632 iacit

305 683 450 752 hostium;
480 679 637 761 aliquando
665 679 763 760 perdit
792 685 821 739 et
846 681 889 740 sic
917 680 1026 758 accipit
1053 697 1120 748 um,
1150 684 1183 737 ut
1208 675 1246 737 ab
1273 676 1330 736 boc
1358 677 1471 756 pariete
1493 675 1598 736 borum

305 785 468 864 parietum:
492 801 561 844 ecce
584 785 613 843 in
636 784 692 842 isto
715 782 836 842 nomine
857 783 936 860 perit
958 799 990 856 e,
1013 781 1044 841 in
1066 780 1118 840 illo
1138 798 1198 840 non
1221 775 1313 858 perit,
1336 777 1388 839 sed
1411 797 1428 838 e
1450 779 1480 838 in
1505 779 1515 837 i
1538 795 1598 838 mu-

271 883 274 888 ’
307 887 384 947 tavit.
430 885 499 946 inde
528 891 573 946 est
599 883 672 945 illud
702 883 781 964 quod
810 884 975 943 invenimus
1002 883 1032 941 in
1055 880 1241 950 auctoribus,
1265 882 1424 942 eivitatium
1448 886 1478 939 et
1500 880 1599 939 civita·

305 995 382 1056 turn,
405 989 573 1048 invenimus
595 987 681 1046 etiam
705 991 734 1046 et
761 993 918 1065 parentum
942 991 971 1044 et
991 984 1170 1062 parentium,
1194 985 1360 1044 invenimus
1380 984 1512 1062 saepius.
1545 995 1623 1060 quaa

305 1091 438 1150 rational
467 1090 604 1170 quoniam
634 1088 703 1149 licet
731 1089 788 1147 iam
811 1094 840 1147 et
863 1087 1045 1148 scribentum
1068 1095 1098 1147 et
1120 1086 1281 1146 dicentum.
1323 1089 1481 1160 evomitur
1504 1090 1600 1144 utrum

305 1190 413 1252 debeat
435 1211 451 1250 e
473 1191 551 1251 illam
581 1191 709 1251 litteram
738 1196 923 1250 commutare
951 1191 981 1250 in
1003 1189 1028 1259 i,
1057 1207 1094 1250 an
1117 1187 1225 1248 debeat
1246 1194 1397 1267 amputata
1415 1190 1480 1266 ipsa
1505 1185 1600 1246 littora

307 1301 479 1354 convertere
501 1295 532 1354 in
555 1294 623 1353 um?
646 1301 714 1373 puta
737 1293 762 1352 si
785 1290 857 1352 velis
880 1290 1000 1351 eillam
1023 1290 1150 1351 litteram
1175 1299 1290 1351 mutare
1312 1291 1342 1350 in
1365 1292 1384 1359 i,
1409 1289 1521 1350 addere
1542 1307 1600 1357 um,

306 1396 375 1457 lacit
401 1396 579 1464 eivitatium
608 1397 633 1456 si
663 1395 734 1456 velis
759 1400 913 1474 amputare
941 1412 972 1459 c.
1002 1392 1112 1454 addere
1140 1411 1204 1462 um,
1234 1393 1383 1453 civitatum
1406 1393 1486 1453 lacit.
1533 1409 1601 1469 ergo

305 1499 397 1576 ipsam
420 1497 554 1575 regulam
577 1498 654 1558 scire
677 1496 833 1566 debemus,
858 1494 937 1574 quod
957 1495 1133 1575 plerumque
1156 1497 1274 1556 nomina
1297 1513 1314 1555 c
1336 1502 1476 1574 correpto
1500 1495 1635 1555 terni-10

306 1607 372 1659 nata
400 1599 430 1658 in
459 1597 593 1682 ablaltivo
622 1601 759 1660 amittunt
787 1617 803 1658 e
836 1597 963 1658 litteram
998 1605 1028 1657 et
1055 1599 1204 1676 accipiunt
1237 1615 1302 1667 um,
1336 1595 1517 1676 plerumque
1545 1613 1602 1656 nou

306 1703 457 1769 amittunt,
490 1700 541 1762 sed
570 1703 600 1762 in
627 1703 638 1761 i
666 1708 782 1762 rnutant
810 1705 844 1760 et
867 1701 911 1760 sic
938 1701 1088 1779 accipiunt
1115 1717 1164 1760 um
1195 1707 1225 1760 et
1246 1699 1357 1759 iaciunt
1378 1701 1553 1777 genetivum
1574 1700 1603 1757 in

305 1805 382 1873 ium,
412 1803 542 1863 dativum
571 1808 599 1862 et
627 1801 785 1863 ablativum
814 1802 844 1862 in
874 1801 930 1861 bus
964 1804 1097 1872 mittunt,
1131 1808 1254 1881 excepto
1283 1819 1342 1862 uuo
1370 1809 1485 1862 tantum
1513 1799 1603 1860 modo

188 1919 247 1982 434,
262 1919 294 1968 12
307 1907 443 1974 nomine,
472 1921 539 1965 vase
567 1921 713 1965 vasorum.
760 1921 888 1984 namque
917 1903 974 1964 boe
1000 1905 1162 1964 nomenis
1184 1921 1310 1964 numero
1332 1901 1474 1981 singulari
1497 1904 1604 1963 tertiae

307 2007 510 2069 declinationis
539 2014 597 2076 est,
625 2008 654 2066 in
685 2024 810 2066 numero
832 2004 942 2086 plurali
969 2005 1116 2067 secundae
1138 2004 1344 2067 declinationis
1366 2014 1424 2066 est:
1458 2011 1532 2084 puta
1556 2014 1637 2063 rasti

308 2111 383 2171 vasis
406 2111 465 2170 vasi
488 2127 538 2169 vas
560 2127 610 2170 vas
634 2127 648 2169 a
672 2127 754 2178 vase;
784 2127 854 2170 ecce
882 2108 956 2169 baec
984 2109 1081 2169 omnis
1107 2107 1265 2170 declinatio
1288 2110 1374 2168 tertia
1397 2115 1450 2168 est.
1497 2106 1605 2168 transit

247 2232 252 2250 ²
307 2212 343 2274 ad
372 2229 530 2272 numerum
557 2209 701 2291 pluralem
732 2217 761 2271 et
788 2211 858 2270 lacit
885 2209 1046 2272 secundam
1073 2210 1317 2279 declinationem,
1349 2227 1415 2270 vasa
1448 2226 1604 2276 vasorum;

308 2311 411 2375 debuit
438 2313 536 2378 iacere
564 2331 675 2374 vasum.
721 2331 787 2374 narn
817 2333 833 2374 a
862 2315 950 2374 tertia
977 2313 1176 2374 declinatione
1198 2314 1350 2391 genetivus
1376 2313 1480 2373 inum
1502 2313 1604 2380 mittit,

308 2415 421 2477 dativus
444 2424 473 2477 ot
495 2414 639 2477 ablativus
660 2418 690 2476 in
714 2414 784 2485 bus;
810 2415 954 2477 debuerat
976 2415 1077 2476 dicere
1101 2414 1227 2476 vasibus.
1271 2433 1340 2475 nam
1362 2433 1378 2474 a
1401 2416 1487 2475 tertia
1511 2413 1605 2473 decli-

308 2520 426 2580 natione
455 2535 505 2579 vas
534 2536 600 2579 vase
623 2517 712 2578 babet
735 2519 848 2588 lacere,
878 2537 895 2578 a
917 2518 1046 2579 secunda
1070 2536 1137 2579 vasa
1158 2536 1296 2579 vasorum
1321 2517 1405 2578 vasis.
1450 2535 1524 2595 ergo
1548 2515 1640 2575 hocs

308 2639 416 2682 nomen
440 2620 574 2681 dicamus
596 2619 675 2700 quod
699 2621 729 2679 in
752 2618 895 2699 singulari
912 2638 1037 2681 numero
1061 2621 1176 2681 tertiam
1200 2620 1290 2680 babet
1310 2619 1550 2687 declinationem,
1575 2620 1607 2678 in

308 2741 433 2784 numero
456 2721 563 2802 plurali
585 2722 754 2784 secundam.
800 2723 824 2784 si
847 2729 944 2783 autern
968 2741 984 2782 e
1006 2721 1151 2804 producto
1174 2725 1348 2801 terminatur
1370 2722 1528 2795 ablativus,
1554 2737 1606 2801 ge-

307 2824 425 2887 netivus
446 2824 567 2905 pluralis
590 2826 620 2885 in
644 2844 710 2886 rum
732 2826 835 2895 mittit,
864 2826 977 2887 dativus
1000 2833 1029 2886 et
1050 2824 1193 2887 ablativus
1215 2826 1246 2885 in
1268 2824 1341 2896 bus,
1364 2832 1396 2885 ut
1417 2824 1454 2887 ab
1476 2825 1534 2886 bac
1557 2824 1607 2884 die

308 2928 423 3007 dierum
453 2926 566 2989 diebus,
612 2926 672 2988 noli
701 2930 783 3008 sequi
811 2926 883 2989 illud
916 2927 994 3007 quod
1027 2927 1101 2989 dixit
1128 2929 1289 2998 Sacerdos;
1325 2928 1395 2989 dicit
1425 2927 1607 3007 plerumque

308 3030 472 3109 genetivum
502 3028 646 3109 pluralem
676 3038 734 3090 tam
763 3032 793 3091 in
822 3046 889 3091 rum
919 3048 1007 3109 quam
1034 3032 1067 3091 in
1089 3049 1139 3091 um
1163 3032 1296 3091 mittere:
1321 3029 1325 3113 Ι
1349 3030 1406 3092 boc
1428 3030 1537 3091 laisum
1562 3038 1642 3090 ests

308 3132 436 3211 penitus.
483 3130 539 3191 boe
572 3138 602 3191 tu
635 3138 775 3211 sequere.
811 3130 930 3212 quando
963 3131 1106 3193 ablativus
1137 3133 1294 3211 singularis
1328 3142 1373 3194 est
1406 3151 1423 3192 e
1455 3132 1606 3211 producto

308 3234 497 3302 terminatus,
527 3234 681 3311 genetivus
701 3234 732 3293 in
755 3252 822 3294 rum
846 3234 947 3302 mittit,
977 3234 1091 3295 dativus
1113 3243 1142 3295 et
1164 3234 1307 3296 ablativus
1329 3237 1359 3295 in
1388 3233 1456 3303 bus,
1480 3242 1514 3294 ut
1533 3243 1607 3314 puta
1718 3234 1719 3311 l

309 3336 345 3396 ab
368 3336 424 3396 bae
447 3335 511 3406 die,
534 3335 648 3396 dierum
672 3342 701 3395 et
722 3334 838 3396 diebus.
869 3341 898 3394 et
919 3335 993 3395 baec
1009 3338 1128 3397 uomina
1149 3337 1267 3414 generis
1290 3344 1358 3397 sunt
1380 3343 1493 3398 tantum
1518 3338 1605 3405 iemi-
1718 3314 1719 3321 ἵ

190 3439 382 3515 434,13nini.
419 3436 521 3517 regula
543 3436 610 3499 talis
634 3444 692 3498 cst:
717 3439 815 3498 omnia
838 3439 958 3499 nomina
980 3437 1106 3499 ablativo
1128 3438 1271 3518 singulari
1294 3457 1310 3498 e
1332 3437 1477 3518 producto
1501 3440 1606 3499 termi-

309 3547 375 3601 nata
398 3542 516 3618 generis
539 3546 608 3601 sunt
630 3539 772 3600 feminini.
809 3538 878 3619 quid
902 3541 993 3618 ergoi
1015 3539 1079 3601 dies
1101 3541 1191 3603 debet
1212 3541 1377 3603 secundum
1399 3540 1603 3602 definitionem
1617 3544 1642 3583 ³)

309 3644 428 3721 generis
451 3660 515 3703 esse
538 3642 684 3711 leminini,
709 3642 760 3702 sed
785 3640 910 3721 legimus
932 3644 1022 3703 etiam
1045 3642 1094 3704 bic
1116 3643 1189 3705 dies.
1222 3643 1293 3725 [boc
1316 3644 1394 3725 quod
1416 3642 1526 3705 lectum
1549 3652 1603 3713 est,

309 3743 375 3805 talis
398 3744 498 3823 regula
515 3742 572 3824 est]
597 3744 628 3803 in
651 3742 707 3803 alio
731 3755 828 3805 autem
851 3762 961 3824 genere
983 3752 1015 3811 ut
1037 3744 1153 3806 dicatur
1175 3744 1223 3805 bic
1244 3746 1321 3817 dies,
1345 3746 1478 3807 adverbii
1500 3764 1604 3807 ueces-

310 3848 381 3907 sitas
404 3846 483 3929 lacit.
528 3848 558 3905 in
588 3843 728 3906 adverbio
758 3845 827 3925 quid
850 3846 995 3909 dicimus?
1022 3845 1120 3908 bodie.
1151 3846 1222 3926 quid
1246 3857 1291 3908 est
1311 3848 1418 3909 hodie?
1440 3850 1525 3928 quasi
1547 3846 1603 3907 boc

310 3948 367 4009 die.
412 3950 437 4009 si
461 3955 539 4009 esset
561 3948 694 4008 leminini
717 3950 850 4025 generis,
875 3948 963 4011 badio
985 3950 1161 4011 diceremus.
1200 3968 1272 4029 ergo
1293 3950 1363 4012 binc
1385 3957 1510 4031 apparet
1531 3968 1603 4030 quo·

380 4254 397 4307 6
414 4256 544 4319 quaeritur
557 4271 602 4306 ont.
622 4254 712 4308 Aac.
731 4256 844 4317 fortasse
860 4258 938 4321 pluro
953 4260 1025 4308 etiam
1040 4256 1191 4308 exciderunt
1241 4257 1389 4308 idebeate
1407 4256 1475 4307 illam
1494 4256 1603 4306 litteram

310 4325 772 4378 BOcdebestelitteramillamA
826 4328 1044 4378 anBCaantA
1096 4324 1259 4392 Sinumlin
1279 4328 1383 4378 iABG
1431 4329 1540 4377 litteram
1555 4342 1602 4380 om.

310 4396 335 4447 B
405 4397 437 4447 12
455 4404 479 4445 et
499 4394 594 4445 iaciunt
608 4398 755 4460 genetiuum
775 4397 800 4445 in
821 4397 871 4445 ium
890 4412 935 4447 orn.
956 4399 996 4460 A,
1016 4398 1078 4448 add.
1097 4414 1114 4446 a
1168 4397 1199 4447 18
1216 4396 1300 4446 iecere
1325 4412 1413 4448 nusum
1431 4397 1505 4449 noa
1522 4398 1604 4447 lacere

310 4482 417 4517 rrssunm
436 4466 462 4517 A
532 4466 565 4515 24
583 4462 719 4531 Sacerdos]
738 4466 827 4517 Clavcd.
846 4466 955 4521 Sacerci.
971 4484 1000 4532 p.
1024 4468 1096 4518 led.
1121 4466 1230 4519 Vindob.
1297 4469 1332 4517 ¹25
1347 4478 1397 4517 tam
1417 4469 1486 4535 (tam
1501 4482 1548 4519 on.
1566 4467 1604 4528 A)

311 4539 336 4586 in
354 4552 409 4586 rum
432 4551 508 4601 quam
527 4538 551 4585 in
569 4537 620 4585 ium
641 4539 679 4597 (in
696 4537 760 4585 rium
778 4550 854 4599 quam
873 4538 898 4586 in
919 4552 974 4586 rum
988 4538 1029 4588 Ar
1047 4552 1115 4591 corr.
1134 4538 1160 4587 iu
1178 4552 1234 4586 rum
1251 4552 1327 4601 quam
1343 4538 1369 4586 in
1388 4540 1441 4587 ium
1460 4539 1488 4601 a)
1505 4538 1603 4587 mittere

310 4616 371 4672 pute
390 4606 488 4657 dierum
507 4612 531 4655 et
547 4606 637 4657 diebus
653 4606 701 4655 boc
719 4606 810 4656 laisum
831 4614 869 4655 est
880 4606 971 4659 Ano.
992 4608 1090 4655 dierum
1108 4617 1132 4657 et
1146 4607 1244 4667 diebus,
1263 4624 1329 4672 puae
1344 4610 1377 4658 ab
1392 4610 1441 4660 boe
1452 4612 1507 4659 loeo
1520 4608 1603 4659 aliena

310 4684 375 4737 sunt,
393 4684 451 4739 post
464 4676 498 4727 ⁶28
513 4677 544 4725 ab
557 4676 605 4725 bae
616 4676 657 4726 die
673 4678 822 4739 transposui
874 4678 909 4727 26
926 4677 1029 4740 qcaando
1043 4678 1067 4727 B
1083 4679 1202 4740 quoniam
1216 4677 1268 4728 Ac
1317 4680 1351 4730 27
1368 4676 1554 4747 genetiuumB

311 4747 425 4796 datiuum
444 4754 468 4795 et
486 4746 625 4796 abiaticum
643 4747 695 4797 BC
762 4746 796 4797 28
818 4748 849 4796 ab
871 4746 980 4797 hoodie
997 4748 1095 4796 dierum
1117 4757 1142 4797 et
1160 4746 1223 4797 haee
1243 4749 1345 4798 nomina
1359 4749 1386 4799 A
1402 4750 1435 4799 ab
1456 4750 1560 4799 hoodie
1579 4756 1604 4796 et

311 4814 373 4935 haep
390 4817 493 4865 nomina
509 4816 581 4868 BOa
634 4816 669 4869 30
684 4816 744 4880 quid
762 4830 824 4882 ergo
842 4842 875 4852 -
894 4816 927 4867 3l
947 4816 1062 4866 feminini
1079 4834 1125 4873 om,
1140 4819 1173 4881 Α,
1189 4818 1251 4869 odd.
1265 4834 1282 4867 a
1335 4818 1369 4870 33
1384 4821 1411 4869 in
1424 4820 1545 4870 aduerbio
1565 4830 1604 4868 est

311 4888 354 4950 qui
390 4886 474 4937 ABG
