3525 5600
244 423 254 439 ‘
339 401 402 466 652
896 405 1077 469 llldCllOBll

365 527 387 567 p.
402 513 445 554 raa.
460 513 486 553 'll
499 511 526 552 V.

339 605 490 676 grassatur
511 597 631 656 iteratio
653 604 699 655 est
721 615 737 656 a
758 596 910 672 graditur:
934 595 1056 656 Plautus
1079 598 1110 656 in
1132 595 1268 655 Rudente

487 701 609 760 sicine
632 698 692 759 bic
714 691 751 758 iri
773 699 895 760 umida
918 705 1022 759 veste
1046 695 1319 776 grassabimur,

340 799 495 862 Sallustius
517 803 613 862 ‘cum
635 801 804 861 inferior
832 804 929 862 omni
954 804 1010 862 via
1032 801 1305 878 grassaretur'.
1351 798 1635 858 banclormamin
1742 827 1743 914 q

323 906 455 1010 ‘graecis
477 902 576 964 nullus
598 905 694 983 potuit
717 905 862 962 invenire.

743 1086 790 1132 nn
813 1085 1010 1132 euuuniuvs
1034 1085 1223 1136 VERBORVM
1647 1080 1657 1117 ⁵

238 1215 326 1269 eum
422 1209 504 1280 Quae
526 1211 634 1272 Graeci
656 1205 827 1281 διαθέσεις
848 1209 1013 1288 appellant,
1036 1209 1133 1270 Latini
1157 1227 1267 1286 genera
1292 1211 1528 1268 nominaverunt.
1558 1201 1633 1265 drei-

337 1313 436 1384 θεσις
462 1321 559 1372 antem
588 1313 643 1372 hoc
671 1312 819 1389 significat
846 1311 924 1390 apud
953 1311 1095 1379 Graecos,
1125 1311 1204 1390 quod
1234 1311 1311 1389 apud
1335 1311 1457 1371 Latinos
1486 1309 1633 1370 adlectus.

337 1431 405 1474 nam
428 1417 530 1493 etqui
553 1417 614 1491 agit
636 1415 739 1492 etqui
763 1415 874 1490 patitur
897 1421 995 1472 mente
1019 1413 1166 1474 adiicitur.
1211 1413 1262 1472 sed
1285 1415 1424 1492 quoniam
1450 1414 1479 1470 in
1503 1411 1633 1470 nomini-

338 1513 394 1576 bus
416 1516 627 1576 discretionem
643 1533 767 1574 seruum
783 1532 892 1590 genera
909 1515 1110 1592 distinguunt,
1135 1533 1202 1574 eum
1226 1514 1422 1574 masculinum
1445 1533 1462 1574 a
1484 1515 1633 1573 feminino
1743 1507 1744 1540 ³

337 1635 392 1696 per
414 1617 464 1678 illa
487 1624 675 1695 segregetur,
700 1615 767 1675 ideo
782 1615 1046 1676 discernendorum
1063 1634 1180 1696 quoque
1203 1616 1372 1676 adfectuum
1397 1624 1496 1676 notam
1518 1633 1633 1692 genera
1648 1625 1666 1662 ¹⁰
1743 1617 1744 1620 ’

338 1721 551 1780 vocitaverunt.
595 1737 682 1779 omne
710 1720 803 1796 igitur
830 1717 954 1779 uerbum
982 1719 1060 1798 apud
1088 1717 1223 1786 Latinos,
1249 1717 1326 1797 qnod
1349 1717 1405 1778 sub
1427 1717 1634 1797 proportionis

337 1819 575 1882 observationem
597 1820 691 1887 cadit,
715 1826 765 1880 aut
787 1837 805 1878 e
827 1827 877 1882 aut
900 1838 934 1880 or
956 1817 1070 1898 syllaba
1093 1823 1284 1890 terminatur,
1308 1821 1386 1881 sieut
1407 1817 1466 1880 iam
1489 1821 1634 1900 superins

337 1923 451 1984 dictum
473 1929 528 1982 est.
558 1925 584 1982 si
607 1941 625 1981 o
647 1923 740 1982 luerit
761 1921 968 1990 terminatum,
991 1929 1042 1983 aut
1064 1924 1193 1983 activum
1215 1930 1333 1983 estant
1355 1930 1512 1988 neutrum:
1535 1925 1560 1980 si
1585 1941 1631 1983 or.

338 2031 389 2086 aut
410 2027 560 2104 passivum
587 2023 697 2084 dicitur
724 2031 775 2082 aut
802 2023 954 2101 deponens
982 2032 1032 2084 aut
1054 2042 1221 2084 commune.
1266 2027 1393 2085 activum
1417 2025 1528 2084 dicitur
1551 2023 1632 2102 quod

337 2128 369 2186 in
391 2145 409 2186 o
430 2125 541 2187 desinit
562 2132 593 2186 et
615 2143 737 2186 necesse
760 2123 850 2186 babet
873 2131 924 2186 aut
946 2125 1043 2186 dativo
1066 2133 1116 2186 ant
1138 2129 1305 2186 accusativo
1328 2129 1410 2203 iungi
1434 2133 1591 2206 potestque
1617 2143 1664 2182 rr»

338 2228 437 2288 littera
459 2235 579 2307 recepta
602 2229 634 2287 in
656 2229 803 2306 passivam
818 2228 947 2287 transire
971 2227 1215 2298 declinationem,
1238 2237 1271 2288 nt
1293 2228 1360 2288 diro
1382 2228 1455 2294 tibi,
1479 2227 1571 2288 caedo
1588 2237 1629 2292 te.

337 2330 421 2390 dicor
444 2349 460 2390 a
482 2337 527 2400 te,
557 2329 665 2390 caedor
693 2347 710 2388 a
736 2336 777 2388 te.
822 2335 970 2408 neutrum
994 2327 1104 2389 dieitur
1125 2331 1219 2410 quod,
1243 2349 1310 2391 eum
1332 2333 1365 2390 in
1387 2349 1405 2390 o
1428 2329 1551 2397 desinit,
1576 2327 1629 2389 ali-
1744 2393 1745 2408 q

337 2450 396 2511 quo
418 2449 455 2492 ex
476 2431 525 2492 bis
546 2431 685 2492 deficitur
707 2439 737 2490 et
758 2448 774 2489 r
795 2432 933 2510 accipere
956 2448 1015 2490 non
1037 2437 1149 2509 potest,
1174 2431 1293 2514 ut'volo
1316 2433 1381 2491 viro
1403 2431 1497 2490 valeo.
1533 2433 1628 2509 passi-

249 2524 256 2541 *
337 2551 406 2593 vurn
428 2533 539 2594 dicitur
561 2532 655 2612 qued,
686 2550 754 2592 cum
777 2533 808 2592 in
831 2550 847 2591 r
867 2530 1000 2592 litteram
1023 2531 1154 2600 desinat,
1183 2536 1289 2594 amissa
1316 2552 1351 2594 ea
1380 2541 1479 2612 potest
1500 2535 1532 2592 in
1556 2535 1626 2592 acti·

337 2654 406 2696 vum
428 2634 528 2695 redire
551 2642 582 2694 et
603 2653 725 2694 necesse
748 2625 839 2694 babet
855 2631 983 2694 ablativo
999 2636 1080 2695 casui
1103 2635 1225 2705 sociari,
1249 2643 1281 2696 ut
1304 2635 1412 2696 caedor
1434 2655 1450 2694 a
1474 2643 1503 2694 te
1525 2635 1623 2698 caedo.
1637 2651 1661 2686 u

337 2737 422 2796 dicor
445 2755 461 2798 a
483 2743 512 2796 te
535 2717 618 2797 dicos
644 2745 673 2797 et
696 2743 729 2796 ut
750 2733 869 2796 facilius
890 2734 1079 2815 explanetur,
1103 2739 1230 2798 activum
1254 2745 1313 2807 est,
1337 2735 1388 2796 ubi
1413 2735 1507 2796 altero
1522 2733 1624 2815 agente

338 2836 412 2899 alter
434 2839 561 2918 patitur,
584 2841 793 2919 passivumque
816 2845 875 2905 est,
905 2837 1022 2916 quando
1050 2839 1144 2900 altero
1166 2842 1297 2917 patiente
1319 2856 1412 2918 penes
1434 2838 1561 2899 alterum
1582 2848 1623 2897 est

337 2948 430 3001 actus.
461 2959 529 3001 nam
551 2940 643 3001 multa
665 2941 755 3001 etiam
777 2957 795 2998 e
818 2940 976 2999 terminata
999 2942 1133 3019 passivae
1150 2942 1375 3017 significationis
1391 2948 1472 3009 sunt,
1497 2948 1529 3001 ut
1544 2922 1647 3018 algeo'

337 3044 452 3113 esuri03
475 3042 528 3101 sed
550 3044 690 3121 quoniam
712 3042 835 3101 minime
859 3040 952 3101 altero
968 3042 1097 3121 patiente
1113 3060 1206 3121 penes
1228 3043 1354 3103 alterurn
1376 3052 1422 3103 est
1444 3050 1536 3111 actus,
1560 3042 1623 3102 ideo

337 3162 393 3203 nec
414 3145 531 3223 passiva
559 3143 715 3204 dicuntur:
744 3160 908 3221 rursusque
937 3142 1023 3221 plura
1053 3151 1123 3205 sunt
1146 3146 1176 3204 in
1199 3164 1216 3204 o
1239 3146 1377 3205 exeuntia
1406 3143 1518 3223 quibus
1544 3152 1657 3203 aetnsn

337 3245 445 3325 aliquis
468 3246 560 3315 inest,
583 3251 616 3305 ut
638 3252 707 3305 nato
728 3242 850 3305 ambulo
871 3262 976 3313 curro:
1000 3246 1050 3305 sed
1074 3248 1212 3325 quoniam
1236 3249 1359 3307 minime
1382 3245 1477 3307 altero
1500 3247 1620 3307 iaciente

337 3346 412 3407 alter
433 3348 561 3427 patitur,
591 3365 649 3407 non
673 3347 782 3415 activa,
811 3346 863 3406 sed
886 3353 991 3407 neutra
1014 3354 1044 3406 et
1066 3347 1199 3409 absoluta
1222 3348 1373 3415 dicuntur.
1419 3348 1548 3429 denique
1570 3366 1619 3407 nee

337 3448 435 3509 dativo
457 3456 507 3509 aut
529 3450 694 3509 accusativo
717 3447 762 3507 vel
785 3445 914 3507 ablativo
936 3448 1045 3509 sociari
1068 3456 1208 3528 possunt:
1237 3468 1305 3510 nam
1328 3468 1382 3510 nec
1405 3458 1476 3510 nato
1499 3450 1553 3511 tibi
1575 3460 1619 3511 aut

336 3556 366 3609 te
389 3556 440 3612 aut
461 3566 550 3609 eurro
572 3547 629 3609 tibi
653 3556 704 3610 aut
725 3566 814 3609 curro
836 3556 866 3609 te
889 3566 944 3607 nec
968 3550 1068 3610 esurio
1091 3570 1107 3611 a
1129 3558 1158 3611 te
1182 3559 1231 3613 aut
1253 3551 1375 3630 algena
1399 3560 1428 3610 te
1452 3551 1498 3612 vel
1522 3552 1619 3631 vapulo

336 3670 353 3711 a
376 3658 405 3712 te
427 3650 571 3720 dicimus,
598 3650 677 3731 quod
699 3668 757 3709 non
780 3656 825 3709 est
846 3649 987 3718 latinum,
1016 3650 1068 3711 sed
1091 3651 1196 3732 vapulo
1224 3660 1252 3712 te
1275 3654 1427 3714 caedente.
1473 3654 1618 3733 deponens
1629 3671 1653 3708 ao

337 3753 447 3814 dicitur
469 3752 547 3833 quod
569 3755 601 3812 in
624 3771 658 3812 or
679 3751 799 3833 quidem
821 3750 945 3820 desinit,
971 3752 1021 3811 sed
1046 3756 1152 3815 amissa
1176 3773 1191 3813 r
1213 3754 1312 3815 littera
1335 3754 1460 3815 latinum
1483 3774 1548 3815 esse
1570 3757 1617 3814 mi·

337 3856 416 3915 nime
445 3861 556 3935 potest,
585 3853 734 3933 habetque
762 3853 911 3913 interdum
941 3853 1069 3933 aliquam
1098 3858 1258 3927 actionem,
1288 3858 1421 3937 quamvis
1450 3859 1564 3935 passiva
1585 3858 1616 3915 sit

335 3956 510 4025 declinatio,
533 3962 567 4017 ut
588 3973 697 4036 sequor
718 3954 814 4014 luctor
834 3954 940 4036 loquor
962 3957 1080 4016 intueor
1103 3956 1256 4027 demolior,
1280 3966 1310 4017 et
1331 3958 1434 4019 itidem
1457 3960 1615 4038 passionem

336 4064 451 4119 tantum
478 4057 580 4125 modo,
610 4058 788 4117 uti-nascor
815 4060 927 4136 patior;
955 4058 1007 4117 sed
1031 4076 1088 4118 non
1112 4066 1156 4119 est
1178 4061 1341 4138 passivum,
1365 4062 1506 4139 quoniam
1528 4078 1614 4139 neque

336 4162 368 4219 in
390 4161 518 4221 activum
542 4158 620 4218 redit
641 4156 737 4218 ablata
759 4176 775 4217 r
797 4155 909 4228 littera,
933 4176 1029 4238 neque
1052 4162 1180 4239 patiente
1204 4158 1298 4221 altero
1319 4160 1443 4221 alterius
1465 4168 1511 4223 est
1532 4161 1612 4222 admi-
1625 4184 1651 4221 sa

337 4263 484 4323 nistratio.
515 4276 670 4319 commune
692 4258 804 4319 dicitur
827 4260 905 4339 quod
927 4262 958 4320 in
981 4279 1016 4320 or
1037 4262 1157 4341 quidem
1181 4262 1306 4331 desinit,
1330 4270 1362 4323 ut
1384 4262 1544 4343 deponens,
1566 4281 1612 4321 ner

229 4394 237 4421 t
336 4380 352 4421 r
373 4362 473 4425 littera
495 4379 599 4423 carere
621 4367 732 4439 potest,
755 4361 808 4421 sed
830 4370 987 4441 utramque
1011 4364 1118 4442 recipit
1140 4364 1403 4440 significationem,
1426 4372 1487 4425 tam
1509 4367 1611 4442 agentis

336 4482 424 4543 quam
446 4465 598 4545 patientis.
642 4462 771 4543 denique
800 4464 887 4523 etiam
917 4462 963 4523 bis
990 4461 1109 4524 casibus
1137 4466 1283 4543 iungitur,
1314 4466 1423 4547 quibus
1445 4470 1568 4527 aelirum
1587 4473 1611 4525 et

337 4569 504 4645 passivum,
527 4573 561 4625 ut
583 4566 726 4625 criminor
749 4572 779 4625 te
800 4566 945 4625 criminor
968 4584 984 4625 a
1008 4572 1052 4633 te,
1076 4564 1192 4627 osculor
1206 4575 1236 4629 te
1251 4569 1368 4629 osculor
1391 4588 1407 4629 a
1429 4578 1470 4630 te.
1499 4578 1529 4630 et
1549 4570 1609 4629 baec

405 4820 465 4869 lin
480 4816 608 4885 Rudente]
625 4820 731 4881 1,t,31
800 4816 1007 4884 lidlstinguntB
1076 4822 1108 4871 12
1120 4823 1322 4874 terminnntan
1390 4820 1607 4891 34patinerodor

336 4884 362 4936 B
429 4890 461 4938 ³7
478 4884 539 4953 mm]
557 4902 632 4951 quam
649 4903 717 4940 corr.
730 4886 818 4935 tamB
