3525 5600
311 393 350 457 16
868 393 1042 458 CLEDONll

334 515 355 557 p.
370 504 426 546 nse
440 505 465 546 as
478 501 501 544 n.

853 581 912 644 DE.
925 581 1050 645 VERBO

395 718 415 754 a
442 701 598 764 verberato
614 720 668 763 ore
682 710 766 764 motu
780 700 900 782 linguae
914 701 1024 763 locutio
1041 704 1182 762 firmetur.
1214 700 1267 763 sed
1287 700 1357 762 dum
1379 721 1482 764 omnes
1497 711 1600 783 partes

309 807 352 867 sic
375 806 459 880 dant,
489 803 612 865 verbum
633 807 775 875 maxime,
804 805 873 884 quia
895 822 965 884 pars
989 809 1033 864 est
1054 802 1240 884 principalis,
1270 806 1334 866 sine
1357 823 1414 884 qua
1436 803 1515 884 loqui
1536 824 1599 868 non

207 924 475 988 359‚4possomus.
509 941 550 951 ——
583 906 668 968 Cum
698 913 876 986 tempore:
912 907 1050 985 qnoniam
1078 903 1166 966 verba
1199 905 1384 986 temporibus
1412 905 1600 969 declinantur

302 1018 339 1078 et
359 1007 465 1080 modis,
489 1028 546 1089 quo
568 1009 657 1070 modo
680 1010 799 1069 nomina
822 1006 951 1068 casibus.
976 1043 1015 1053 -
1038 1007 1126 1067 Sine
1149 1025 1250 1068 casu:
1274 1025 1343 1069 casu
1366 1015 1456 1079 caret,
1480 1016 1509 1068 et
1530 1007 1625 1069 ideos

309 1111 381 1171 dixit
403 1113 468 1172 sine
490 1129 574 1180 casu,
605 1119 726 1191 propter
749 1127 854 1188 graeca
876 1109 965 1171 verba
989 1110 1049 1170 ‘est
1071 1107 1124 1169 tibi
1146 1107 1229 1188 loqui
1237 1114 1255 1180 ',
1279 1112 1341 1170 ‘est
1363 1109 1513 1171 ambulare
1538 1115 1543 1182 Ι
1567 1113 1598 1172 in

307 1213 408 1282 loro;'
433 1220 485 1275 'est
511 1212 650 1282 verbum,
679 1211 832 1273 ambulare
858 1211 995 1281 verbnm,
1031 1218 1060 1271 et
1086 1209 1145 1270 duo
1173 1209 1262 1272 verba
1291 1213 1373 1288 iungi
1400 1229 1461 1274 non
1489 1211 1600 1275 debent

278 1314 402 1384 ssimul.
447 1317 536 1394 igitur
558 1303 601 1374 illi
624 1316 667 1374 sic
695 1320 817 1375 utuntur
839 1314 962 1374 infinitis
985 1309 1101 1392 verllbis
1124 1313 1207 1392 quasi
1229 1312 1409 1373 nominibus.
1437 1349 1472 1358 -
1502 1315 1598 1378 Neu-

280 1424 417 1477 ttrnm:
434 1435 490 1477 nec
505 1433 594 1495 agere
610 1435 664 1477 nec
679 1419 754 1496 pati,
772 1424 805 1477 ut
819 1423 865 1477 est
878 1434 978 1476 curro.
998 1449 1032 1460 —
1054 1413 1221 1486 Qualitas
1238 1413 1451 1476 verborum:
1474 1417 1599 1496 qualitas

308 1518 430 1587 accidit,
461 1525 492 1579 ut
518 1520 646 1579 sciamus
673 1517 759 1599 quale
784 1520 823 1578 sit
850 1517 974 1579 verbum
996 1518 1026 1576 iu
1049 1515 1145 1577 modis
1167 1523 1196 1576 et
1217 1517 1248 1576 in
1270 1515 1467 1596 temporibus;
1493 1521 1643 1594 coniti-1⁰

308 1622 400 1699 gatio,
425 1627 457 1680 ut
478 1621 605 1694 sciamus
627 1628 727 1680 utrum
748 1621 844 1701 prima
866 1638 904 1680 an
927 1618 1071 1687 secundm
1095 1635 1204 1697 genus,
1228 1625 1260 1678 ut
1280 1617 1485 1698 intellegamus
1507 1623 1599 1700 signi·

308 1724 469 1793 ficationes,
492 1730 592 1783 utrum
614 1723 725 1782 activae
747 1723 807 1782 sint
829 1741 865 1783 an
881 1723 1027 1802 passivam
1051 1737 1209 1790 numerus,
1233 1721 1310 1780 sicut
1332 1721 1499 1790 nominum;
1522 1729 1598 1782 tem-

307 1843 377 1904 pos,
401 1843 461 1905 quo
483 1825 692 1903 cognoscimus
712 1843 775 1885 rem
796 1831 925 1902 gestam;
949 1840 1092 1904 persona,
1109 1839 1163 1901 per
1185 1839 1274 1902 quam
1296 1822 1411 1902 singula
1434 1821 1598 1885 dividimus

280 1939 346 1988 9-
372 1927 655 1989 Coniunctivns:
685 1927 890 1987 coniunctivus
917 1925 985 1987 ideo
1013 1924 1117 1994 dictus,
1141 1925 1208 2004 quia
1231 1923 1311 1986 solus
1333 1942 1453 1986 sensum
1473 1924 1600 2006 implere

231 2044 240 2052 ’
308 2047 368 2090 non
392 2036 503 2109 potest,
528 2036 651 2108 utputa
673 2032 758 2089 ‘cum
781 2027 896 2106 legero,
921 2025 1156 2126 surgam'xhanc
1178 2033 1293 2106 partem
1315 2027 1459 2088 orationis
1475 2026 1530 2088 sibi
1545 2026 1598 2087 ad·
1615 2041 1645 2083 rs
1743 2077 1744 2088 ,

308 2134 420 2209 iungit,
445 2149 578 2208 surgam,
602 2149 688 2210 quam
712 2132 737 2190 si
760 2130 907 2199 detrahas,
930 2127 1036 2208 plenus
1058 2146 1163 2189 sensus
1186 2145 1246 2188 non
1270 2134 1324 2188 est.
1347 2128 1428 2191 modi
1445 2147 1497 2190 sex
1518 2137 1598 2190 sunt.

308 2235 500 2314 promissivus
515 2231 621 2294 modus
636 2251 695 2292 non
712 2240 766 2302 est,
783 2232 835 2293 sed
851 2241 897 2292 est
911 2231 1059 2292 indicativi
1074 2229 1154 2290 modi
1171 2240 1287 2310 tempus
1300 2231 1442 2293 futurum.
1465 2233 1601 2294 infinitus

309 2335 430 2406 dieitur,
447 2337 498 2414 qui
514 2353 654 2396 numeros
669 2342 807 2414 tempora¹
817 2351 969 2414 personas,
996 2330 1001 2415 Ι
1021 2333 1174 2396 confusum
1191 2331 1281 2393 habet
1297 2340 1401 2394 totum.
1425 2336 1600 2415 inpersona-

308 2437 344 2498 lis
366 2437 472 2498 modus
495 2443 554 2507 est,
578 2435 688 2515 quide
710 2437 925 2514 significatione
946 2454 997 2497 sua
1013 2454 1157 2516 personas
1179 2453 1239 2496 non
1261 2435 1339 2504 lacit,
1363 2435 1414 2497 sed
1430 2435 1467 2497 de
1488 2454 1600 2516 prono-

264 2553 295 2600 10
307 2538 436 2601 minibus
458 2556 601 2621 personas
615 2540 719 2607 sumit,
742 2547 776 2599 nt
790 2538 898 2618 legitur
913 2557 929 2600 a
945 2557 1008 2610 me,
1032 2557 1048 2598 a
1064 2545 1106 2608 te,
1130 2537 1168 2598 ab
1188 2537 1238 2599 illo
1253 2535 1298 2600 vel
1315 2535 1351 2598 ab
1368 2557 1413 2598 eo.
1438 2573 1478 2582 -
1500 2537 1644 2608 Quaeso
1743 2541 1744 2620 g

308 2649 395 2703 sunt
422 2642 578 2702 lormae:
617 2647 770 2720 quattuor,
801 2660 877 2721 quae
911 2640 1021 2702 habent
1052 2639 1212 2702 verborum
1243 2642 1376 2719 ipsorum
1409 2641 1601 2718 significatio-

309 2763 386 2806 nem.
432 2763 500 2805 nam
528 2744 601 2805 haec
630 2750 676 2804 est
705 2742 800 2804 lorma
822 2744 953 2824 perlecta
975 2743 1056 2822 lege,
1082 2761 1157 2823 quae
1180 2749 1224 2805 est
1247 2749 1276 2805 et
1296 2743 1471 2821 significatio
1494 2743 1599 2804 activa.

309 2881 350 2891 —
372 2846 601 2908 lleditativa:
630 2844 800 2906 meditativa
828 2848 921 2925 prima
944 2844 1033 2905 debet
1054 2864 1134 2915 esse,
1164 2847 1231 2925 qnia
1254 2853 1323 2907 ante
1344 2844 1522 2907 meditamur
1545 2844 1601 2905 ali·

309 2948 380 3025 quid
404 2949 496 3009 etsie
519 2947 708 3017 inchoamns;
733 2954 762 3007 et
783 2947 950 3007 meditativa
974 2954 1020 3008 est
1041 2966 1057 3007 a
1080 2948 1272 3009 meditatione
1294 2948 1387 3017 dicta,
1410 2955 1442 3008 ut
1463 2946 1598 3021 lecturio,

308 3050 408 3129 legere
429 3049 509 3109 volo:
540 3067 599 3112 non
628 3056 725 3110 actum
754 3050 847 3119 enim,
878 3048 930 3109 sed
959 3048 1065 3127 agendi
1093 3058 1266 3130 apparatum
1288 3048 1386 3109 habet.
1431 3050 1645 3111 inchoativae,

310 3162 355 3214 est
377 3170 451 3233 quae
472 3150 593 3211 inolroat
615 3160 645 3212 et
665 3153 747 3212 venit
768 3169 785 3211 a
806 3148 933 3212 neutrali
955 3151 1056 3221 verbo,
1079 3159 1112 3212 ut
1134 3150 1224 3212 ardeo
1246 3151 1333 3213 ardes
1355 3150 1488 3221 ardesco,
1513 3151 1559 3212 vel
1581 3171 1599 3211 a

308 3274 340 3315 se
368 3256 478 3322 oritur,
508 3263 541 3314 ut
570 3255 721 3315 inanesco.
768 3261 798 3314 et
824 3253 988 3315 inchoativa
1017 3255 1111 3315 lorma
1137 3272 1193 3315 nec
1216 3255 1408 3333 praeteritum
1431 3251 1522 3314 habet
1541 3272 1599 3315 nec

309 3358 450 3418 loturum.
495 3355 708 3437 frequentativa
737 3363 782 3415 est
803 3372 879 3434 qnae
902 3374 957 3417 nos
980 3356 1109 3417 ostendit
1128 3357 1300 3436 frequenter
1322 3354 1432 3436 aliquid
1454 3356 1566 3427 lacere,
1592 3355 1597 3437 Ι

263 3472 295 3521 22
308 3468 340 3519 ut
362 3458 475 3533 lectito,
499 3457 556 3518 hec
580 3465 625 3518 est
646 3459 819 3538 frequenter
841 3456 917 3535 lege.
940 3492 982 3502 —
1004 3458 1113 3529 Quarta
1137 3459 1304 3537 coniugatio
1320 3478 1335 3519 a
1350 3460 1437 3520 tertia
1460 3458 1529 3519 hinc
1552 3476 1599 3519 se·

308 3567 444 3640 paratur,
468 3558 546 3639 quod
569 3568 673 3637 quarta
695 3560 862 3637 coniugatio
885 3576 1002 3639 semper
1024 3562 1055 3621 in
1071 3561 1165 3623 activo
1180 3570 1248 3622 ante
1269 3550 1410 3623 literani
1424 3560 1600 3641 productam
1618 3580 1648 3621 so

309 3660 411 3731 habet,
440 3663 470 3721 in
498 3663 614 3741 passivo
636 3671 705 3723 ante
726 3659 884 3740 syllabam,
916 3669 948 3722 nt
969 3662 1055 3723 audio
1079 3662 1176 3735 audis,
1201 3663 1306 3725 audior
1328 3662 1446 3725 audiris.
1493 3670 1523 3724 et
1544 3662 1600 3723 du·

307 3764 414 3845 plicem
443 3763 575 3824 luterum
601 3763 705 3831 habet;
733 3782 801 3835 nam
831 3764 912 3823 etin
936 3782 982 3823 am
1006 3765 1097 3827 mittit
1119 3771 1148 3826 et
1169 3766 1200 3827 in
1221 3766 1275 3837 bo,
1300 3772 1333 3827 ut
1356 3764 1472 3826 audiam
1495 3771 1525 3825 et
1546 3782 1601 3826 au·

308 3865 392 3936 dibo;
417 3873 446 3926 et
467 3866 614 3925 infinitum
636 3882 754 3943 semper
775 3864 930 3945 producit,
954 3875 986 3926 ut
1007 3866 1110 3929 audire
1132 3868 1257 3929 munire.

277 3984 295 4031 4
393 3967 476 4029 Cum
504 3976 674 4046 tempore
703 3975 739 4028 et
764 3986 941 4048 persona:
977 3970 1086 4049 quare?
1116 3972 1182 4049 quia
1212 3970 1268 4032 ista
1296 3969 1353 4032 sibi
1378 3970 1504 4031 invicem
1532 3976 1604 4030 sunt

221 4057 224 4060 ⁵
306 4073 420 4139 iuncta,
456 4077 485 4130 et
515 4087 646 4149 persona
679 4074 805 4150 tempori
833 4080 863 4131 et
888 4078 1005 4151 tempus
1033 4088 1187 4150 personae.
1232 4090 1300 4134 nam
1328 4072 1353 4133 si
1379 4090 1507 4152 persona
1536 4071 1601 4133 sola
1617 4091 1649 4132 ss

556 4225 610 4233 —0-

377 4308 671 4361 sondemus-o.
744 4310 920 4362 2oraeeorr.
940 4326 985 4361 ore
1055 4308 1216 4361 3maximse
1285 4312 1408 4373 sineque
1473 4308 1599 4361 dimiono

378 4380 411 4431 13
427 4378 487 4444 quo]
510 4394 574 4443 qnos
645 4379 677 4430 15
694 4387 767 4446 potes
838 4379 871 4431 18
887 4380 1031 4430 comissum
1102 4382 1136 4430 20
1155 4390 1294 4445 quaesunt
1313 4380 1410 4430 lemnae
1511 4381 1596 4445 (corr.

307 4465 380 4501 manu
398 4452 494 4500 recenti
511 4450 659 4513 formaeque
677 4451 740 4515 ego)
759 4450 817 4512 qnia
835 4449 928 4500 habent
999 4448 1032 4499 '23
1050 4450 1201 4500 medimnus
1272 4452 1305 4501 27
1325 4448 1455 4516 insuesco]
1479 4464 1598 4501 madesco

375 4522 409 4573 29
428 4532 574 4588 separatum
644 4519 678 4571 30
696 4528 754 4569 ante
769 4522 852 4569 littera
922 4520 955 4571 34
972 4518 1061 4586 quare]
1081 4529 1169 4584 quarte

377 4744 538 4793 2verbercto
556 4742 765 4796 aerePutecdius.
783 4745 881 4806 lacmaa,
900 4758 973 4807 ᾳιιιιιιι
989 4742 1106 4805 indicavi,
1125 4744 1218 4795 initimn
1235 4752 1358 4797 tractatas
1376 4744 1408 4797 de
1421 4744 1497 4796 cerdo
1512 4746 1598 4809 periit.

307 4815 418 4864 lesbum
442 4814 501 4863 inde
524 4814 634 4876 dictum,
660 4814 729 4879 qnod
746 4817 877 4864 verberato
897 4828 992 4863 ore-
1011 4812 1133 4865 formetur
1154 4817 1259 4865 coniecit
1281 4816 1455 4882 Hapeaus
1474 4816 1508 4869 to
1532 4830 1598 4881 qnae

307 4894 367 4939 sunt
384 4884 548 4934 formatione:
567 4885 625 4934 ideo
639 4886 699 4951 qnia
713 4884 854 4935 Paraclriua.
871 4884 986 4949 fortasse
1005 4892 1065 4947 quot
1080 4891 1137 4934 snut
1153 4884 1266 4939 formae?
