3525 5600
326 393 387 458 132
655 416 660 426 ¹
899 395 1053 458 Ponrutt

350 515 371 556 p.
385 504 461 544 tto-so
475 501 498 543 L.

410 581 496 654 Quod
525 584 549 642 si
577 583 621 642 ris
649 581 781 645 codicem
811 581 1010 660 distinguere,
1040 584 1079 642 ita
1103 580 1259 660 distingue.
1298 581 1415 661 quando
1439 583 1481 641 vis
1504 587 1632 641 acutum

325 693 483 746 accentum
505 685 617 754 iacere,
640 683 748 744 lineam
772 703 789 744 a
811 685 932 744 sinistra
955 685 1091 764 partein
1115 683 1267 744 dexteram
1289 690 1403 764 partem
1426 701 1549 744 sursum
1575 681 1632 742 du·

325 789 400 856 cito;
424 785 542 867 quando
565 787 609 846 ris
631 804 766 864 gravem,
790 804 806 845 a
829 802 943 846 summa
965 787 1084 846 sinistra
1108 788 1138 845 in
1162 785 1314 847 dexteram
1337 784 1526 854 descendito;
1553 801 1631 862 quo-

248 938 254 948 ,
324 891 400 950 tiens
427 891 471 949 ris
501 887 741 958 circumflexum,
772 887 808 948 de
837 889 919 966 gravi
948 895 977 947 et
1005 887 1041 948 de
1071 896 1157 948 acuto
1179 888 1240 956 lac;
1270 889 1405 966 quotiens
1427 889 1470 949 vis
1491 887 1632 965 longam,

319 990 364 1037 '-
388 991 444 1052 hoc
467 990 605 1051 adiacens
626 990 686 1060 lac;
710 991 848 1070 quotiens
870 991 914 1049 vis
936 987 1072 1060 brevem,
1096 1024 1114 1041 υ
1136 990 1193 1050 hoc
1215 989 1354 1083 adiacens
1374 991 1431 1052 lac.
1462 987 1509 1050 his
1533 987 1660 1050 rehuss

323 1095 457 1154 tractatis
485 1100 647 1172 supersunt
677 1089 727 1152 alii
755 1100 895 1152 accentus
923 1098 999 1160 tres,
1029 1091 1147 1172 hyphen
1175 1091 1372 1172 apostrophos
1385 1091 1531 1158 ,diastole
1581 1091 1634 1150 isti

323 1202 464 1256 accentus
487 1194 556 1272 quid
580 1195 750 1275 praestant?
772 1193 892 1275 hyphen
914 1193 1049 1264 dicimus,
1067 1194 1185 1274 quando
1209 1194 1268 1254 duo
1290 1193 1380 1254 verba
1403 1194 1633 1271 coniungimus

323 1315 361 1357 ne
384 1304 464 1358 erret
485 1314 559 1376 puer
582 1306 612 1356 et
633 1295 710 1357 nrale
731 1297 920 1375 pronuntiet,
951 1304 983 1356 ut
1004 1298 1029 1356 si
1051 1296 1176 1356 dicimus
1200 1295 1399 1357 ‘antetulit
1420 1296 1632 1374 gressum’‚

323 1417 361 1458 ne
390 1397 472 1459 dicat·
498 1401 582 1459 ‘ante
605 1395 699 1458 tulit'.
746 1407 775 1457 et
802 1416 861 1477 quo
890 1397 978 1458 modo
1000 1399 1153 1477 iungitur?
1175 1397 1315 1478 syllabam
1340 1397 1472 1457 ultimam
1497 1413 1632 1477 praece·

322 1498 419 1560 dentis
442 1499 532 1570 verbi,
555 1499 730 1579 posterioris
751 1510 925 1580 sequentem
948 1499 1080 1562 subiecta
1104 1498 1214 1577 virgula
1238 1497 1420 1568 circumdas,
1444 1497 1670 1578 ‘antevtulitao

322 1605 490 1680 gressum'3
515 1601 519 1682 Ι
549 1609 650 1681 teja,
679 1603 757 1680 ipsas
778 1604 850 1663 istas
872 1601 1003 1664 subiecta
1027 1604 1080 1662 ista
1104 1600 1215 1680 virgula
1239 1601 1415 1662 circumdas.
1462 1608 1490 1660 et
1515 1599 1633 1660 dicitur

321 1703 455 1783 hyphen,
478 1705 546 1783 quia
569 1705 724 1782 coniungit
744 1706 786 1765 sic
807 1707 888 1766 istas.
928 1704 1053 1765 diastole
1075 1704 1227 1782 disiungit.
1264 1714 1297 1763 ut
1320 1705 1344 1764 si
1366 1702 1447 1764 dicas
1470 1701 1633 1762 ‘viridi-

322 1807 454 1882 quein
484 1805 597 1867 litore
631 1807 999 1889 conspicitur)sus'.
1044 1825 1082 1866 ne
1106 1813 1186 1868 erret
1208 1823 1283 1885 puer
1306 1812 1336 1866 et
1357 1805 1634 1883 dicat‘conspicit
1727 1825 1728 1828 ¹

322 1911 438 1977 ursus',
462 1907 498 1967 ad
521 1908 607 1968 istam
630 1916 679 1968 tur
701 1908 837 1970 addimus
854 1924 876 1978 r,
900 1907 929 1968 id
953 1915 999 1969 est
1021 1907 1241 1970 circumflexam
1265 1905 1422 1984 virgulam,
1447 1913 1476 1966 et
1497 1909 1541 1966 ita
1569 1905 1633 1966 dis·
1727 1937 1728 1942 κ

322 2010 481 2086 iungimus.
513 2016 558 2068 est
580 2010 668 2070 etiam
691 2011 896 2092 apostrophos.
921 2028 940 2064 a
968 2009 1045 2090 apud
1062 2009 1181 2070 latinos
1204 2027 1263 2070 non
1287 2007 1373 2069 laoile
1395 2011 1426 2068 in
1449 2006 1633 2070 nominibus
1647 2025 1671 2064 aa
1727 2033 1728 2044 κ

321 2113 485 2180 invenitur,
510 2111 567 2170 nisi
581 2130 671 2193 quem
694 2112 730 2173 ad
754 2110 874 2173 modum
891 2113 1069 2174 remanserit
1090 2112 1119 2172 in
1144 2109 1312 2172 nominihus
1335 2110 1392 2172 hoc
1407 2109 1484 2191 apud
1500 2108 1635 2170 Latinos
1727 2109 1728 2172 l

322 2231 398 2292 quae
425 2214 451 2273 si
477 2215 663 2273 remanserit.
709 2215 786 2294 apud
810 2214 940 2274 Graecos
968 2213 1039 2276 licet
1066 2212 1152 2274 nobis
1182 2221 1211 2273 et
1237 2212 1438 2294 apostrophon
1467 2212 1575 2271 iacere
1602 2219 1634 2270 et
1727 2265 1728 2268 ,

321 2315 422 2376 dicere
450 2313 570 2394 plenum
598 2315 741 2384 verbum;
764 2314 842 2396 apud
866 2315 986 2376 Latinos
1013 2334 1082 2377 non.
1129 2314 1255 2376 cervical
1277 2315 1424 2384 Graecus,
1447 2311 1574 2392 quando
1600 2314 1632 2371 in
1727 2305 1728 2378 Q

321 2423 416 2478 metro
438 2415 586 2496 loquitur,
609 2419 652 2478 sic
675 2417 760 2487 dicit,
782 2435 871 2498 quem
896 2417 932 2478 ad
955 2417 1077 2479 modum
1100 2419 1287 2479 remanserit
1319 2434 1378 2477 non
1395 2416 1483 2484 enim,
1500 2413 1633 2496 quando
1727 2429 1728 2452 ³

321 2517 417 2580 soluta
432 2520 527 2580 oratio
544 2526 604 2590 est,
628 2519 700 2580 dicit
715 2519 856 2591 cervical,
880 2521 933 2582 sed
950 2520 1021 2581 dicit
1035 2520 1122 2600 plena
1139 2517 1237 2580 verba.
1269 2519 1346 2600 apud
1362 2518 1483 2579 latinos
1498 2517 1632 2595 quando
1646 2539 1671 2575 a»
1727 2513 1728 2534 ³

320 2620 519 2700 apostrophos
547 2621 593 2691 lit,
621 2623 647 2682 si
673 2639 759 2702 passa
782 2621 888 2693 luerit,
916 2641 1002 2701 passa
1026 2629 1070 2683 est
1091 2623 1226 2702 penitus,
1250 2623 1362 2683 sivein
1386 2629 1482 2682 metro
1505 2621 1572 2680 sire
1599 2621 1632 2680 in

320 2722 414 2783 soluta
437 2723 583 2783 oratione.
628 2724 698 2784 item
726 2725 758 2782 in
785 2723 1045 2784 coniunctionibus
1078 2703 1197 2785 servant
1230 2725 1326 2805 legem
1357 2741 1503 2804 graecam.
1555 2739 1631 2782 nam
1727 2745 1728 2760 ¹

321 2823 366 2904 [in
390 2822 665 2905 coniunctionibus]
688 2828 718 2886 in
741 2833 837 2886 metro
861 2824 1017 2897 deliciunt,
1047 2829 1078 2887 in
1100 2826 1195 2888 soluta
1218 2830 1353 2889 oratione
1375 2833 1502 2887 servant.
1548 2832 1631 2904 puta

321 2931 441 2987 tanton'
465 2946 527 2998 me,
558 2930 583 2987 si
610 2926 707 2988 soluta
735 2935 813 2988 esset
842 2930 947 2997 oratio,
977 2926 1097 3008 plenum
1121 2929 1235 2990 diceret
1258 2933 1398 2990 ‘tantone
1420 2946 1468 2987 me
1491 2927 1631 2987 crimine
1727 2998 1728 3011 χ

320 3030 468 3108 dlgnum'.
499 3033 586 3089 men'
609 3029 750 3097 dicimus3
778 3030 873 3092 soluta
904 3033 998 3093 oratio
1020 3032 1045 3092 si
1068 3038 1159 3103 esset,
1183 3050 1270 3093 mene
1293 3030 1415 3091 diceret.
1460 3044 1533 3106 ergo
1557 3047 1630 3089 ser·
1646 3052 1670 3089 aa

320 3138 405 3192 vatur
426 3130 475 3191 illa
498 3132 545 3191 lex
568 3150 674 3210 graeca
696 3134 727 3192 in
749 3132 1026 3202 coniunctionibus:
1050 3134 1080 3193 in
1103 3134 1210 3193 ceteris
1232 3130 1365 3212 partibus
1384 3132 1529 3191 orationis
1545 3150 1631 3210 opus
1727 3132 1728 3143 ³

320 3239 419 3292 estut
446 3232 537 3293 semel
560 3230 741 3313 perjtuleriu
771 3236 795 3293 si
817 3233 908 3293 semel
932 3234 1103 3314 pertulerit,
1134 3237 1191 3295 iam
1215 3236 1309 3315 ipsam
1332 3240 1438 3295 servat.
1483 3241 1630 3295 ceterum
1727 3264 1728 3313 3

318 3334 361 3394 illi
389 3341 529 3395 accentus
557 3334 708 3414 superfluo
735 3333 899 3407 adduntur,
929 3335 1007 3397 dasia
1030 3334 1066 3396 'et
1094 3334 1178 3415 psile.
1229 3355 1283 3397 nos
1312 3337 1391 3396 enim
1414 3332 1564 3395 habemus
1591 3334 1629 3403 h;
1727 3414 1728 3419 ἵ

319 3444 349 3495 et
376 3434 428 3497 uhi
456 3446 500 3496 est
527 3436 562 3506 h,
592 3435 671 3498 dasla
699 3444 758 3513 est,
787 3447 820 3499 ut
843 3446 912 3516 puta
939 3438 1043 3506 homo;
1068 3437 1117 3497 ubi
1139 3456 1199 3498 non
1223 3446 1280 3507 est,
1304 3436 1378 3517 psile
1401 3444 1459 3510 est,
1484 3444 1519 3497 ut
1548 3444 1630 3515 puta

319 3555 416 3597 omen.
461 3546 531 3618 puta
560 3539 602 3599 sic
624 3538 697 3599 duas
719 3538 831 3600 litteras
853 3538 945 3601 habes
968 3539 1045 3619 aliud
1068 3542 1209 3601 Graecos.
1254 3540 1306 3601 sed
1329 3540 1406 3600 scire
1428 3537 1522 3597 debes
1545 3556 1668 3618 quo-ao

319 3640 397 3699 niam
420 3640 516 3700 Latini
546 3640 639 3720 ipsam
668 3639 796 3701 litteram
825 3640 944 3701 latinam
972 3640 1009 3700 de
1037 3640 1096 3701 illis
1125 3640 1241 3702 duobus
1268 3638 1439 3702 accentibus
1470 3639 1626 3701 lecerunt.

313 3958 319 3963 .
390 3915 404 3964 l
430 3914 465 3963 ita
487 3913 620 3979 distingne
639 3913 735 3964 (latita
754 3913 899 3979 distingues
917 3912 950 3975 B,
969 3914 1057 3965 onnA
1127 3912 1190 3964 sut
1208 3914 1230 3962 si
1248 3914 1357 3963 dicimus
1374 3914 1401 3964 B
1418 3920 1446 3963 ut
1463 3914 1485 3962 si
1504 3912 1627 3963 diximus
1727 3972 1728 3977 Ἰ

317 3998 354 4033 ac
371 3992 399 4032 ut
417 3986 439 4033 si
457 3982 665 4033 dixemusAut
681 3983 834 4033 diximusC
904 3981 1029 4047 antetulit]
1059 3984 1221 4051 Verp.Aen.
1242 3984 1277 4033 Vl
1295 3984 1347 4035 ott
1400 3984 1434 4035 12
1451 3982 1538 4048 yphen
1558 3985 1626 4047 qnia

282 4065 284 4069 ⁴
318 4054 451 4118 coniungit
468 4056 507 4102 sic
524 4052 718 4117 istaByphen
737 4054 868 4118 coniungit
886 4054 923 4103 sic
941 4055 989 4104 ista
1007 4052 1057 4102 Ad
1109 4050 1246 4119 viridique]
1272 4053 1432 4117 Verp.Aen.
1455 4052 1567 4103 v11183

320 4126 352 4174 lt
370 4124 490 4174 addimus
507 4138 555 4173 con
574 4122 600 4172 id
618 4132 657 4172 est
674 4124 794 4173 circulum
814 4124 908 4173 llexam
925 4123 1049 4188 uirgulam
1067 4124 1091 4172 A
1164 4125 1197 4175 lit
1215 4126 1336 4182 lacunam,
1355 4140 1405 4189 prta
1424 4124 1536 4185 desieritis
1555 4138 1624 4187 apo-

316 4194 416 4259 stropha·
435 4194 546 4255 excidit,
568 4193 691 4249 indiacum
715 4196 740 4242 in
765 4195 870 4259 reliquis
887 4200 1032 4257 comtptam
1052 4196 1162 4244 codicton
1185 4195 1336 4259 scripturam
1353 4194 1454 4247 retinui.
1491 4196 1625 4243 sententia

318 4274 397 4315 mrtem
408 4264 565 4328 prmamatiet'
580 4264 627 4313 hoc
642 4263 702 4326 fere
720 4266 793 4314 modo
811 4266 912 4315 reatr'tut'
931 4268 1035 4327 poterit,
1053 4264 1121 4329 apud
1142 4264 1247 4313 Latinos
1265 4278 1315 4313 non
1332 4262 1406 4313 facile
1426 4264 1452 4313 in
1469 4262 1625 4313 nominibus

319 4335 448 4383 invenitur
461 4334 643 4399 apostrophus,
657 4333 707 4382 nisi
719 4348 793 4395 quem
806 4335 956 4384 admodum
976 4335 1135 4394 remanserit,
1154 4334 1203 4383 hoe
1215 4344 1254 4383 est
1270 4335 1338 4399 apud
1352 4334 1457 4383 Latinos
1469 4347 1536 4397 quae
1554 4348 1622 4399 apo·

318 4404 450 4469 stropham
470 4404 606 4453 habuerint
623 4418 673 4452 non
692 4404 752 4453 licet
771 4405 844 4454 nobis
863 4404 948 4454 dicere
968 4406 1018 4454 nisi
1036 4406 1074 4453 sio
1093 4420 1166 4468 quem
1188 4405 1219 4452 ad
1239 4404 1341 4453 modum
1361 4404 1530 4453 remanseriut
1589 4403 1624 4454 lli

318 4474 367 4523 hoc
389 4474 422 4523 ad
446 4475 541 4523 latinos
563 4474 637 4536 quasi
654 4474 680 4523 B
768 4474 801 4525 18
824 4488 916 4540 grecos
940 4475 1042 4539 quando
1062 4476 1101 4536 (in
1125 4476 1185 4523 odd.
1204 4476 1232 4533 a)
1252 4484 1331 4525 uretro
1352 4473 1463 4535 loquitur
1482 4474 1520 4521 sic
1542 4472 1623 4537 (dicit

316 4544 378 4595 add.
397 4543 428 4609 a)
446 4558 521 4608 quem
540 4544 571 4592 ad
589 4543 693 4592 modum
706 4542 731 4591 Α
802 4546 837 4595 20
855 4545 917 4594 dicit
935 4544 1042 4593 certaical
1057 4543 1103 4593 sed
1121 4545 1183 4593 dicit
1199 4544 1273 4595 nea
1294 4542 1438 4593 decer-nicol
1458 4542 1503 4593 sed
1523 4542 1623 4593 elicitur

317 4614 342 4661 A
413 4617 447 4664 24
465 4612 580 4677 tanton']
606 4614 685 4677 Verp.
702 4613 769 4663 Aen.
789 4613 813 4663 X
830 4614 883 4663 668
953 4615 987 4665 25
1007 4628 1068 4680 ergo
1089 4622 1204 4663 servatur
1223 4614 1409 4665 Lindemaaaas
1426 4628 1488 4680 ergo
1507 4612 1623 4663 soluitur

317 4680 402 4734 ABG
485 4683 519 4734 26
538 4686 562 4732 in
581 4680 682 4748 ceteris]
701 4684 808 4750 integris
823 4684 875 4734 Ac
891 4684 915 4733 in
933 4684 1041 4749 integris
1059 4683 1084 4733 B
1172 4683 1207 4734 30
1225 4694 1286 4750 puta
1305 4686 1327 4735 si
1345 4685 1418 4734 dicos
1436 4686 1501 4732 duas
1517 4684 1622 4734 litteras

317 4753 396 4802 habet
411 4754 480 4818 apud
496 4768 587 4818 grecos
607 4755 651 4802 ard
671 4756 736 4804 scire
755 4756 780 4803 B
795 4763 857 4819 puto
874 4756 896 4803 si
915 4754 991 4814 (dicis
1007 4755 1067 4808 add.
1084 4754 1112 4814 c)
1131 4754 1195 4805 tuos
1214 4754 1312 4803 litteras
1327 4754 1404 4805 hahet
1423 4753 1491 4818 apud
1506 4768 1622 4818 graecos

317 4825 382 4872 seire
402 4823 422 4873 0
439 4832 500 4888 puta
517 4824 538 4872 si
557 4824 598 4873 dic
617 4824 681 4874 duas
701 4824 798 4873 litteras
819 4865 927 4878 ......
949 4824 1037 4886 (hahet
1052 4826 1113 4875 udal.
1133 4828 1158 4875 in
1178 4824 1271 4889 uturp.)
1287 4824 1352 4890 apud
1373 4838 1464 4889 grecos
1484 4824 1529 4872 sed
1550 4826 1622 4873 scire
1726 4828 1728 4845 ⁴

316 4895 341 4943 Α
356 4903 418 4959 puta
437 4894 473 4941 sie
493 4894 533 4941 dic
552 4894 616 4943 doras
636 4894 733 4943 litteras
752 4894 843 4943 latinas
863 4894 932 4960 apud
952 4910 1041 4959 grecos
1061 4895 1104 4944 sed
1124 4897 1188 4943 scire
1204 4895 1227 4942 1,
