3525 5600
323 372 384 437 174
894 373 1048 437 ΡΟΜΡΕΙΙ

347 495 368 536 p.
383 483 471 523 rio-78
484 482 506 521 Ι,

321 565 371 624 ‘in
399 563 507 642 quibus
533 580 642 640 genera
671 561 864 625 discernenda
893 570 976 633 suut,
1007 562 1092 624 aliter
1119 562 1327 642 proterenaa’.
1374 573 1403 624 et
1430 529 1502 643 lprid
1526 560 1625 640 ergo?
1718 625 1719 630 γ

321 665 489 726 iaciendum
514 671 558 724 est
578 670 612 724 ul
631 666 707 725 scias
735 683 828 744 pauca
857 681 922 726 esse
950 681 1026 742 quae
1049 665 1212 726 differenda
1234 674 1318 735 sunt,
1344 672 1373 726 ει
1395 665 1465 726 dicit
1489 663 1625 743 ‘absque

320 769 384 828 istis
407 769 505 828 omnia
527 767 558 826 iu
580 767 604 826 is
626 765 806 845 prolerenda
829 771 926 826 sunt'.
973 768 1019 826 vix
1042 769 1172 846 quinque
1201 775 1250 828 aut
1271 787 1322 828 sex
1345 769 1543 830 inveniuntur
1570 783 1624 826 no·

321 872 400 930 mina
423 887 498 946 quae
520 870 560 928 ita
583 868 789 947 proferantur,
814 868 892 929 mula
916 868 1061 929 mularum
1085 868 1236 938 mulabus,
1261 887 1335 949 equa
1359 887 1502 947 equarum
1529 885 1626 945 equa·
1718 859 1719 918 Ϊ

218 955 220 961 ’
319 971 390 1043 hus,
415 970 473 1032 tilia
494 970 619 1032 filiarum
642 970 771 1041 filiabus,
795 970 851 1031 dea
874 970 995 1032 dearum
1020 970 1146 1041 deabus
1171 970 1333 1052 etreliqua
1357 990 1448 1032 unum
1471 977 1525 1031 aut
1552 969 1650 1030 duna

318 1075 376 1134 iam
405 1075 469 1150 ipse
498 1072 585 1143 dixit,
615 1091 690 1153 quae
718 1080 787 1132 sunt
815 1081 937 1152 excepta
967 1072 1155 1134 discretionis
1183 1091 1277 1134 causa.
1323 1075 1395 1134 item
1429 1091 1445 1134 ε
1477 1080 1627 1150 correpta

319 1175 417 1237 littera
447 1176 632 1237 terminatus
648 1174 792 1236 ablativus
819 1176 988 1254 genetivum
1012 1173 1156 1253 pluralem
1180 1176 1210 1236 in
1234 1195 1283 1236 um
1305 1177 1409 1246 mittit,
1433 1175 1575 1236 dativum
1598 1182 1628 1234 et

319 1276 477 1340 ablativum
499 1279 530 1338 in
553 1276 616 1351 bus,
642 1284 674 1338 ut
696 1276 733 1337 ab
756 1276 813 1338 hoc
835 1279 949 1357 pariete
972 1275 1078 1337 horum
1102 1279 1247 1355 parietum
1271 1276 1316 1338 his
1340 1285 1369 1338 et
1391 1276 1427 1338 ab
1450 1277 1498 1338 iris
1521 1278 1626 1357 paria·
1718 1293 1719 1336 i

319 1379 408 1440 tibus.
440 1380 444 1460 l
472 1379 525 1439 sed
551 1381 607 1440 ista
634 1400 650 1439 e
679 1378 838 1456 aliquando
866 1381 897 1440 in
926 1381 936 1438 i
965 1377 1088 1439 vertitur
1116 1388 1146 1438 et
1174 1380 1216 1438 sic
1237 1381 1345 1460 accipit
1367 1397 1432 1450 um,
1457 1377 1626 1456 aliquando

320 1484 398 1561 perit
421 1489 451 1542 ει
471 1483 514 1541 sic
536 1483 643 1560 accipit
665 1500 730 1542 um:
753 1483 832 1561 perit
854 1500 886 1551 ε,
909 1480 938 1540 id
963 1489 1008 1540 est
1030 1479 1067 1541 ab
1089 1479 1146 1542 hoc
1168 1492 1291 1561 parente
1312 1480 1421 1542 luorum
1441 1490 1624 1560 parentum;
1639 1495 1660 1532 10
1718 1469 1719 1506 ⁷

320 1591 413 1644 mutat
436 1603 452 1644 e
473 1584 504 1643 in
527 1585 551 1652 i,
575 1590 608 1661 ut
630 1582 667 1644 ab
691 1583 746 1642 hac
769 1583 852 1644 clade
875 1582 1012 1644 cladium.

648 1767 695 1814 DE
717 1767 870 1816 nvnunts
894 1767 998 1828 Qvasl
1019 1765 1278 1816 RETRACTANDO

404 1873 517 1935 Accidit
546 1874 634 1934 etiam
665 1875 778 1934 nomini
805 1893 956 1935 numerus.
1002 1874 1053 1934 sed
1083 1875 1158 1953 apud
1183 1875 1302 1935 Latinos
1326 1873 1385 1935 dno
1408 1882 1477 1934 sunt
1499 1881 1625 1934 tanturn

320 1976 408 2037 modo
431 1977 562 2045 numeri,
585 1975 744 2054 singularis
767 1984 796 2036 et
818 1976 955 2055 pluralis;
980 1977 1058 2055 apud
1081 1977 1211 2038 Graecos
1234 1985 1278 2037 εει
1302 1978 1388 2038 ctiam
1413 1974 1517 2036 dualis.
1561 1976 1624 2036 sin-

319 2079 429 2156 gularis
454 2085 500 2139 est
527 2097 683 2148 numerus,
714 2080 764 2158 qui
792 2097 881 2139 rrnum
910 2079 1069 2156 significat,
1099 2087 1130 2140 ut
1159 2087 1227 2159 puta
1257 2077 1304 2139 hic
1331 2079 1437 2146 honam
1465 2097 1547 2138 unus
1580 2087 1660 2138 estu

319 2189 432 2242 tantum
461 2179 559 2241 modo.
603 2180 726 2260 pluralis
755 2188 799 2242 est
826 2199 983 2251 numerus
1013 2183 1063 2262 qui
1093 2181 1202 2242 multos
1224 2182 1384 2260 significat,
1409 2179 1439 2240 hi
1462 2179 1622 2246 homines

318 2291 387 2363 puta
410 2290 543 2352 centum,
573 2281 692 2342 ducenti
719 2285 744 2343 si
772 2285 840 2342 sini.
886 2281 982 2343 dualis
1006 2291 1064 2353 εει,
1095 2285 1146 2364 qui
1168 2282 1241 2344 duos
1264 2291 1376 2344 tantum
1400 2283 1566 2360 significat,
1594 2291 1626 2342 ut

318 2387 344 2446 si
365 2386 446 2446 dicas
468 2384 536 2446 duo.
562 2383 619 2445 hoc
642 2386 737 2464 ipsum
761 2381 879 2463 quando
903 2385 969 2445 dico
992 2384 1066 2454 duo,
1091 2403 1189 2466 neque
1214 2403 1305 2445 unum
1328 2391 1426 2464 potest
1447 2385 1624 2462 significare

319 2507 414 2568 neque
437 2486 560 2556 multos,
585 2486 746 2547 etidcirco
770 2487 877 2548 dicitur
900 2487 1002 2549 dualis.
1035 2495 1065 2548 el
1086 2495 1155 2548 sunt
1177 2487 1235 2549 (luo
1258 2487 1377 2548 nomina
1400 2485 1477 2565 apud
1495 2485 1625 2545 Latinos

318 2591 436 2652 numeri
460 2588 554 2649 dualis
578 2596 690 2650 tantum
713 2589 816 2659 modo,
841 2595 873 2650 ιιι
896 2588 954 2649 duo
977 2600 1006 2650 et
1029 2589 1129 2662 ambo,
1154 2608 1210 2650 nec
1232 2588 1358 2668 amplius
1380 2589 1524 2649 invenies.
1560 2588 1660 2652 duoro
1718 2577 1719 2648 l

319 2699 347 2752 et
376 2691 462 2752 ambo
491 2710 550 2751 non
578 2692 743 2770 significant
770 2709 868 2770 neque
898 2710 988 2752 uinum
1018 2710 1114 2773 neque
1142 2690 1261 2752 multos,
1307 2697 1527 2768 temptaverunt
1560 2709 1623 2750 nou

318 2793 393 2855 nulli
414 2795 489 2855 haec
510 2781 573 2874 ipsa
598 2795 714 2855 numeri
736 2793 856 2873 pluralis
879 2793 978 2855 dicere
1002 2793 1056 2857 hac
1079 2792 1269 2875 deffinitione.
1315 2793 1365 2872 qui
1388 2801 1433 2853 est
1455 2791 1624 2871 singularis
1718 2785 1719 2794 ³

318 2897 478 2959 uumerus?
502 2898 666 2977 quirinum
690 2897 842 2974 significat.
878 2896 1017 2977 quicquid
1040 2916 1099 2957 non
1124 2916 1213 2957 unum
1238 2896 1391 2974 significat,
1414 2897 1472 2956 iam
1496 2895 1623 2955 videtur
1718 2920 1719 2935 2

319 3000 434 3059 numeri
457 3016 521 3058 csse
544 2997 674 3078 pluralis.
720 2997 771 3059 sed
794 2996 851 3057 hoc
873 2998 979 3059 laisum
1004 3004 1056 3059 εει.
1100 2998 1169 3079 quid
1193 3000 1269 3059 eninr
1294 3017 1418 3059 necesse
1441 3004 1485 3059 εει
1508 3007 1543 3059 ιιι
1569 3000 1623 3077 qui
1718 2980 1719 3047 l

319 3120 396 3162 unus
410 3119 470 3161 non
486 3108 530 3161 εει
546 3099 649 3160 decem
665 3100 742 3161 sinti
765 3108 816 3161 aut
831 3101 881 3179 qui
898 3099 1000 3160 decem
1016 3118 1074 3160 non
1090 3108 1159 3161 sunt
1176 3111 1294 3163 centum
1310 3102 1388 3162 sinti
1413 3118 1472 3160 non
1495 3106 1542 3160 εει
1559 3099 1621 3159 hoc
1636 3124 1659 3163 ιι

317 3222 435 3271 rerum,
460 3202 536 3263 mala
559 3202 691 3263 delinitio
714 3209 766 3261 εει.
812 3201 900 3282 piane
924 3221 977 3263 nos
1005 3204 1083 3263 scire
1106 3201 1250 3263 debemus
1273 3202 1351 3281 quod
1374 3203 1433 3263 duo
1455 3210 1526 3263 suni
1552 3208 1622 3263 tan·
1718 3208 1719 3213 ’

318 3313 379 3366 tum
403 3304 492 3365 modo
515 3323 668 3365 sermones
691 3304 767 3382 apud
791 3304 925 3375 Latinos,
956 3306 1006 3381 crui
1029 3306 1195 3382 significant
1217 3324 1373 3367 numerum
1397 3304 1529 3374 dualem,
1557 3304 1621 3365 duo

318 3416 346 3468 et
369 3407 465 3468 ambo.
497 3414 526 3466 ct
548 3406 621 3466 lraee
643 3407 707 3485 ipsa
723 3408 843 3466 nomina
859 3405 993 3467 anomala
1018 3414 1099 3467 sunt:
1124 3406 1252 3468 diximus
1274 3406 1330 3467 iroc
1353 3409 1410 3467 iam
1434 3408 1463 3466 in
1487 3407 1619 3485 regulis

317 3527 389 3587 ergo
417 3508 575 3587 singularis
603 3516 673 3587 puta
702 3526 844 3569 numerus
872 3515 917 3569 εει
944 3508 993 3568 hic
1015 3510 1168 3587 magister,
1197 3508 1320 3589 pluralis
1350 3520 1394 3570 εει
1415 3507 1445 3567 hi
1468 3510 1619 3587 magistri.
1718 3504 1719 3581 ζ

317 3620 363 3673 εει
391 3613 480 3671 etiam
509 3612 853 3697 nurnerusffiomnmnis.
900 3612 1065 3671 communis
1095 3610 1204 3671 dicitur
1238 3629 1394 3681 numerus,
1430 3610 1551 3690 quando
1590 3620 1657 3673 ειει

317 3712 473 3792 singularis
495 3732 638 3785 numerus
660 3711 738 3773 idem
762 3721 807 3773 εει
830 3720 859 3773 ει
879 3711 1003 3791 pluralis
1025 3712 1118 3789 idem,
1144 3710 1195 3773 sed
1219 3722 1333 3775 tantum
1356 3711 1444 3773 modo
1467 3715 1619 3793 tempori·
1718 3706 1719 3779 J

317 3814 371 3876 bus
393 3828 595 3895 segregamur,
621 3822 652 3875 ut
673 3814 722 3874 hic
744 3814 851 3875 ilarius
874 3822 904 3874 et
926 3814 956 3874 hi
978 3814 1095 3875 linctus.
1128 3822 1244 3893 tempus
1266 3822 1378 3875 tantum
1402 3813 1490 3875 modo
1514 3814 1618 3883 distat,
1718 3856 1719 3877 ι

317 3925 451 3979 ceterum
474 3918 569 3980 exitus
592 3916 767 3996 syliabarum
792 3917 897 3977 similis
920 3925 978 3987 est;
1002 3915 1053 3976 sed
1077 3915 1185 3978 linctus
1207 3918 1238 3977 in
1261 3936 1387 3977 numero
1409 3914 1518 3997 plurali
1541 3936 1618 3997 pro·
1718 3972 1719 3975 ,

215 4062 219 4070 ·
317 4020 448 4090 ducitur,
480 4024 510 4081 in
537 4019 679 4097 singulari
707 4020 877 4098 corripitur.
924 4019 979 4079 lroo
1002 4018 1122 4099 quidem
1145 4022 1176 4080 in
1200 4030 1304 4097 ‹luarta
1329 4020 1536 4081 declinatione.
1584 4022 1618 4079 in
1718 4012 1719 4015 '

317 4126 420 4203 quinta
443 4123 640 4185 declinatione
662 4141 768 4184 sensus
791 4128 902 4182 tantum
926 4120 1013 4182 modo
1037 4123 1107 4182 lacit
1130 4121 1340 4191 dilierentiam,
1372 4120 1419 4181 iric
1442 4120 1506 4182 dies
1530 4128 1561 4182 et
1584 4122 1656 4184 hira
1718 4202 1719 4207 η

317 4227 395 4287 dics:
420 4233 449 4287 et
470 4225 621 4303 illalonga
638 4232 727 4285 estet
749 4222 799 4285 iila
822 4222 926 4302 longa;
950 4223 1024 4284 nihil
1040 4231 1191 4303 praestant
1212 4231 1359 4304 tempora,
1376 4222 1427 4285 sed
1444 4222 1615 4284 diiicrentia

315 4331 347 4389 io
369 4348 459 4390 sensu
482 4335 535 4389 est.
572 4330 648 4389 scire
670 4335 768 4388 autem
790 4338 822 4387 tu
845 4326 936 4387 debes
957 4328 1098 4406 quoniam
1121 4328 1237 4387 numeri
1258 4326 1416 4405 singularis
1438 4325 1560 4386 nomina
1585 4336 1617 4387 et

281 4418 285 4421 ⁶
318 4434 435 4493 numeri
458 4430 581 4510 pluralis
603 4431 632 4491 in
656 4430 752 4509 prima
776 4427 974 4490 declinatione
990 4436 1039 4489 aut
1053 4430 1082 4490 in
1100 4428 1228 4491 secunda
1253 4435 1336 4498 sunt;
1360 4431 1390 4490 in
1412 4434 1516 4509 quarta
1540 4446 1615 4489 vero

386 4669 402 4718 2
426 4685 492 4733 quae
511 4670 650 4753 deicienda
670 4672 708 4721 A:
728 4671 843 4732 fortasse
860 4684 924 4733 quae
943 4669 1102 4721 discretionis
1127 4683 1202 4753 eausa
1222 4668 1295 4719 aliter
1311 4668 1463 4735 proferenda
1481 4678 1539 4719 sunt
1585 4740 1590 4750 Ι

316 4739 474 4877 idgdlllllugl
490 4741 603 4861 (ligendi.
616 4750 708 4861 llidllll
724 4740 1056 4875 omdlldudlllllmanumdd
1070 4740 1368 4877 aslllglllllrilleddffiiusdlnel
1380 4738 1483 4860 duddnldri
1503 4739 1613 4877 plddalild

316 4880 342 4931 B
349 4881 390 4931 Ga
414 4881 532 4944 quoniam
556 4881 659 4931 nomina
681 4881 778 4931 annueri
798 4881 935 4947 singularis
950 4889 974 4931 ει
990 4882 1096 4947 pluralis
1114 4881 1139 4928 A
