3525 5600
527 395 728 457 exeamus
749 367 953 457 uovv'tuvsm
978 391 1113 455 17-20
1399 391 1460 456 641

873 544 877 551 ,
1274 515 1295 556 p.
1309 503 1354 544 155.
1367 504 1392 545 56
1409 502 1435 545 V.

172 601 241 644 nam
264 586 380 662 integra
396 591 467 644 svvnt
482 586 547 644 lace
570 583 636 644 dice
659 583 734 644 duce
756 582 869 644 deduce
892 582 967 644 oliae
984 582 1078 642 oll'aee
1101 584 1165 642 reic
1188 584 1267 642 reice
1292 591 1321 642 et
1343 582 1400 643 alia
1422 584 1459 643 si·

172 683 272 755 milia,
301 695 333 746 ut
354 688 386 746 in
408 686 455 746 bis
476 705 594 765 quoque
616 692 732 746 constet
753 685 855 762 regula
877 703 930 746 sua
953 693 982 745 ot
1004 686 1162 745 amissione
1188 684 1307 746 ultimae
1330 685 1459 765 syllabae

173 807 210 848 ex
233 790 359 849 inlinitis
381 791 444 848 suis
464 788 636 867 procedant,
661 789 760 848 lacere
782 788 856 855 lace,
880 787 981 847 dicere
997 786 1074 857 dice,
1097 787 1206 848 ducere
1223 787 1307 858 duce,
1332 787 1458 850 olfacere

171 890 283 960 ollace,
305 892 421 951 reicere
444 892 536 950 reice.
581 892 668 950 tertia
691 907 818 968 persona
841 887 1001 966 singularis
1029 890 1079 948 det
1100 907 1135 950 ex
1158 889 1286 950 secunda
1308 889 1458 968 singulari,

144 994 205 1051 sin
226 994 322 1071 prima
343 993 464 1072 quidem
486 1012 503 1054 a
525 994 557 1052 in
579 1011 596 1052 e
618 1009 762 1051 conversa
784 998 816 1051 et
837 991 935 1051 addita
959 999 983 1060 t,
1012 999 1045 1050 ut
1067 1009 1132 1052 ama
1155 999 1247 1060 amet,
1277 994 1307 1052 iu
1330 993 1459 1052 secunda
1506 1020 1508 1024 ·

171 1111 242 1153 vero
263 1101 293 1154 et
315 1097 403 1155 tertia
430 1095 573 1175 producta
595 1095 710 1154 adiecta
732 1099 762 1154 at
789 1092 915 1171 syllaba,
939 1100 973 1154 ut
994 1111 1080 1154 mone
1103 1101 1234 1162 moneat,
1258 1094 1327 1154 audi
1350 1094 1458 1163 audiat,

169 1197 203 1255 in
226 1199 315 1257 tertia
337 1204 512 1276 correptae
534 1199 566 1257 in
589 1216 605 1257 a
627 1214 768 1257 conversa
790 1202 820 1255 et
842 1195 942 1256 addita
964 1203 990 1264 t,
1014 1202 1046 1254 ut
1067 1195 1132 1272 lege
1154 1197 1242 1272 legat.
1273 1203 1304 1255 et
1326 1203 1357 1256 ut
1379 1215 1458 1256 com·

171 1298 346 1376 yvendiosius
372 1298 483 1368 dicam,
513 1299 615 1360 eadem
643 1301 703 1360 erit
729 1300 817 1358 tertia
844 1297 1005 1374 singularis
1027 1299 1194 1376 imperativi
1217 1300 1384 1376 praesentis
1405 1317 1459 1376 per

171 1419 277 1460 omrves
299 1402 538 1478 coniugatioues,
566 1420 642 1481 quae
664 1402 787 1482 optativi
810 1401 903 1460 luturi
926 1399 971 1460 vel
993 1401 1174 1472 coniunctivi
1198 1401 1376 1478 praesentis,
1402 1401 1458 1460 uti-

131 1517 240 1564 1⁰nam
263 1521 360 1563 amem
383 1521 464 1564 ames
485 1513 578 1574 amet,
608 1506 721 1564 utinam
743 1520 879 1562 moneam
902 1519 1022 1563 moneas
1045 1509 1178 1578 moneat,
1206 1504 1318 1570 utinam
1341 1501 1457 1562 audiam

171 1604 274 1665 audias
302 1605 416 1674 audiat,
445 1607 558 1666 utinam
585 1605 682 1683 legam
708 1604 789 1682 legas
815 1601 908 1682 legat,
944 1623 1012 1664 cum
1039 1623 1134 1665 amem
1162 1622 1242 1664 ames
1270 1611 1362 1672 amet,
1392 1621 1458 1664 cum

170 1725 308 1768 moneam
337 1725 457 1767 moneas
486 1715 619 1777 moneat,
645 1724 715 1766 cum
742 1707 860 1767 audiam
891 1707 993 1767 audias
1022 1707 1135 1786 audiat,
1166 1724 1232 1766 cum
1260 1706 1355 1783 legam
1378 1705 1459 1784 legas

171 1808 260 1886 legat.
306 1809 434 1870 secunda
461 1828 578 1889 quoque
607 1808 730 1888 pluralis
758 1827 794 1868 ex
821 1808 951 1869 secunda
979 1808 1123 1887 singulari
1152 1809 1266 1870 adiecta
1295 1815 1324 1867 te
1346 1806 1457 1887 syllaba

171 1910 398 1990 procreabitur,
422 1918 454 1971 ut
475 1931 540 1972 ama
562 1919 671 1980 amate,
694 1911 782 1971 mone
798 1919 931 1982 monete,
954 1911 1022 1972 audi
1045 1911 1156 1980 audite,
1180 1909 1245 1988 lege
1264 1910 1374 1993 legite:
1398 1918 1457 1970 ter·

129 2024 157 2064 ¹⁵
171 2016 214 2074 tia
235 2016 316 2074 enim
338 2023 477 2093 correpta
500 2014 647 2074 lamiliare
669 2012 726 2072 boc
749 2013 852 2082 babet,
875 2014 955 2072 inter
978 2033 993 2072 e
1017 2020 1047 2072 et
1068 2015 1079 2072 i
1102 2013 1360 2092 permutationem.
1399 2018 1457 2072 ter·

170 2119 212 2176 tia
240 2134 311 2176 vero
339 2114 463 2194 pluralis
489 2135 526 2186 ev
554 2117 640 2176 tertia
669 2117 767 2176 veniet
793 2114 936 2192 singulari
960 2134 978 2174 n
1009 2115 1108 2176 littera
1131 2121 1234 2194 posta
1261 2112 1307 2172 vel
1329 2132 1345 2172 e
1368 2131 1457 2191 paen·

170 2217 304 2278 ultimam
326 2218 513 2296 interposita,
536 2227 569 2279 ut
591 2225 670 2279 amet
684 2225 798 2286 ament,
822 2217 927 2278 doceat
942 2217 1080 2286 doceant,
1104 2216 1205 2277 audiat
1227 2215 1357 2284 audiant,
1380 2215 1459 2292 legat

169 2320 279 2396 legant.
310 2337 374 2379 ama
397 2328 476 2380 amet
497 2339 630 2382 amemus
652 2327 748 2380 amate
770 2328 879 2388 ament,
903 2337 990 2379 mone
1005 2327 1124 2379 moneat
1147 2335 1319 2378 moneamus
1342 2323 1457 2378 monete

170 2429 324 2495 moneant,
350 2420 424 2481 audi
441 2421 542 2482 audiat
564 2422 718 2483 audiamus
741 2422 840 2482 audite
863 2420 993 2490 audiant,
1016 2418 1082 2498 lege
1101 2419 1191 2498 degat
1212 2419 1345 2496 legamus
1358 2419 1457 2496 'legite

127 2523 280 2600 plagam.
325 2541 411 2582 onvne
438 2524 574 2584 luturum
601 2526 808 2602 imperativum
836 2523 1041 2584 declinationis
1068 2524 1180 2584 activae
1208 2523 1293 2582 into
1315 2519 1457 2600 syllabam

169 2625 281 2686 desinit
303 2633 334 2684 et
355 2626 389 2685 fit
409 2643 445 2684 ex
467 2628 618 2704 praesenti
641 2645 695 2686 suo
717 2626 768 2686 lini
791 2628 856 2686 eius
878 2631 1040 2686 memorata
1063 2623 1161 2685 aridita
1184 2622 1309 2704 syllaba,
1339 2629 1372 2682 ut
1393 2641 1457 2683 ama

169 2732 281 2796 amato,
309 2745 397 2786 mone
424 2734 559 2796 moneto,
582 2727 651 2788 audi
675 2727 790 2796 audito,
813 2727 878 2805 lege
900 2727 1005 2807 legito:
1034 2727 1066 2786 iu
1094 2727 1184 2786 tertia
1206 2727 1286 2786 enim
1309 2733 1457 2805 correpta,

169 2838 203 2890 ut
229 2829 372 2898 diximus,
401 2839 471 2889 eet
493 2831 503 2890 i
525 2828 642 2891 litterae
670 2832 801 2891 vicissim
828 2829 888 2890 sibi
915 2828 1035 2889 cedunt.
1078 2830 1167 2889 tertia
1195 2837 1245 2888 aut
1273 2828 1377 2889 eadem
1400 2829 1459 2887 erit

168 2950 245 3011 quae
267 2932 444 3011 praesentis,
467 2939 501 2991 ut
522 2940 600 2993 amet
614 2939 733 2992 moneat
754 2931 855 2992 audiat
876 2931 964 3009 legat,
988 2938 1037 2991 aut
1053 2948 1140 2991 unam
1157 2930 1340 3009 eandemque
1357 2948 1458 2989 vocem

126 3041 200 3093 2⁵et
222 3032 369 3093 secundae
398 3039 428 3091 et
451 3035 557 3093 tertiae
580 3034 761 3103 tribuemus,
784 3040 881 3094 amato
910 3040 1020 3103 amato,
1049 3041 1168 3094 moneto
1196 3039 1328 3101 moneto,
1358 3032 1458 3093 audito

169 3134 285 3203 audito,
314 3135 406 3211 legito
434 3132 538 3212 legito,
569 3144 600 3196 ut
622 3136 780 3196 Terentius
806 3156 825 3190 a
860 3134 1056 3213 ‘Argolica
1084 3135 1152 3197 bac
1173 3134 1280 3212 galea
1303 3140 1456 3193 conten·

170 3244 229 3297 tus
250 3235 370 3296 abito'
394 3245 424 3296 et
447 3242 546 3297 ‘esto
568 3256 664 3299 nunc
685 3237 740 3297 sol
762 3239 889 3298 testis’
914 3245 944 3299 et

321 3339 454 3417 nequis
476 3338 732 3418 ob-inceptum
754 3339 921 3401 subitum
943 3324 1033 3399 mibi
1056 3340 1207 3416 segnior
1232 3334 1235 3419 l
1259 3339 1320 3399 ito.
1399 3344 1404 3355 '

168 3438 298 3499 secunda
325 3439 449 3518 pluralis
476 3442 609 3501 eiusdem
638 3443 780 3520 temporis
809 3461 845 3501 ex
872 3441 1002 3501 secunda
1030 3441 1082 3501 fiet
1113 3440 1256 3519 singulari
1285 3440 1400 3500 adiecta
1429 3448 1457 3499 te

126 3539 297 3620 aosyllaba,
326 3548 423 3601 amato
452 3549 594 3613 amatote,
625 3544 715 3621 legito
744 3541 876 3620 legitote.
921 3544 1007 3603 tertia
1036 3560 1105 3603 vero
1134 3540 1260 3621 pluralis
1282 3548 1332 3601 aut
1354 3541 1457 3602 eadem

167 3645 229 3703 erit
256 3661 331 3721 quae
360 3644 540 3721 praesentis,
569 3653 601 3704 ut
630 3654 729 3706 ament
758 3654 897 3705 moneant
925 3644 1045 3707 audiant
1073 3644 1186 3721 legant,
1217 3650 1267 3704 aut
1294 3643 1350 3703 boc
1372 3644 1458 3703 modo

167 3743 361 3806 formabitur:
398 3747 493 3806 omnis
518 3765 646 3825 persona
667 3749 756 3807 tertia
784 3747 907 3825 pluralis
929 3747 1010 3806 modi
1031 3746 1183 3807 indicativi
1206 3747 1349 3823 temporis
1370 3764 1457 3824 prae·

167 3849 263 3907 sentis
289 3847 396 3907 addita
423 3849 480 3907 sibi
504 3867 522 3906 o
553 3850 605 3907 liet
627 3852 713 3909 tertia
735 3848 858 3927 pluralis
885 3850 1055 3928 imperativi
1083 3850 1171 3908 activi
1192 3852 1332 3925 temporis
1353 3849 1457 3917 icturi,

168 3957 201 4008 ut
233 3956 334 4009 amant
365 3956 498 4019 amanto,
533 3957 655 4009 monent
680 3960 832 4020 monento,
862 3952 988 4012 audiunt
1014 3950 1168 4020 audiunto,
1197 3951 1299 4028 legunt
1325 3950 1457 4028 legunto.

123 4071 153 4109 aa
168 4066 229 4111 noa
252 4066 413 4129 numquam
435 4060 551 4111 veteres
573 4070 632 4111 uon
656 4053 720 4111 sine
743 4052 890 4130 elegantia
913 4071 967 4132 pro
989 4054 1185 4113 coniunctivis
1206 4054 1382 4131 Imperativa
1405 4072 1457 4132 po-

165 4158 307 4221 suerunt,
331 4159 365 4213 ut

262 4232 267 4247 ’
319 4272 362 4313 ne
384 4262 469 4333 pete
492 4253 671 4316 conubiis
693 4262 813 4315 natam
837 4257 989 4317 sociare
1013 4256 1160 4317 Latinis

165 4362 199 4415 et
221 4352 414 4415 ‘thalamis
436 4374 506 4416 neu
528 4357 641 4417 crede
663 4360 824 4437 paratis’
847 4366 877 4417 et

236 4543 248 4588 1
263 4539 373 4589 oliae-
387 4542 453 4589 reice
466 4549 491 4591 et
509 4543 618 4591 oiiacere
630 4570 661 4579 -
676 4544 749 4599 reice,
763 4560 777 4592 e
790 4543 878 4607 quibua
892 4542 957 4591 oliae
969 4550 993 4592 et
1007 4544 1056 4591 veie
1067 4549 1126 4607 post
1143 4543 1224 4592 deduc
1236 4544 1355 4607 portenda
1374 4552 1457 4604 eraut,

160 4616 257 4673 postea
268 4610 386 4658 videntur
397 4610 533 4674 adsoriptd
543 4626 599 4660 ease
657 4613 688 4660 16
705 4622 763 4677 post
779 4613 818 4661 ed.
826 4613 903 4661 Vind.
917 4620 975 4659 unte
989 4610 1013 4659 B
1075 4613 1107 4662 26
1119 4608 1262 4675 Terentius]
1278 4612 1404 4673 Vergilius
1417 4614 1457 4664 ed.

167 4676 369 4726 Wadlaeauam
379 4695 429 4743 quo
437 4678 550 4728 Terentii
558 4682 699 4743 exemplum
708 4682 836 4729 excidisse
845 4680 1059 4729 oideturtndicavi
1093 4676 1223 4743 Argolica]
1231 4680 1458 4741 Verq.Aen.V314

199 4746 232 4794 27
251 4742 479 4809 estolVerg.Aen.
492 4746 596 4796 1111176
641 4745 1058 4813 28nequislVerp,Aen.Xllbssb
1104 4746 1231 4811 signiorB
1277 4747 1457 4813 32praeseutis

163 4847 303 4865 ..........
310 4828 325 4861 o
338 4812 380 4862 fiet
392 4814 426 4863 B:
442 4816 500 4864 item
511 4817 537 4864 in
546 4817 651 4879 reliquis
662 4833 726 4881 quae
735 4818 862 4865 inclinatis
871 4816 964 4865 litteris
979 4831 1106 4880 obpressa
1115 4822 1173 4865 suut
1183 4816 1353 4865 oblitteratam
1363 4816 1458 4866 codicia

160 4883 318 4942 scripturam
326 4884 437 4932 restituit
447 4884 487 4932 ed.
494 4882 520 4932 V
518 4884 569 4935 ind.
604 4886 636 4936 37
646 4899 677 4931 ue
688 4881 756 4949 pete]
764 4885 840 4949 Verp,
848 4882 966 4933 Aeavlt
974 4884 1006 4935 96
1041 4884 1073 4935 38
1084 4880 1210 4950 thalamis]
1219 4884 1417 4949 Verp.Aen.Vil
1425 4886 1456 4933 et
