3525 5600
374 352 438 418 260
914 356 1069 420 ΡΟΜΡΕΙΙ

400 477 421 518 p.
435 463 559 508 ser-or,

370 561 434 621 ¹nou
456 551 592 624 parcant,
621 561 679 622 quo
707 542 794 604 modo
823 542 949 605 dicimus
975 543 1077 606 lucum
1107 544 1144 607 ab
1168 563 1220 615 eo,
1249 543 1328 622 quod
1351 562 1411 604 nou
1434 543 1544 615 luceat;
1569 547 1607 607 sic
1622 559 1644 608 et
1703 532 1704 537 ἵ

373 645 535 725 deponens.
566 643 671 706 iaisurn
688 651 741 704 est.
773 661 841 705 uam
863 647 987 725 incipies
1003 653 1032 707 et
1049 665 1208 708 commuue
1228 646 1351 708 verbum
1374 646 1528 727 deponens
1549 647 1642 710 dicere:

372 767 440 808 nam
464 755 493 808 et
514 765 671 808 commune
694 745 816 809 verbum
838 765 854 807 r
875 746 1005 808 litteram
1024 765 1087 808 nun
1108 748 1240 828 deponit.
1284 768 1356 828 ergo
1378 749 1531 830 deponens
1551 751 1642 814 dicturo

372 855 417 909 est
443 868 477 909 re
505 867 573 910 vera
602 847 639 910 ah
668 867 717 920 eo,
746 849 825 928 quod
853 849 982 929 deponat
1008 867 1101 911 rrnum
1128 851 1331 931 participium,
1362 851 1442 930 qood
1465 854 1495 914 in
1518 852 1570 914 dus
1589 857 1642 914 erit

370 949 476 1030 loquor
499 951 621 1012 verbum
645 959 690 1012 est
712 950 875 1030 deponens:
900 951 946 1011 iac
967 952 1158 1031 participium
1183 971 1326 1032 praesens
1353 952 1494 1033 loquens,
1518 958 1660 1033 praeteri-s

370 1061 432 1113 tum
455 1052 586 1122 locutus,
617 1053 748 1114 iuturum
770 1051 938 1122 locuturum
967 1051 1132 1134 loquendus
1159 1073 1221 1116 non
1242 1053 1388 1116 debemus
1409 1056 1525 1124 dicere,
1549 1055 1595 1116 sed
1614 1059 1643 1116 si·

369 1154 437 1214 cubi
459 1156 619 1232 contigerit
641 1161 673 1215 ut
695 1155 791 1224 dicas,
816 1157 874 1216 iarn
897 1173 1056 1219 commune
1078 1155 1202 1218 verbum
1224 1165 1280 1218 est.
1310 1155 1468 1218 loctaudus
1489 1176 1550 1217 non
1569 1157 1642 1217 debe-

367 1274 434 1317 mus
457 1257 571 1324 dicere:
595 1256 647 1318 sed
671 1256 767 1318 sicubi
790 1259 949 1336 contigerit
963 1267 996 1318 ut
1010 1257 1106 1328 dicas,
1129 1260 1188 1319 iam
1203 1262 1283 1320 scire
1305 1259 1397 1321 debes
1412 1261 1467 1320 ista
1489 1257 1577 1320 verba
1596 1279 1642 1319 non

368 1377 433 1419 esse
461 1359 654 1439 deponentia,
685 1358 736 1418 sed
765 1376 924 1420 commune
952 1359 1085 1421 verbum.
1132 1379 1199 1421 uam
1227 1380 1385 1424 commuue
1412 1360 1537 1423 verbum
1563 1370 1644 1440 potest
1703 1428 1704 1431 Ἴ

366 1458 477 1522 habere
505 1462 694 1542 participium
722 1469 751 1521 et
777 1462 808 1521 iu
837 1458 893 1522 dus
921 1469 951 1521 et
981 1463 1011 1521 in
1040 1481 1100 1526 rus.
1144 1470 1214 1542 puta
1241 1461 1669 1543 inquorquandodico,vis·1r

366 1581 432 1623 esse
454 1561 608 1643 deponens
631 1562 771 1624 verbum?
804 1569 876 1642 puta
899 1561 1022 1643 ‘loquor
1044 1581 1100 1642 ego
1122 1563 1202 1625 iilam
1225 1567 1319 1626 reru'.
1364 1584 1424 1626 uon
1447 1566 1518 1626 iacit
1537 1563 1642 1644 loquen-

366 1662 435 1733 duS,
463 1664 516 1725 sed
543 1666 614 1726 iacit
640 1665 804 1725 locuturus.
849 1666 1039 1726 econtrario
1061 1668 1086 1726 si
1110 1665 1182 1727 velis
1204 1666 1304 1729 dicere
1327 1666 1450 1748 ‘loquor
1471 1685 1487 1728 a
1511 1669 1566 1738 ιε’,
1586 1669 1641 1735 ianr,

365 1767 504 1843 quoniam
527 1785 684 1828 commune
707 1766 829 1828 verbum
853 1775 912 1835 est,
937 1769 1020 1828 etin
1042 1767 1047 1848 Ι
1071 1787 1124 1829 rus
1147 1768 1217 1828 iacit
1239 1777 1268 1829 ct
1289 1770 1321 1830 in
1344 1769 1413 1838 dus,
1436 1787 1496 1830 uon
1519 1771 1641 1846 quoniam

364 1887 380 1928 a
403 1867 563 1948 deponenti
591 1875 766 1949 usurpatum
795 1870 833 1928 sit
860 1867 917 1928 hoc
945 1870 1150 1949 participium,
1180 1871 1233 1932 scd
1259 1872 1328 1951 quia
1350 1873 1409 1933 ianr
1432 1889 1587 1932 commuue
1606 1881 1643 1931 est

363 1968 496 2031 verbum.
526 1989 636 2050 quaere
652 1971 729 2050 apud
747 1971 887 2040 Statium,
911 1979 1031 2031 eentum
1054 1971 1143 2033 huius
1166 1971 1245 2032 modi
1266 1973 1668 2053 partieipiasicinvenies;1t

362 2072 413 2133 sed
436 2071 478 2132 ibi
499 2073 531 2132 in
553 2074 618 2153 ipso
640 2080 761 2134 auctore
783 2073 931 2138 invenies,
955 2091 1030 2152 quae
1045 2072 1094 2133 aiii
1109 2083 1224 2153 ponunt
1245 2092 1300 2153 pro
1323 2072 1550 2154 deponentibus,
1571 2073 1641 2134 iiiunr

361 2175 495 2254 posuisse
522 2193 577 2255 pro
606 2173 823 2236 communibus.
869 2173 948 2234 unde
969 2192 1025 2253 per
1046 2173 1123 2236 iranc
1145 2173 1296 2236 licentiam
1319 2177 1480 2254 usurpavit.
1525 2183 1641 2236 cetemnr

360 2283 502 2356 quantum
529 2278 659 2356 pertinet
685 2276 722 2337 ad
750 2275 873 2337 verbum
907 2274 1076 2354 deponens,
1108 2295 1168 2338 non
1201 2276 1291 2339 debet
1321 2275 1435 2339 habere
1467 2279 1640 2359 participium

359 2377 452 2440 iuturi
480 2381 623 2457 temporis
656 2377 734 2459 qrrod
762 2379 793 2438 in
821 2377 877 2438 dus
905 2378 975 2438 exit.
1019 2387 1065 2438 est
1093 2379 1182 2440 etiam
1209 2396 1367 2439 commune
1395 2377 1534 2440 verbum:
1571 2398 1639 2440 cour·

359 2497 449 2541 mune
471 2479 596 2542 verbum
619 2489 756 2561 quattuor
779 2478 868 2542 habet
890 2479 1060 2558 participia,
1078 2481 1238 2540 criminans
1253 2481 1428 2542 criminatus
1443 2483 1669 2542 criminaturussr

358 2581 568 2644 criminandus.
614 2591 643 2644 et
669 2584 756 2643 iuste.
800 2600 867 2643 nam
902 2599 1060 2642 commune
1092 2581 1214 2642 verbum
1248 2589 1278 2643 et
1309 2583 1424 2667 egentis
1452 2591 1481 2644 et
1512 2585 1640 2663 patientis

357 2683 446 2746 habet
472 2685 735 2763 significationem
765 2681 854 2744 debet
882 2699 954 2760 ergo
983 2682 1095 2744 hahere
1122 2684 1309 2763 participium
1327 2692 1368 2744 ‘et
1393 2683 1432 2744 ab
1459 2686 1554 2746 activo
1580 2692 1638 2744 eta

355 2786 482 2866 passivo.
528 2785 587 2847 duo
615 2792 714 2847 autem
742 2783 869 2847 suntab
892 2786 1000 2857 activo,
1029 2783 1089 2845 duo
1110 2803 1127 2845 a
1149 2786 1274 2864 passivo.
1319 2804 1391 2864 ergo
1412 2787 1490 2847 iuste
1511 2792 1639 2868 qrrattuor

356 2888 459 2959 habet,
489 2906 630 2969 praeseus
659 2888 853 2968 praeteritum
882 2896 912 2948 et
939 2887 998 2948 duo
1025 2888 1141 2955 iutura,
1172 2893 1205 2947 ut
1226 2895 1271 2948 est
1292 2889 1455 2949 criminans
1476 2890 1638 2950 criminatus

356 2992 565 3052 criminaturus
588 2988 799 3052 criminandus.
845 2990 898 3051 sed
920 2990 999 3050 scire
1022 2988 1169 3056 debemus¹
1186 2991 1242 3051 iste
1263 2997 1403 3071 quattuor
1423 3009 1486 3051 non
1507 2990 1545 3053 ab
1565 2998 1669 3051 utra-e

355 3111 412 3172 que
433 3099 518 3173 parte
545 3110 610 3153 esse
638 3099 791 3169 quattuor,
819 3090 872 3152 sed
901 3089 959 3150 duo
983 3108 1049 3152 esse
1070 3092 1293 3169 significationis
1315 3093 1425 3154 activae
1448 3099 1479 3153 et
1500 3092 1558 3153 duo
1578 3110 1636 3153 esse

353 3196 574 3273 significationis
600 3195 733 3274 passivae
759 3196 814 3271 (ue
843 3193 935 3262 iorte,
964 3192 1083 3273 quando
1109 3200 1142 3253 tu
1168 3193 1211 3254 vis
1239 3197 1283 3255 uti
1305 3195 1521 3273 significatione
1541 3196 1633 3261 activa,

353 3298 446 3359 utaris
478 3298 509 3357 in
542 3298 756 3375 significatione
789 3296 882 3357 activa
913 3302 1053 3375 quattuor
1083 3296 1277 3375 participiis),
1305 3294 1336 3355 id
1364 3301 1409 3355 est
1435 3298 1461 3356 si
1489 3299 1520 3357 in
1550 3295 1634 3356 verbo

353 3400 504 3461 communi
532 3400 625 3459 uteris
654 3398 869 3476 significatione
899 3394 904 3475 1
932 3398 1041 3467 activa,
1071 3396 1130 3457 duo
1156 3396 1249 3458 habes
1271 3398 1443 3476 participia;
1473 3399 1500 3459 si
1520 3399 1584 3459 item
1605 3399 1634 3457 in

351 3500 442 3563 verbo
463 3501 529 3581 ipso
552 3502 701 3561 communi
723 3499 851 3561 volueris
873 3500 916 3559 uti
938 3500 1151 3576 significatione
1171 3500 1304 3579 passiva,
1328 3499 1386 3561 duo
1409 3498 1503 3560 habes
1524 3500 1665 3579 pertici-o

350 3604 408 3682 pia.
452 3620 490 3663 ne
523 3601 604 3664 dicas
637 3620 723 3681 ergo,
757 3600 826 3662 iicet
853 3600 926 3661 mihi
953 3601 984 3660 in
1016 3598 1107 3661 iatiuo
1140 3602 1274 3661 invenire
1307 3606 1447 3680 quattuor
1473 3602 1631 3680 participia:

350 3707 521 3784 negavimus
550 3706 628 3766 enim
656 3706 754 3784 primo
782 3714 832 3764 aut
860 3719 1004 3782 praeseus
1031 3702 1219 3782 participium
1247 3704 1373 3763 inveniri
1402 3721 1418 3763 a
1448 3706 1562 3782 passivo
1586 3711 1632 3762 aut

349 3808 541 3886 praeteritum
569 3805 606 3867 ab
633 3808 740 3866 activo:
769 3822 807 3865 ne
834 3804 915 3865 dicas
941 3804 1029 3872 mihi,
1060 3821 1130 3863 ecee
1153 3803 1244 3865 habes
1265 3803 1405 3871 verbum,
1431 3804 1483 3865 ubi
1505 3812 1534 3865 et
1553 3822 1631 3883 prae·

348 3927 417 3969 sens
440 3917 498 3977 est,
524 3915 554 3969 et
575 3906 666 3968 habet
689 3908 934 3985 significationem
956 3912 986 3966 et
1006 3907 1131 3966 activam
1146 3915 1176 3967 et
1190 3908 1342 3985 passivam.
1373 3905 1425 3965 sed
1441 3925 1502 3967 non
1515 3913 1630 3986 propter

346 4012 424 4072 hanc
450 4006 676 4072 concessionem
705 4010 838 4070 concessi
866 4007 920 4069 tibi
947 4014 977 4067 et
1003 4004 1090 4077 iilud,
1113 4015 1159 4077 ut,
1183 4008 1301 4087 quando
1322 4010 1368 4068 vis
1390 4009 1433 4069 uti
1455 4009 1492 4069 ad
1515 4010 1665 4071 activamse

345 4112 606 4191 significationem,
630 4116 770 4191 quattuor
792 4112 863 4191 ipsis
885 4110 994 4179 utaris,
1024 4116 1054 4170 et
1080 4108 1175 4169 isdem
1198 4118 1335 4189 quattuor
1357 4108 1393 4169 ad
1416 4106 1504 4170 aiiem
1525 4108 1626 4187 signifi·

343 4217 505 4283 cationem;
528 4214 581 4275 sed
605 4211 655 4275 ilia
678 4213 893 4291 significatione
907 4211 1030 4287 woodo
1051 4214 1153 4280 uteris,
1177 4209 1292 4273 duobus
1307 4212 1415 4279 uteris;
1439 4212 1553 4292 quando
1566 4210 1625 4281 alia,

340 4319 413 4379 item
435 4316 500 4377 aliis
521 4315 648 4377 duobus.

224 4440 282 4503 440,
298 4442 328 4491 19
426 4418 489 4479 Hoc
517 4404 562 4480 est
589 4415 668 4497 quod
695 4416 821 4496 legimus
844 4418 933 4478 etiam
955 4418 987 4476 in
1009 4420 1074 4477 arte
1096 4415 1261 4496 superiore.
1305 4416 1365 4477 iam
1387 4415 1469 4477 addit
1489 4414 1544 4478 aiia
1564 4432 1623 4495 pro·

407 4642 423 4689 5
442 4640 572 4705 deponens
589 4656 636 4693 em,
650 4638 743 4700 ABc,
763 4638 823 4691 add.
838 4653 855 4687 c
924 4637 1087 4703 participium
1102 4652 1149 4690 ona.
1162 4637 1254 4700 ABG,
1268 4637 1330 4688 add.
1344 4634 1380 4687 a*
1448 4636 1468 4689 8
1483 4637 1530 4689 sed
1544 4633 1622 4688 ΜΛ

410 4709 444 4760 10
459 4712 500 4759 uis
519 4726 577 4761 esse
594 4724 728 4760 commuue
750 4710 857 4758 uerbum
878 4706 966 4758 ABG
1035 4707 1067 4757 15
1087 4722 1181 4770 quaere
1196 4702 1285 4758 Bea*
1309 4722 1388 4771 quare
1405 4710 1430 4758 A
1498 4710 1530 4758 27
1546 4706 1622 4755 actim

338 4780 417 4830 utaris
437 4780 475 4829 Ob
493 4782 576 4830 actius
594 4780 673 4830 uteris
688 4778 745 4828 AB
828 4774 864 4829 30
878 4778 914 4826 uti
933 4779 974 4841 (ut
990 4777 1014 4825 A
1032 4791 1101 4826 cerr.
1121 4778 1158 4827 uti
1174 4774 1205 4840 a)
1219 4777 1253 4826 ud
1270 4776 1482 4843 significationem
1500 4777 1621 4844 pessiuom

338 4850 421 4900 ABG
489 4848 521 4900 37
541 4850 587 4899 sed
604 4850 647 4899 itio
665 4848 850 4914 significatione
870 4846 1096 4913 (significationem
1115 4862 1183 4897 corr.
1203 4862 1248 4897 -ue
1258 4849 1296 4909 Α)
1313 4848 1414 4897 duobus
1428 4850 1507 4899 uteris
1522 4846 1599 4897 ABG
