3525 5600
493 429 695 529 uicenam
716 467 892 530 elmsrni
917 445 1104 528 xlii-xri
1377 467 1440 530 oar

729 611 739 633 ,
1244 589 1265 630 p.
1278 579 1378 618 raca-se
1392 576 1415 620 n.

152 675 225 734 ergo
253 673 327 736 qirae
357 657 388 716 iu
415 675 451 734 μι
472 663 587 716 exeunt
613 664 727 716 erutam
754 675 790 734 μι
817 659 849 716 in
875 674 942 734 μην
970 663 999 714 et
1026 659 1141 734 passiva
1164 659 1284 725 iaciunt,
1315 653 1442 736 λέγοιμι

151 758 323 838 λεγοίμην.
368 776 442 836 quae
466 775 537 816 vero
558 758 588 817 in
609 777 652 836 ην
674 764 793 825 exeunt,
816 779 840 837 μ
862 761 1046 818 interserunt
1068 760 1150 818 etin
1173 761 1322 838 passivum
1347 766 1441 819 trans·

151 869 233 931 eunt,
256 858 389 938 τιθείην
410 857 576 938 τιθείμην,
599 855 732 938 διδοίην
746 856 911 940 διδοίμην.
941 861 1046 922 Graeci
1069 879 1155 922 onrne
1179 869 1295 940 tempus
1318 864 1441 940 optativi

150 961 232 1023 ruodi
259 963 354 1022 maius
382 960 494 1039 syllaba
521 962 685 1038 proterunt,
709 959 714 1038 l
737 981 825 1040 eruam
846 963 904 1022 luit
936 965 966 1024 in
988 963 1164 1032 indicativo,
1193 963 1278 1023 notai
1301 970 1440 1042 ποιοῑμι,

124 1062 317 1144 ιπεποίηκα
331 1057 558 1142 πεποιηκοιμι,
581 1057 710 1142 ποιήσω
724 1059 909 1144 ποιησοιμιε
934 1067 1062 1126 aoriston
1079 1067 1158 1124 enim
1174 1074 1338 1145 praetereo,
1363 1066 1441 1145 quod

148 1167 283 1227 latinitas
309 1167 415 1226 nescit.
459 1164 527 1224 ideo
559 1156 668 1244 ἡβῷμι
686 1173 726 1224 ὀῖ
752 1157 897 1245 ἡβώοιμι
925 1167 1002 1246 apud
1031 1169 1160 1228 Graecos
1195 1169 1337 1246 legimuS,
1372 1171 1440 1247 qnia

149 1278 276 1348 propter
302 1269 505 1328 necessarium
532 1273 721 1342 augmentum
750 1267 880 1344 syllabae
904 1261 969 1328 άπδ
991 1269 1052 1328 τοῦ
1075 1264 1146 1348 ἡβῶ
1174 1271 1206 1329 tit
1226 1263 1352 1348 ηβῴμι,
1386 1267 1442 1328 καί

148 1365 216 1432 άτδ
245 1369 306 1430 τοῦ
333 1362 434 1449 ἡβωω
462 1371 495 1429 lit
521 1361 674 1448 ἡβώοιμι.
724 1387 811 1428 ourne
837 1369 915 1448 apud
945 1371 1072 1430 Graecos
1101 1374 1263 1450 optativum
1290 1372 1440 1448 singulare
1517 1450 1522 1456 Ι

149 1472 241 1534 babet
262 1475 326 1532 sine
349 1471 443 1532 dubio
465 1474 496 1532 iu
517 1471 698 1550 paenultima
721 1471 937 1550 diphthongum
960 1491 1035 1552 quae
1057 1491 1111 1551 per
1133 1491 1145 1530 ι
1167 1475 1352 1552 conponitur,
1387 1471 1441 1533 λε’-

101 1589 129 1628 10
147 1595 241 1656 γοιμι
262 1569 424 1653 γράψοιμι
446 1572 565 1650 οταίην
586 1569 693 1652 δοίην.
732 1573 810 1634 unde
832 1581 863 1634 et
883 1573 1078 1652 ΗΒΩΙΜΙ,
1101 1583 1168 1653 post
1186 1593 1212 1634 ω
1235 1573 1395 1634 ascribitur
1418 1595 1440 1654 ι,

148 1697 187 1737 ne
211 1679 276 1737 sine
297 1677 352 1736 bac
374 1675 466 1734 vocali
489 1675 611 1753 optativi
632 1674 813 1753 paenultima
834 1678 1014 1755 proseratur.
1052 1695 1158 1754 graeca
1181 1680 1308 1756 quaein
1330 1696 1367 1756 μι
1390 1695 1440 1736 ox·

147 1787 256 1839 eunte
278 1777 416 1839 ultimum
439 1779 469 1836 in
493 1795 531 1836 εν
552 1784 667 1837 mutant
694 1785 724 1836 et
745 1780 818 1838 liunt
846 1778 983 1858 pluralia,
1014 1785 1142 1857 ποιοῖμι
1164 1785 1329 1859 ποιοῖμεν,
1356 1774 1440 1857 γρά-

147 1898 247 1960 φοιμι
261 1875 459 1958 γράφοιμεν.
489 1897 608 1958 semper
622 1879 700 1958 apud
716 1879 845 1940 Graecos
866 1879 991 1960 pluralis
1014 1883 1109 1959 prima
1133 1898 1258 1966 persona
1282 1889 1332 1940 aut
1352 1899 1441 1940 unam

147 1981 279 2042 vocalem
302 1980 391 2042 babet
413 1983 444 2042 iu
464 1981 645 2062 paenultima
667 1983 908 2060 praecedentem,
938 1989 970 2042 ut
992 1981 1152 2061 οταίημεν
1174 1980 1366 2061 νυγείημεν,
1390 1991 1441 2042 aut

107 2100 134 2137 1⁵
147 2084 237 2152 duas,
263 2090 300 2171 pt
325 2078 479 2162 λέγοιμεν
506 2077 705 2162 γράφοιμεν.
750 2085 803 2144 sed
831 2087 934 2164 priora
956 2085 1014 2144 fine
1037 2091 1148 2144 munte
1171 2086 1202 2144 in
1225 2097 1289 2144 σαν
1322 2087 1439 2146 tertiam

148 2203 307 2265 personam
330 2185 367 2245 de
389 2203 421 2244 se
443 2185 586 2254 elliciunt,
610 2188 764 2264 sequeutia
779 2205 850 2246 vero
872 2205 895 2266 μ
918 2185 1069 2247 subtracto
1084 2185 1163 2246 idem
1180 2187 1301 2256 iaciunt,
1326 2186 1438 2266 σταίη-

147 2307 211 2368 μεν
234 2289 410 2366 σταίησαν,
433 2282 593 2365 ,λέγοιμεν
622 2283 762 2365 λέγοιεν.
806 2289 921 2368 passiva
944 2287 1124 2348 Graecorum
1147 2305 1221 2366 qnae
1248 2291 1279 2348 in
1302 2309 1368 2368 μην
1390 2307 1439 2348 ex·

147 2397 222 2450 eunt
247 2390 324 2450 banc
351 2392 446 2468 ipsam
475 2388 619 2468 syllabam
645 2393 677 2450 iu
705 2410 723 2451 ο
751 2399 866 2452 mutant
894 2398 925 2451 et
945 2390 1105 2450 secundam
1127 2399 1285 2468 personum
1317 2392 1438 2460 iaciunt,

146 2489 307 2571 ποιοίμην
328 2497 451 2568 ποιοῖο,
474 2490 668 2572 γραφοίμην
688 2488 848 2572 γράφοιοε
871 2511 946 2572 (puae
970 2511 1040 2551 vero
1063 2494 1092 2552 in
1116 2511 1169 2570 ην,
1192 2511 1213 2550 ν
1236 2495 1266 2551 in
1289 2501 1439 2553 onrutant

104 2611 134 2650 20
148 2602 180 2654 et
201 2595 315 2655 iaciunt
342 2593 519 2663 secundam,
542 2593 660 2674 οταίην
683 2594 815 2674 σταίης,
842 2591 939 2674 δοίην
967 2591 1069 2673 δοίης.
1115 2596 1178 2672 ipsa
1207 2611 1277 2653 vero
1310 2596 1438 2655 secunda

147 2713 287 2776 persona,
309 2698 336 2756 si
359 2697 390 2756 iu
412 2714 430 2755 ο
454 2697 524 2764 exit,
548 2695 629 2756 addit
650 2715 669 2756 τ
691 2705 721 2756 et
742 2698 815 2758 lacit
835 2699 953 2758 tertiam
990 2702 1099 2756 ποιοῖο
1122 2701 1267 2772 ποιοῖτο,
1294 2690 1439 2774 γράφοιο

145 2792 328 2877 γράφοιτοε
352 2816 427 2877 quae
451 2800 483 2858 in
505 2810 526 2858 σ
547 2797 663 2868 desinit,
686 2798 742 2859 boc
763 2803 872 2861 amittit
895 2808 924 2859 et
946 2800 1017 2859 iacit
1039 2800 1166 2867 tertiam,
1195 2795 1309 2877 σταίης
1331 2797 1438 2878 σταίη,

146 2898 242 2979 δοίης
264 2896 349 2980 δοίη.

233 3001 275 3061 be
304 3002 421 3062 infinito
449 3003 545 3063 modo.
596 3004 744 3064 infinitum
771 3006 907 3073 modum,
937 3022 1024 3083 quem
1052 2995 1293 3082 άπαρέμφατον
1325 3002 1437 3071 dicunt,
1453 3028 1499 3075 161
1512 3026 1543 3078 v·

103 3104 270 3183 menidam
294 3105 475 3165 Graecorum
497 3108 576 3165 iuter
600 3104 689 3166 verba
711 3124 869 3166 numerare
891 3106 1063 3175 noluerunt,
1093 3107 1161 3184 quia
1196 3103 1304 3165 nullius
1327 3100 1436 3181 ἐγκλί-

146 3220 234 3278 σεως
260 3206 385 3267 verbum
412 3207 505 3267 verbo
537 3207 661 3268 alterius
693 3210 828 3269 iunctum
857 3208 949 3267 elficit
982 3224 1101 3267 sensum
1135 3204 1213 3285 (quis
1247 3208 1325 3265 onim
1360 3206 1439 3265 ilicet

142 3306 332 3388 βουλοίμην
354 3305 452 3387 λέγω,
475 3304 603 3389 λε’γοιμι
624 3304 798 3389 βούλομαι,
820 3305 984 3388 γράφοιμι
1014 3305 1164 3387 τρέχωῖ);
1193 3308 1435 3387 aparernpbatnur

147 3429 219 3469 vero
241 3430 309 3470 cum
331 3410 466 3490 quolibet
480 3411 567 3471 modo
581 3414 715 3471 iunctum
729 3414 802 3471 lacit
815 3429 944 3479 sensum,
968 3406 1058 3471 θέλω
1080 3404 1237 3489 γράφειν,
1259 3406 1340 3470 θέλε
1354 3406 1436 3487 γρά·

147 3530 246 3591 φειν,
276 3503 336 3571 ἐάν
362 3508 454 3573 θέλω
474 3508 639 3592 γράφειν,
663 3510 694 3573 εί
713 3508 847 3593 θέλοιμι
872 3509 1028 3592 γράφειν.
1074 3512 1211 3571 similiter
1234 3518 1262 3570 et
1285 3510 1361 3589 apud
1383 3510 1437 3571 La·

73 3606 87 3627 ¹
103 3616 229 3675 aetium
251 3613 312 3674 dici
334 3632 394 3675 non
422 3622 520 3693 potest
548 3614 637 3675 velim
659 3614 768 3685 scribo,
792 3614 916 3675 debeam
943 3631 1029 3673 curre
1059 3620 1089 3673 et
1116 3611 1234 3673 similia.
1278 3612 1438 3691 dicuntque

146 3714 324 3777 adverbium
352 3734 418 3777 esse
445 3719 553 3793 magis,
583 3719 655 3796 quia
680 3718 843 3786 inlinitum,
878 3718 956 3776 sicut
978 3714 1165 3784 adverbium,
1196 3716 1388 3793 praeponitur
1411 3721 1440 3773 et

146 3819 337 3897 postponitur
358 3816 460 3886 verbo,
482 3825 516 3877 ut
536 3813 657 3897 γράφω
679 3817 800 3896 καλῶς,
825 3816 828 3898 ξ
853 3812 961 3889 καλῶς
982 3813 1114 3897 γράφω,
1137 3817 1235 3877 scribo
1252 3816 1337 3883 bene,
1363 3815 1437 3875 bene

145 3918 262 3988 scribo,
291 3914 458 3998 illuctati
487 3915 700 3999 διαλέγομαι,
723 3915 917 3999 διαλέγομαι
939 3914 1120 3997 ἑλληνιστί,
1144 3920 1236 3979 latine
1258 3918 1372 3995 loquor,
1396 3917 1437 3976 lo·

146 4039 223 4100 quor
250 4021 357 4090 latine;
386 4023 427 4080 ita
455 4028 485 4080 et
511 4022 581 4091 boc,
609 4016 701 4083 θέλω
728 4018 886 4100 γράφειν,
908 4016 1054 4099 γράφειν
1075 4014 1178 4099 θέλω,
1208 4020 1271 4079 volo
1294 4018 1436 4087 scribere,

103 4122 283 4184 asscribere
306 4122 380 4192 volo,
405 4118 583 4202 ἐπίσταμαι
605 4116 745 4202 τρέχειν,
768 4117 900 4201 τρέχειν
924 4118 1113 4201 ἐπίσταμαι,
1143 4124 1205 4180 sein
1232 4121 1326 4200 loqui,
1357 4121 1438 4200 loqui

146 4228 219 4285 seio.
251 4243 308 4285 uec
330 4226 440 4285 mirum
462 4226 554 4295 aiunt,
578 4242 644 4284 cum
659 4224 750 4285 multa
773 4224 912 4285 adverbia
935 4230 1095 4284 nascantur
1117 4242 1132 4281 a
1155 4223 1264 4291 verbis,
1288 4224 1343 4282 boc
1366 4242 1437 4302 quo·

146 4346 205 4407 que
230 4346 267 4387 ex
288 4326 381 4387 verbo
403 4346 467 4387 esse
490 4329 667 4406 proiectum.
696 4329 720 4386 si
737 4328 816 4386 enbn
833 4321 990 4404 ἑλληνίζω
1009 4320 1179 4404 ἑλληνιστί
1191 4325 1261 4385 lacit
1277 4332 1306 4384 et
1322 4320 1437 4403 κάμνω

145 4420 281 4507 άκμητί,
304 4447 358 4489 cur
380 4448 439 4489 nou
462 4438 493 4489 et
514 4421 580 4489 άπδ
601 4422 664 4489 τοῦ
683 4422 804 4507 γράφω
826 4437 965 4489 nascatur
988 4426 1161 4487 adverbium
1182 4420 1345 4504 γράφεινῖ
1383 4424 1437 4485 hoc

145 4532 238 4591 etiam
267 4530 392 4591 addunt:
421 4533 446 4591 ei
475 4530 512 4591 ab
540 4550 576 4590 eo
598 4528 676 4609 quod
698 4538 743 4590 est
764 4525 885 4609 γράφω
908 4548 974 4589 cum
997 4530 1031 4589 srt
1051 4523 1209 4606 γράφων,
1234 4530 1292 4587 iam
1314 4527 1438 4588 verbum

102 4654 132 4693 ro
146 4651 206 4693 nou
236 4632 361 4701 dicitur,
389 4632 441 4692 sed
468 4633 674 4712 participium,
703 4634 772 4711 quia
800 4632 933 4693 ultimam
962 4638 1054 4691 mutat
1082 4638 1111 4689 et
1139 4648 1295 4708 personam
1318 4632 1436 4699 amittit,

170 4770 362 4779 ...auu-——w-

135 4886 141 4897 .
215 4819 248 4867 12
267 4817 307 4881 εν]
325 4821 399 4885 ηνΡ
463 4814 607 4883 ποιοῖμεν]
626 4820 800 4884 ποιοιμηνΡ
868 4821 900 4868 13
913 4809 1083 4897 γράφοιμεν]
1097 4818 1297 4881 γραφοιμηνΡ
1367 4818 1397 4866 15
1411 4827 1437 4865 ut

145 4887 285 4953 λεγοιμην
315 4888 499 4952 ραφοιμηνΡ
567 4889 597 4937 16
610 4884 760 4951 οταίημεν]
774 4886 954 4951 σταιημηνΡ
1011 4882 1382 4951 17λεγοιμεν1λεγοιμηνΡ

145 4958 178 5006 27
190 4970 298 5023 paremp
333 4956 423 5005 tourP
488 4956 782 5020 ddeurrepcurrereP
