3525 5600
328 339 389 402 12⁶2
894 343 1045 404 l'tllll’Ell

351 464 373 505 p.
387 454 462 493 sr-sa
477 451 497 490 n.

326 540 372 594 est
392 531 549 601 resolutio,
572 529 624 591 uhi
646 528 733 590 nobis
754 529 823 592 licet
851 549 906 610 pro
929 549 987 592 una
1009 531 1097 610 longa
1119 530 1193 591 duas
1220 529 1326 592 breves
1353 547 1467 610 ponere
1489 538 1538 590 aut
1557 549 1615 610 pro

325 635 442 696 duabus
464 633 559 712 longis
581 640 720 713 quattuor
741 632 847 694 breves
868 651 991 713 ponere.
1037 634 1205 714 quaeritur,
1230 639 1328 694 utrum
1351 633 1531 694 econtrario
1546 651 1615 712 pos-

325 737 363 797 sit
383 738 449 798 lieri
471 745 503 797 ut
526 754 583 797 uua
604 733 691 814 longa
713 753 769 814 pro
793 735 906 797 duabus
921 735 1062 798 brevibus
1075 743 1214 815 ponatur.
1245 735 1329 796 verbi
1343 752 1432 796 causa
1446 735 1615 814 glyconium

325 847 454 900 metrum
476 857 535 899 nou
559 844 674 900 constat
695 838 752 898 nisi
774 855 811 898 ex
832 837 965 916 spondeo
990 845 1019 900 ct
1040 836 1165 917 dactylo.
1189 838 1354 917 quaeritur,
1378 845 1479 898 utrum
1502 836 1539 898 dc
1562 837 1616 898 illo

325 940 440 1022 dactylo
462 940 513 1001 irat
533 939 698 1019 spondeus,
722 946 755 1000 ut
776 938 845 1000 illae
867 940 943 1002 duae
965 939 1071 1002 hrevcs
1094 948 1237 1018 cogantur
1251 941 1283 1001 in
1298 957 1387 1000 unam
1402 938 1530 1018 longam.
1554 955 1643 1001 nono

324 1050 431 1122 potest.
476 1041 546 1102 licet
568 1041 655 1102 nohis
677 1040 714 1102 de
736 1040 831 1120 longis
852 1042 957 1103 breves
979 1043 1092 1112 lacere,
1116 1042 1154 1103 de
1169 1041 1307 1103 brevibus
1321 1041 1439 1120 longam
1456 1060 1618 1122 numquam

323 1147 459 1207 facimus.
504 1162 576 1223 ergo
599 1143 649 1204 ille
672 1162 790 1213 versus,
814 1145 865 1223 qui
886 1144 976 1205 habat
998 1144 1179 1224 spondeum,
1209 1152 1305 1223 potest
1327 1143 1439 1206 habere
1461 1143 1617 1224 proceleu-

323 1249 479 1315 maticum:
504 1245 553 1307 ille
575 1253 675 1306 autem
696 1264 814 1317 versus,
843 1247 894 1325 qui
917 1245 1007 1307 hahet
1029 1246 1326 1326 proceleumaticum,
1356 1265 1416 1307 non
1443 1253 1542 1325 potest
1563 1245 1618 1306 ba·

323 1348 397 1410 bere
418 1348 592 1428 spondeum.
637 1367 697 1409 non
721 1349 800 1408 enim
822 1347 891 1408 licet
919 1347 956 1409 de
978 1347 1118 1410 brevibus
1144 1348 1262 1426 longam
1290 1350 1399 1410 lacere.
1445 1347 1620 1410 benedixit

322 1450 395 1512 illud
417 1451 627 1521 Terentianus,
1632 1466 1654 1504 10

477 1572 559 1614 nam
582 1552 702 1615 solida
725 1551 818 1614 lindi
839 1551 1054 1630 magnitudo
1077 1571 1148 1614 non
1172 1559 1285 1624 vetat,

476 1655 596 1717 divisa
618 1654 734 1715 hodie
757 1673 881 1716 verum
903 1656 940 1715 in
963 1673 1075 1716 ununt
1098 1673 1168 1715 non
1190 1661 1350 1734 possunt
1372 1656 1492 1724 coire,

323 1759 354 1819 id
377 1767 436 1829 cst,
460 1776 536 1838 quae
560 1756 653 1818 solida
675 1757 801 1828 luerint,
824 1763 951 1836 possunt
973 1755 1057 1826 lindi;
1081 1775 1156 1836 quac
1171 1756 1262 1818 dicha
1281 1753 1286 1840 Ι
1305 1758 1430 1827 luerint,
1454 1759 1484 1818 in
1501 1775 1534 1818 se
1550 1757 1619 1834 cogi
1722 1773 1723 1778 ¹

325 1880 385 1921 non
406 1867 540 1940 possunt.
584 1860 639 1918 ista
664 1869 709 1919 est
731 1876 803 1936 ergo
825 1857 979 1920 resolutio.
1722 1841 1723 1862 ¹

407 1962 529 2024 Accedit
549 1961 652 2040 ligura.
696 1961 801 2022 Graeci
823 1961 887 2022 lere
909 1959 1036 2041 syllabas
1058 1979 1117 2022 nou
1141 1969 1321 2040 agnoscunt,
1345 1961 1396 2022 sed
1419 1961 1529 2039 figuras
1544 1960 1618 2020 laci·
1633 1973 1656 2011 15

324 2071 387 2126 unt.
432 2082 504 2143 ergo
530 2061 582 2124 ubi
608 2063 759 2123 inveneris
788 2065 870 2142 quasi
899 2081 918 2122 u
946 2062 992 2124 bis
1019 2064 1154 2142 positam,
1184 2063 1230 2123 dic
1259 2063 1447 2144 ‘pyrrichius
1470 2065 1542 2130 est’;
1568 2059 1620 2120 ubi
1722 2111 1723 2116 ,

325 2167 473 2228 inveneris
494 2166 505 2225 i
526 2166 626 2226 iacens
649 2172 678 2224 et
699 2182 719 2224 u
741 2183 840 2234 unam,
865 2163 913 2224 dic
935 2163 1110 2226 ‘trochaeus
1133 2167 1201 2226 est.'
1244 2167 1300 2226 ista
1323 2172 1368 2226 cst
1389 2165 1492 2243 figura.
1722 2155 1723 2186 l

408 2269 534 2330 ldetrum
555 2269 607 2328 uui
629 2268 735 2346 cuique
756 2265 825 2346 pedi
847 2265 967 2336 accidit,
999 2272 1031 2326 ut
1058 2274 1128 2346 puta
1158 2267 1195 2326 dc
1218 2266 1332 2348 dactylo
1355 2265 1531 2348 dactylicum
1555 2283 1620 2325 mc·
1722 2253 1723 2320 ζ

325 2380 413 2442 trum,
430 2370 467 2431 dc
483 2369 616 2450 spondeo
631 2368 834 2448 spondiacum,
858 2368 895 2428 de
916 2367 1058 2430 trochaeo
1076 2367 1267 2430 trochaicum.
1286 2387 1357 2448 ergo
1372 2367 1510 2430 accidunt
1526 2367 1620 2428 etiam

324 2469 428 2535 metra.
463 2473 535 2553 quin
557 2472 646 2531 etiam
667 2469 760 2550 pedes
782 2489 842 2532 non
865 2469 939 2531 nulli
962 2469 1073 2530 habent
1095 2471 1241 2531 rationem
1264 2472 1432 2546 nominum,
1457 2463 1552 2550 quar'e
1566 2471 1616 2560 'ita
1631 2486 1656 2525 so
1722 2489 1723 2544 3

325 2575 472 2637 dicautur.
516 2571 659 2634 velociter
686 2573 781 2634 currit
802 2571 922 2653 quidam
945 2590 1012 2651 pes,
1043 2582 1071 2635 ct
1093 2573 1259 2655 appellatur
1279 2573 1447 2634 trochaeus.
1492 2571 1620 2632 trochos

324 2694 431 2755 graece
453 2674 562 2737 dicitur
585 2683 664 2744 rota;
687 2671 767 2743 inde,
791 2674 869 2754 quod
885 2672 1026 2736 velociter
1042 2677 1145 2746 currit,
1161 2674 1321 2736 trochacus
1335 2673 1431 2736 dictus
1446 2679 1500 2734 cst.
1526 2692 1619 2752 spon·
1722 2661 1723 2664 ¹

325 2779 397 2841 deus
419 2780 537 2839 tractim
559 2785 652 2838 sonat.
696 2794 765 2838 nam
787 2775 938 2857 spondeus
965 2775 1074 2839 dicitur
1098 2784 1208 2840 tractus
1236 2777 1370 2858 quidam,
1398 2775 1429 2837 id
1458 2785 1505 2839 est
1526 2793 1620 2838 sonus
1722 2795 1723 2865 j

325 2881 460 2961 quidam,
484 2881 535 2959 qui
556 2879 689 2941 tunditur
717 2881 796 2941 circa
824 2898 913 2942 aures
939 2881 1177 2943 sacrificantium.
1209 2878 1283 2961 [non
1311 2888 1381 2941 sunt
1402 2898 1484 2941 sacra
1508 2878 1619 2959 ahqua,

325 2984 378 3045 scd
399 3002 490 3044 sonus
512 2982 563 3059 qui
585 2978 664 3041 c'adit
684 2982 764 3042 circa
786 3000 873 3043 aures
895 2976 1148 3065 sacrificantium].
1194 2984 1308 3062 etipse
1335 2998 1407 3059 ergo
1429 2981 1497 3043 ideo
1521 2981 1620 3044 dictus
1633 2997 1656 3038 as
1722 2968 1723 3003 ³

326 3094 371 3147 est
398 3084 561 3165 spondeus,
591 3084 660 3163 quia
687 3084 804 3143 tractim
832 3091 926 3145 sonat.
979 3084 1197 3165 amphimacrus
1230 3103 1266 3147 cx
1293 3103 1327 3145 re
1354 3101 1463 3144 nomen
1491 3086 1619 3163 accepit,
1722 3066 1723 3127 ἶ

325 3187 405 3269 quod
426 3194 553 3265 utraque
574 3192 661 3264 parte
681 3184 801 3262 longam
822 3184 930 3247 babeat
952 3184 1109 3266 syllabam;
1134 3184 1372 3266 amphibrachus,
1396 3184 1475 3265 quod
1490 3194 1620 3265 utraque
1722 3204 1723 3267 ξ

327 3299 410 3371 parte
432 3288 554 3349 brevem
575 3285 685 3348 habeat
706 3286 857 3367 syllabam.
888 3305 960 3366 ergo
983 3296 1012 3349 et
1033 3289 1090 3367 ipsi
1111 3287 1203 3368 pedes
1225 3288 1336 3349 habent
1356 3288 1503 3349 rationem
1520 3290 1619 3349 nomi·
1722 3278 1723 3337 ἰ

326 3410 397 3452 num
418 3407 550 3451 suorum.
1722 3374 1723 3377 ¹

207 3505 267 3567 480,
281 3507 313 3555 aa
410 3492 503 3553 Pedes
526 3500 625 3553 autem
647 3511 750 3554 omncs
771 3501 840 3555 suut
858 3494 863 3571 t
883 3492 982 3556 CCXX
1005 3501 1034 3554 et
1054 3492 1117 3553 llll.
1144 3510 1178 3553 er
1199 3490 1244 3553 his
1259 3493 1378 3553 nomina
1393 3490 1504 3553 habcnt
1518 3490 1576 3553 xx
1592 3501 1621 3553 et
1633 3510 1656 3549 no
1722 3506 1723 3571 3

326 3592 388 3654 Vlll
409 3592 514 3674 pedes,
538 3612 613 3671 quos
634 3597 819 3673 grammatici
841 3600 979 3657 tractant.
1024 3602 1156 3655 ceterum
1183 3596 1215 3655 iu
1243 3595 1364 3655 musicis
1386 3596 1466 3654 etin
1489 3596 1620 3655 oratori·
1722 3596 1723 3601 ’

326 3694 381 3757 bus
401 3697 568 3757 invenimus
591 3704 620 3757 et
641 3696 860 3777 pentasyllabos
888 3706 917 3757 et
945 3694 1175 3775 hexasyllabos·
1192 3698 1243 3775 qui
1271 3695 1307 3757 dc
1335 3714 1391 3756 usu
1417 3704 1619 3757 recesserunt.

325 3799 445 3859 iuterim
467 3796 566 3866 uobis,
590 3801 643 3875 qui
664 3799 700 3859 ad
723 3806 818 3860 metra
840 3799 1004 3871 tendimus,
1029 3800 1188 3859 necessarii
1209 3805 1277 3858 sunt
1297 3798 1346 3857 isti
1367 3796 1418 3857 llll
1441 3804 1471 3857 et
1485 3794 1552 3857 Vlll
1569 3816 1620 3877 pe·
1722 3830 1723 3873 3

326 3902 388 3963 des.
434 3899 471 3960 de
493 3898 608 3962 duabus
629 3900 749 3981 syllabis
771 3908 911 3977 quattuor
930 3897 962 3962 hi
977 3909 1061 3970 suut,
1084 3900 1259 3981 pyrrichius
1282 3898 1440 3979 spondens,
1458 3898 1622 3961 trochaeus

226 4053 229 4057 .
326 4012 356 4064 et
377 4000 507 4070 iambus;
531 4000 568 4063 de
589 4001 685 4063 trihus
708 4010 774 4063 octo
796 4003 846 4065 isti
867 4011 951 4075 sunt,
976 4002 1157 4073 tribrachus,
1186 3994 1345 4071 molossus,
1374 4000 1520 4081 dactylus,
1545 4021 1618 4063 ana·
1633 4020 1657 4059 as

325 4111 458 4184 paestus,
483 4103 715 4184 amphimacrus,
738 4104 985 4186 amphibrachus,
1009 4104 1150 4167 bacchius
1173 4112 1202 4165 et
1222 4103 1442 4173 antibacchius;
1473 4102 1511 4163 de
1532 4113 1619 4182 quat·
1722 4176 1723 4185 ἵ

397 4361 413 4411 3
437 4370 465 4411 ut
486 4377 537 4414 una
561 4360 637 4427 longa
655 4377 700 4427 pro
721 4360 818 4411 duabus
841 4362 960 4413 breuibus
979 4370 1088 4427 ponatur
1106 4360 1131 4411 B
1155 4368 1183 4411 ut
1201 4361 1267 4410 duae
1284 4360 1375 4410 breues
1397 4376 1443 4425 pro
1469 4375 1519 4409 una
1539 4360 1620 4429 longa
1722 4382 1723 4391 ¹

326 4440 454 4498 ponantur
470 4433 542 4484 Aoo
613 4431 646 4482 10
659 4429 837 4498 Terentianus]
856 4448 880 4480 v.
901 4432 969 4484 2226
1022 4432 1052 4482 11
1074 4446 1132 4481 nam
1151 4431 1233 4481 solida
1251 4429 1313 4480 lindi
1328 4432 1353 4481 B
1371 4444 1429 4479 nem
1447 4430 1530 4480 solido
1548 4432 1620 4481 liudo

327 4504 352 4551 A
368 4516 426 4551 nam
446 4503 527 4552 solido
545 4500 607 4551 lind.
626 4500 702 4567 (lindi
718 4501 743 4565 c)
764 4502 805 4553 0.
854 4501 887 4552 12
905 4502 990 4553 diuisa
1010 4500 1087 4551 hodie
1105 4502 1147 4552 Ga
1166 4501 1250 4552 diuisa
1264 4542 1269 4553 .
1284 4540 1291 4553 .
1306 4500 1364 4550 odie
1385 4500 1410 4547 A
1428 4500 1511 4549 diuisa
1531 4512 1619 4551 antem

327 4571 404 4620 hodie
421 4572 446 4622 B
462 4572 603 4638 diuisiones
621 4572 727 4622 hodiec
780 4571 862 4622 cobiri
878 4572 903 4620 Α
919 4572 1040 4622 cohariC
1053 4570 1172 4621 coherere
1191 4570 1216 4621 B
1286 4571 1319 4621 16
1336 4570 1378 4620 dic
1394 4585 1441 4621 om.
1454 4570 1488 4631 A,
1505 4572 1574 4619 add.
1587 4568 1620 4620 a*
1722 4588 1723 4593 ¹

400 4642 430 4691 17
449 4642 556 4692 iiacena
569 4652 594 4691 et
613 4657 628 4690 n
647 4651 750 4691 antece
768 4641 902 4692 trochaeus
920 4652 958 4692 est
975 4642 1059 4692 Aac
1108 4642 1158 4691 ista
1174 4650 1211 4691 est
1229 4654 1274 4695 otu.
1294 4642 1327 4698 A,
1347 4640 1408 4693 add.
1428 4655 1445 4688 n
1504 4640 1540 4691 23
1558 4656 1619 4691 nam
1722 4662 1723 4693 1

328 4711 457 4776 spondeus
477 4712 569 4763 dicitur
587 4720 682 4761 tractus
700 4717 830 4771 [tractatus
848 4711 885 4775 B)
903 4712 1004 4776 quidam
1023 4710 1050 4760 id
1069 4719 1108 4761 est
1126 4725 1205 4763 sonus
1224 4712 1327 4775 quidam
1345 4712 1388 4775 qui
1410 4708 1524 4759 tunditur
1543 4712 1620 4763 noa
1722 4736 1723 4745 ,

328 4795 385 4829 nam
403 4782 532 4845 spondeus
549 4783 593 4846 qui
610 4781 724 4832 funditur
741 4782 782 4833 A:
806 4797 864 4830 nam
889 4776 1001 4846 σπονδή
1025 4780 1212 4830 Lindemaanua
1281 4782 1314 4831 25
1333 4782 1392 4843 quia
1405 4778 1510 4830 caditA
1585 4780 1620 4832 30
1722 4774 1723 4809 ³

260 4921 264 4927 μ
330 4848 399 4898 CXX
417 4859 442 4898 ct
460 4852 505 4903 llll
522 4852 545 4901 L
563 4860 663 4901 centnm
681 4852 772 4917 uiginti
791 4859 816 4898 et
834 4858 952 4914 quattuor
966 4850 991 4899 B
1008 4849 1078 4899 LXX
1096 4859 1120 4900 et
1140 4851 1187 4899 llll
1203 4849 1256 4901 AC
