3525 5600
664 391 900 454 COllblEN'l'Vbl
1364 387 1423 452 177

1241 509 1263 551 p.
1276 499 1364 540 tat-m
1377 497 1400 538 l..

155 582 262 662 nuptiae,
284 579 427 658 utrmquid
449 585 547 660 potest
568 579 626 640 lroe
646 597 742 658 genus
757 579 938 641 matrimonii
960 597 1014 658 per
1038 595 1129 640 unum
1151 579 1215 638 lieri
1239 586 1268 639 et
1290 595 1349 638 non
1371 595 1426 657 pei·

155 685 229 746 lunai
255 681 367 744 ideirco
394 684 483 744 etiarn
510 683 628 744 numeri
658 681 781 763 pluralis
803 688 858 742 est.
901 683 973 743 item
994 681 1026 742 iu
1048 697 1159 760 genere
1181 687 1287 741 neutro
1308 681 1425 741 numeri

154 793 248 848 autum
274 785 361 845 modo
393 784 532 865 pluralis,
567 784 736 848 Saturnalia
763 783 932 845 vulcanalia
965 782 1148 863 Compitalia.
1192 781 1304 842 idcirco
1338 783 1425 842 etiam

154 888 278 948 debemus
305 886 363 948 boc
390 885 650 969 animadverltere,
680 887 759 965 quod
788 885 896 966 aliquis
923 883 1041 946 obiecit.
1085 883 1282 965 quaerebatur
1315 883 1426 946 Pascha

134 991 222 1051 aeuus
241 1001 318 1050 esset
339 992 467 1052 numeri.
513 989 577 1050 elios
598 990 692 1050 lestus
714 995 767 1050 est.
804 989 903 1049 omnia
928 989 1047 1048 nomina
1070 987 1185 1048 dierum
1208 986 1350 1048 festorum
1373 1005 1425 1046 nu·

152 1093 213 1153 neri
233 1101 300 1151 sunt
322 1097 437 1153 tautum
459 1091 596 1173 pluralis,
620 1091 788 1153 Vulcanalia
812 1089 996 1170 Compitalia.
1019 1087 1137 1150 dicebat
1150 1087 1200 1149 ille
1216 1090 1266 1168 qui
1282 1087 1429 1150 obiciebat

153 1195 226 1254 etiam
247 1191 302 1253 boe
324 1195 443 1255 numeri
465 1213 532 1254 esse
554 1200 667 1254 tantum
689 1191 823 1274 pluralis.
858 1191 911 1252 sed
933 1198 1003 1254 sunt
1024 1209 1130 1254 causae
1152 1209 1227 1271 quae
1246 1198 1427 1270 repugnant:

152 1298 247 1375 primo,
276 1295 353 1372 quod
380 1295 430 1355 illa
459 1297 579 1357 nomina
607 1298 639 1357 in
668 1296 695 1356 ia
719 1303 841 1364 exeunt,
865 1292 1033 1354 Vulcanalia
1057 1292 1224 1355 Saturnalia
1247 1292 1428 1373 Compitalia,

153 1406 177 1456 et
194 1395 298 1456 babent
318 1397 485 1477 principale
506 1417 607 1465 suum,
636 1397 714 1459 unde
742 1399 892 1464 oriantur,
922 1395 1062 1458 Vulcanal
1086 1393 1266 1465 Vulcanalia,
1290 1393 1429 1456 blinerval

124 1520 143 1558 n
152 1496 322 1567 Minervalia,
346 1498 491 1579 Compital
515 1500 703 1579 Compitalia,
727 1497 839 1560 babent
865 1496 1030 1578 principale
1053 1515 1155 1567 suum,
1179 1497 1258 1559 unde
1281 1499 1429 1566 oriantur;

152 1601 200 1661 boc
219 1619 274 1662 uon
296 1600 401 1673 babet,
426 1621 482 1663 nec
497 1603 543 1671 ,ita
567 1604 627 1663 exit
648 1604 681 1662 in
703 1603 744 1672 ia,
768 1601 874 1662 sedin
898 1619 924 1660 a.
955 1600 1062 1661 deinde
1084 1600 1141 1661 boc
1171 1617 1277 1660 nomen
1307 1597 1430 1660 latinum

152 1711 201 1773 at,
226 1722 241 1764 a
268 1702 412 1764 latinitate
440 1703 609 1773 descendit;
640 1703 713 1764 illud
741 1719 811 1764 vero
839 1720 979 1782 graecum
1011 1710 1063 1764 est.
1103 1711 1132 1762 et
1153 1702 1288 1762 novimus
1310 1701 1430 1762 aomina

118 1824 121 1831 ¹
153 1823 261 1889 graeca,
289 1825 365 1886 quae
391 1807 432 1867 ita
466 1813 575 1869 exeunt
604 1806 683 1885 apud
711 1805 856 1875 Graecos,
886 1812 956 1885 puta
985 1804 1097 1884 colyma
1126 1803 1291 1885 colymata,
1324 1821 1431 1884 pegma

153 1915 289 1987 pegmata,
312 1917 438 1969 stemma
460 1916 632 1979 stemmata,
656 1911 711 1970 ista
734 1907 880 1970 neutralia
904 1925 979 1988 quae
1001 1913 1070 1967 sunt
1092 1907 1186 1968 etsie
1209 1913 1334 1974 exeunt,
1364 1923 1430 1966 cum

125 2012 293 2089 incoeperint
315 2013 443 2072 transire
464 2013 497 2072 in
519 2029 677 2074 numerum
699 2009 860 2092 pluralem,
878 2027 1000 2070 necesse
1023 2007 1135 2069 babent
1156 2015 1189 2068 ut
1210 2007 1241 2068 in
1263 2015 1292 2069 ta
1316 2015 1430 2068 exeant.

154 2131 204 2191 quo
223 2112 308 2173 modo
331 2113 469 2192 argoris
492 2132 558 2176 esse
579 2113 655 2175 boel
688 2121 721 2175 ut
742 2131 879 2192 graecam
903 2113 1036 2190 sequaris
1059 2111 1218 2179 rationem,
1242 2117 1293 2170 aut
1313 2117 1346 2170 ut
1359 2109 1431 2172 lati·

154 2215 231 2275 nam?
261 2217 286 2275 si
308 2233 446 2294 graecam
469 2217 512 2276 vis
533 2233 695 2296 sequamur
715 2217 878 2285 rationem,
910 2233 969 2276 non
989 2211 1082 2302 babet
1104 2231 1262 2274 numerum
1285 2212 1431 2292 pluralem

155 2314 206 2392 lin
227 2325 252 2378 ta
275 2326 449 2387 exeuntem:
477 2319 503 2380 si
531 2318 670 2389 latinam,
694 2336 755 2404 uon
777 2315 867 2378 babet
889 2317 925 2376 ia.
971 2315 1051 2378 unde
1074 2322 1188 2376 constat
1210 2333 1270 2376 non
1293 2333 1357 2376 esse
1379 2333 1434 2375 nu·

152 2419 218 2478 meri
241 2418 372 2498 pluralis.
418 2438 490 2500 ergo
518 2428 586 2482 sunt
614 2422 735 2483 nomina
764 2420 880 2481 numeri
908 2427 1021 2480 tantum
1049 2415 1186 2498 pluralis,
1211 2425 1243 2479 ut
1264 2417 1435 2479 Minervalia

125 2518 307 2586 aal'uleanalia
331 2531 361 2582 et
382 2522 498 2584 similia.

227 2624 271 2683 tit
298 2624 342 2684 sic
370 2627 459 2686 etiam
480 2627 544 2705 ipse
565 2627 689 2695 timens,
721 2625 859 2704 quoniam
883 2626 939 2685 scit
961 2621 1036 2684 lecta
1060 2641 1125 2684 esse
1147 2621 1238 2683 multa
1261 2629 1363 2683 contra
1386 2641 1434 2683 re·
1545 2658 1550 2668 ·

154 2721 227 2800 gulas
246 2743 332 2793 suas,
354 2725 426 2787 ‘sed
449 2728 528 2788 seire
550 2726 643 2788 debes
665 2725 755 2788 multa
778 2746 833 2807 per
854 2727 1078 2806 usurpationem
1102 2743 1165 2786 esse
1188 2727 1329 2786 conexa'.
1368 2743 1435 2786 nam

154 2844 215 2887 ecce
235 2826 329 2905 pulvis
351 2829 478 2891 elicimus
494 2830 660 2892 seeundum
676 2840 786 2898 artem,
811 2838 841 2890 et
863 2836 963 2890 tamen
985 2830 1152 2891 invenimus
1175 2827 1327 2907 pulvercs;
1351 2828 1436 2906 bigae

154 2926 283 2990 debemus
305 2930 422 3001 dicere,
444 2934 613 2994 invenimus
637 2931 712 3012 biga.
746 2932 834 2992 etde
856 2931 904 2992 bis
927 2930 1103 3001 nominibus,
1128 2946 1204 3008 quae
1227 2935 1296 2992 sunt
1319 2932 1436 2991 numeri

123 3032 314 3109 asinguleris,
338 3034 506 3096 invenimus
528 3052 687 3095 numerum
710 3032 856 3115 pluralem
878 3034 1003 3103 facttum,
1033 3031 1120 3094 etde
1144 3032 1190 3095 bis
1213 3034 1284 3094 item
1308 3034 1434 3093 nomini·

154 3130 216 3203 bus,
240 3153 315 3213 quae
343 3143 413 3196 sunt
439 3138 555 3197 numeri
577 3136 714 3217 pluralia,
743 3137 909 3197 invenimus
930 3135 1040 3197 lactum
1063 3152 1221 3196 numerum
1244 3134 1434 3213 singularem.

155 3234 186 3293 tle
211 3253 332 3297 numero
359 3236 503 3315 singulari
529 3240 626 3301 lactus
654 3244 701 3301 est
727 3237 862 3319 pluralis,
892 3246 924 3298 ut
952 3238 1008 3298 hoc
1036 3238 1132 3317 ipsum
1160 3235 1256 3317 pulvis
1283 3236 1435 3317 pulverem

155 3337 216 3397 item
240 3338 276 3398 tle
304 3357 433 3400 numero
460 3338 567 3420 plurali
593 3344 690 3403 lactus
712 3349 758 3402 est
779 3338 953 3418 singularis,
977 3339 1063 3417 bigae
1086 3338 1163 3417 biga.
1210 3346 1240 3399 et
1260 3338 1334 3401 illud
1357 3339 1436 3417 quod

155 3438 224 3517 apud
242 3440 402 3519 Vergilium
426 3440 532 3513 babes,
562 3444 628 3503 aina
651 3442 739 3504 mella
762 3440 889 3510 bordae,
920 3448 949 3501 et
971 3449 1070 3503 cetera
1093 3458 1168 3519 quae
1191 3440 1228 3501 ad
1250 3442 1369 3521 pondus
1392 3440 1437 3503 vel

126 3560 147 3600 ao
157 3538 187 3598 nl
209 3560 375 3603 mensuram
398 3545 550 3623 pertinent
564 3546 682 3607 numeri
704 3552 775 3607 sunt
790 3551 902 3605 tantum
918 3542 1085 3621 singularis.
1118 3562 1176 3625 quo
1191 3544 1298 3605 mado?
1312 3543 1438 3622 legimus

156 3644 214 3702 vina
239 3664 294 3705 non
323 3643 420 3705 solum
447 3646 477 3706 ia
501 3646 645 3726 Vergilio,
675 3666 713 3707 ue
745 3646 825 3707 dicas
847 3647 933 3726 quasi
954 3646 986 3707 in
1008 3654 1095 3727 poeta
1118 3644 1243 3716 lectum,
1267 3644 1359 3707 babes
1381 3646 1438 3705 boc

157 3746 235 3805 etiam
248 3748 278 3807 iu
293 3746 438 3808 Cicerone
453 3747 578 3820 lectum,
603 3750 703 3809 ‘vina
727 3748 1144 3829 vinalisquerlsiatica',
1170 3747 1295 3809 ‘mella
1318 3746 1437 3809 lluant

158 3845 261 3924 ¹illi’,
289 3849 426 3911 ‘serite
454 3850 593 3912 bordea
623 3854 791 3931 campis',
821 3853 1001 3931 ‘aeraque
1030 3850 1180 3911 sudant’
1204 3848 1271 3932 [boc
1293 3869 1344 3912 aes
1365 3849 1439 3910 baec

157 3948 244 4026 aera]:
267 3952 322 4011 ista
345 3953 444 4013 omnia
466 3970 522 4033 per
544 3955 764 4033 usurpationem
787 3952 937 4014 dicuntur.

225 4138 300 4187 luen
319 4154 365 4191 om.
385 4139 421 4203 A,
442 4140 503 4194 adet,
522 4157 539 4190 a
609 4142 719 4191 tetiam
737 4140 786 4191 boc
807 4142 906 4191 numeri
921 4140 944 4189 Α
1014 4138 1172 4191 lobiecitu
1191 4140 1265 4189 obicit
1286 4140 1371 4191 ΑΒΘ

159 4202 268 4255 bertinia
285 4212 387 4258 nmniua
406 4210 463 4259 AB
479 4211 565 4259 omnia
588 4214 654 4260 enim
675 4215 778 4260 nornine
797 4209 855 4263 Θα*
924 4212 941 4259 li
965 4210 1065 4259 dicebat
1086 4236 1117 4246 -
1138 4210 1154 4259 8
1172 4210 1323 4275 Compitalia
1345 4210 1433 4267 urrist,

160 4272 244 4327 ⁰¹16st
312 4280 343 4329 14
366 4288 472 4328 stemma
496 4278 641 4347 stemmata]
668 4291 768 4347 stegma
792 4290 918 4346 stegmata
944 4277 1033 4330 Bca*
1057 4288 1115 4345 ateg
1132 4321 1159 4333 ..
1186 4290 1326 4345 stegematu
1346 4282 1371 4330 A

164 4340 365 4411 {pergratae
433 4366 490 4399 esse
508 4359 536 4399 nt
556 4350 604 4400 bec
625 4362 669 4400 avit
690 4366 808 4413 graecam
827 4351 853 4401 Β
923 4350 956 4399 22
976 4349 1054 4399 multa
1070 4364 1116 4401 om.
1137 4350 1205 4403 ΒΘ.·
1223 4350 1360 4415 multaper
1379 4362 1441 4398 con·

161 4416 304 4467 suettvdinem
328 4434 385 4468 esse
409 4430 531 4484 usurpata
555 4424 661 4471 coniecit
687 4422 873 4473 hindemunaaa
961 4420 994 4471 ‘23
1020 4416 1116 4486 pulvis]
1151 4420 1269 4484 puluerea
1293 4420 1373 4471 ΑΒΘ

161 4482 277 4553 pulveres]
296 4488 385 4554 pulucr
399 4489 482 4540 ΑΒΘ
562 4492 598 4540 24
615 4493 646 4541 de
661 4490 701 4540 bis
717 4492 863 4541 nominibus
877 4487 911 4538 a*
927 4490 959 4539 de
977 4489 1017 4540 his
1032 4491 1144 4539 numeria
1156 4490 1241 4539 ABG
1325 4488 1358 4539 211
1376 4502 1441 4554 quae

161 4551 190 4599 td
207 4558 299 4618 pondm
320 4557 414 4609 uelud
433 4574 577 4610 mensuram
601 4560 727 4626 pertinent
745 4562 785 4612 Cb
804 4575 870 4625 qtrae
890 4560 923 4610 ad
944 4560 1044 4625 pondua
1063 4568 1087 4609 et
1105 4574 1249 4609 rnensuram
1273 4560 1400 4625 pertinent
1415 4558 1441 4608 B

162 4627 339 4702 rumpendae
358 4640 538 4680 mensurantur
552 4631 577 4680 Α
594 4646 658 4693 quae
674 4632 787 4695 ponrlere
806 4645 911 4680 numero
931 4644 1048 4679 mensura
1067 4646 1084 4679 α
1154 4628 1188 4680 30
1205 4628 1275 4695 sunt]
1293 4640 1331 4679 est
1345 4629 1370 4679 Α

163 4689 194 4739 bt
209 4706 234 4741 tn
251 4698 374 4748 eaeeirone
388 4699 430 4751 Α.·
448 4700 501 4753 Cic.
515 4701 540 4749 in
564 4703 642 4756 Verr,
660 4709 710 4750 net.
726 4716 779 4755 aee.
801 4700 868 4763 136,
886 4700 917 4750 91
938 4700 995 4749 vina
1014 4708 1147 4763 ceteraque
1167 4714 1231 4763 quiae
1250 4701 1275 4749 in
1293 4701 1352 4749 lisia
1367 4699 1439 4749 iacil-

164 4809 219 4861 lime
237 4830 406 4881 comparantur
429 4821 464 4883 cs.
493 4820 595 4873 crema.
612 4838 643 4886 p.
670 4821 737 4873 1898
808 4780 859 4871 inu
882 4820 1080 4885 uinalisquan
1148 4817 1233 4887 mella]
1259 4820 1338 4887 Verg.
1358 4820 1439 4875 bucol.

165 4880 190 4943 3,
204 4882 236 4933 89
298 4887 329 4937 33
346 4888 434 4957 serite]
460 4892 539 4957 Verg.
553 4907 643 4957 georg.
660 4892 669 4941 l
689 4893 741 4943 210
812 4890 933 4959 aeraque]
960 4890 1233 4957 Verg.gearp.1480

213 4972 520 5025 cnauuancruamnrv.
1199 4974 1238 5039 12
