3525 5600
676 319 912 404 couviavvvu
1266 385 1271 395 .
1371 335 1434 400 233

1250 443 1409 502 pmmc

235 533 306 594 Sunt
333 530 430 612 aliqua
458 531 561 603 verba,
591 548 667 609 quae
694 529 784 591 verba
810 529 975 592 secuudum
998 537 1178 616 potestatem
1208 538 1237 590 et
1256 527 1506 597 voluntatemtat,
1519 535 1553 584 25

164 644 276 700 nostram
303 643 441 714 possunt·
454 633 566 696 habere
594 633 639 694 vel
668 635 789 694 activam
818 631 862 692 vel
891 634 1036 712 passivam
1069 632 1321 710 significationem.
1364 637 1436 711 puta
1544 649 1549 654 ·

162 741 232 818 lego:
258 736 373 818 quaudo
402 735 468 798 volo
496 739 611 815 agentis
638 737 880 816 significationem
908 735 1024 806 dicere,
1054 734 1121 795 dico
1149 738 1227 809 lopo,
1256 742 1327 814 puta
1350 734 1434 812 ‘lego

163 840 340 920 Vergilium’3
363 857 422 900 non
445 858 566 920 possum
588 839 688 900 dicere
712 838 812 917 ‘legor
835 837 1024 916 Vergilium’.
1054 838 1103 899 hic
1125 858 1145 894 ε
1167 837 1313 919 quaedam
1334 835 1434 906 verba,

143 943 205 1006 subi
229 942 304 1004 nulla
334 943 494 1004 necessitas
522 950 580 1012 est,
609 941 662 1003 sed
690 941 845 1003 arbitrium
868 947 966 1009 tuum,
996 949 1028 1000 ut
1050 949 1094 1001 est
1115 940 1224 1002 tondeo
1247 948 1277 1000 et
1298 939 1433 1000 tondeor.

162 1045 289 1128 quodvis
311 1045 399 1115 dicis,
429 1051 459 1106 et
480 1039 610 1105 ‘tondeo
638 1044 711 1104 anibi
739 1049 844 1123 caput’
869 1050 899 1104 et
920 1041 1060 1103 ‘tondeur
1083 1043 1156 1104 mihi
1183 1047 1298 1123 caput',
1322 1041 1435 1103 lubrico

163 1159 186 1210 et
203 1148 326 1209 fabricas
348 1149 434 1208 istam
457 1146 587 1218 domurn,
610 1149 700 1227 punio
722 1145 806 1208 illurn
829 1153 859 1206 et
879 1147 989 1226 punior
1004 1145 1097 1216 illum,
1113 1145 1224 1226 populo
1247 1153 1277 1206 et
1297 1145 1433 1225 populor,

162 1249 420 1332 ‘populautque
443 1251 630 1328 ingentem
653 1251 767 1311 larris
790 1253 987 1320 acervum',
1010 1248 1244 1329 ‘populatae
1267 1257 1433 1319 vexatae,

161 1353 321 1416 funditus
342 1371 498 1415 eversae
520 1353 770 1432 provinciae':
799 1359 829 1414 et
849 1350 937 1413 adulo
960 1359 990 1413 et
1011 1351 1130 1424 adulor,
1159 1351 1273 1412 obsono
1296 1359 1327 1412 et
1348 1351 1433 1412 obso-

134 1476 222 1526 nuur,
253 1454 442 1526 ‘obsonat‚
476 1461 598 1536 potat,
632 1454 710 1516 olet
740 1461 959 1534 unguenta’;
990 1451 995 1538 1
1027 1473 1097 1516 ecce
1123 1453 1263 1525 obsonat,
1292 1461 1322 1515 et
1350 1454 1435 1514 aliter

163 1564 257 1620 iterum
284 1559 316 1618 in
342 1559 408 1638 ipso
430 1559 580 1618 Terentio.
626 1575 698 1636 ergo
725 1556 804 1618 vides
831 1559 888 1618 ista
916 1556 1004 1618 verba
1027 1557 1106 1637 quod
1128 1574 1188 1617 nou
1211 1556 1322 1618 babent
1342 1575 1434 1637 quan·

162 1663 218 1723 dam
242 1662 461 1730 necessitatem,
490 1659 520 1720 id
549 1668 594 1722 est
621 1661 651 1720 in
681 1659 802 1720 arbitrio
831 1669 883 1720 tuo
912 1668 971 1728 est,
1000 1668 1099 1720 utrum
1128 1660 1199 1720 velis
1221 1659 1322 1720 dicere
1344 1661 1435 1738 punio

162 1765 230 1824 illum
251 1771 300 1824 aut
321 1765 429 1842 punior
450 1762 543 1824 illum.
588 1763 646 1822 boc
673 1763 792 1842 quidem
816 1779 918 1824 verum
941 1769 1000 1830 est,
1024 1763 1163 1842 quoniam
1185 1763 1226 1825 lta
1247 1759 1357 1823 lectum
1380 1769 1433 1822 est.

161 1885 237 1946 pasco
257 1863 341 1926 illum
364 1872 394 1926 et
414 1883 520 1944 pascor
541 1864 640 1936 illum,
664 1873 693 1925 et
714 1883 805 1945 pasco
831 1863 898 1926 illas
920 1863 1027 1925 herbas
1049 1872 1080 1925 et
1100 1883 1206 1945 pascor
1225 1863 1290 1924 illas
1312 1863 1434 1934 berbas;

134 1987 212 2034 naon
236 1965 371 2048 [pascor]
399 1986 485 2046 quem
515 1967 551 2028 ad
580 1967 701 2028 modum
730 1967 818 2029 modo
846 1967 973 2028 dicimus
1000 1967 1054 2028 ‘ab
1081 1966 1133 2028 illo
1159 1971 1285 2047 pascor'
1310 1969 1341 2027 et‘
1362 1972 1435 2046 ‘ego
1525 1977 1527 1982 ’

162 2070 231 2130 illum
253 2072 372 2149 pasco'‚
401 2069 453 2130 sed
482 2070 604 2150 ‘pascor
632 2070 712 2147 illam
740 2073 834 2139 rem',
863 2073 1085 2150 ‘pascuntur
1112 2077 1148 2130 et
1175 2068 1329 2130 arbusta
1351 2089 1435 2149 pas·

162 2175 246 2242 sim’‚
272 2171 302 2232 id
331 2179 376 2232 est
402 2171 569 2233 comedunt.
616 2191 686 2252 ergo
716 2171 806 2233 multa
836 2179 905 2232 sunt
930 2174 988 2234 ista
1017 2171 1121 2244 verba,
1150 2191 1226 2254 quae
1252 2174 1283 2233 iu
1310 2170 1435 2232 arbitrio

161 2282 250 2336 nostro
270 2275 368 2353 posita
389 2281 466 2334 sunt.
496 2283 595 2336 tamen
617 2275 724 2336 melius
745 2275 867 2346 seceris,
891 2277 917 2336 si
939 2275 1015 2336 hanc
1035 2276 1129 2355 ipsam
1152 2273 1300 2336 licentiam
1321 2283 1435 2335 servata

162 2379 261 2437 vatione
276 2377 534 2438 discriminaveris.
565 2379 643 2438 scire
659 2375 750 2438 debes
772 2376 892 2455 quidem
916 2381 985 2455 quia
1006 2375 1077 2438 licet
1098 2376 1152 2438 tibi
1174 2377 1273 2437 dicere
1296 2385 1325 2436 et
1346 2394 1435 2456 pasco

83 2521 87 2532 .
134 2487 186 2542 avet
208 2497 316 2558 pascor.
361 2485 475 2539 tamen.
489 2479 594 2540 melius
622 2487 666 2540 est
693 2487 739 2550 ut,
767 2480 887 2559 quando
916 2487 944 2540 te
972 2479 1046 2540 alter
1072 2482 1181 2561 pascit,
1210 2479 1290 2540 dicas
1318 2497 1433 2558 pascor,

162 2581 264 2660 quando
291 2588 321 2642 tu
350 2581 493 2652 alterum,
524 2582 604 2644 dicas
625 2601 713 2662 pasco
736 2581 833 2652 illum;
864 2601 924 2642 non
951 2583 1091 2663 quoniam
1112 2581 1185 2642 illud
1208 2599 1269 2643 nou
1289 2579 1363 2641 licet
1380 2581 1435 2642 tibi

163 2683 265 2753 dicere,
287 2682 339 2744 sed
363 2691 392 2744 et
413 2683 483 2744 licet
505 2693 535 2746 et
555 2687 620 2746 iure
643 2685 766 2756 dicitur,
795 2693 896 2746 tamen
916 2685 1024 2746 melius
1046 2692 1105 2754 est,
1134 2686 1160 2746 si
1182 2686 1225 2745 sic
1247 2683 1435 2745 discrimiues

165 2785 239 2867 [lavo‚
262 2793 367 2865 elego
389 2785 454 2848 lavo
478 2797 584 2877 elfego
607 2787 714 2869 lavor].
745 2807 837 2867 quare
860 2787 921 2849 dixi
944 2785 996 2847 tibi
1018 2787 1123 2848 melius
1145 2794 1191 2848 est
1212 2794 1245 2847 ut
1265 2788 1309 2848 sic
1332 2786 1434 2847 discri-

163 2891 261 2951 miaesi
282 2892 420 2971 quoniam
444 2898 512 2951 sunt
526 2889 622 2969 aliqua
640 2909 715 2969 quae
733 2892 736 2972 l
754 2890 880 2953 naturali
902 2891 1017 2952 ratione
1032 2890 1192 2951 ostendunt
1212 2892 1307 2970 ipsam
1322 2889 1434 2951 discre-

133 2994 268 3053 udonem.
298 3010 367 3053 acce
389 3000 461 3071 puta
483 2992 561 3055 lavo:
585 3002 655 3073 puta
671 2994 708 3055 de
730 3014 778 3057 me
800 2996 867 3074 ipso
889 3011 1010 3074 possum
1033 2992 1134 3054 dicere
1148 2992 1213 3054 lavo
1229 3012 1284 3071 ego
1304 3000 1334 3053 et
1353 2992 1435 3053 lavor

162 3112 215 3170 ego.
258 3093 293 3153 de
321 3093 439 3155 balineo
466 3095 535 3175 quid
559 3115 677 3176 possum
701 3096 817 3158 dicere?
846 3096 1013 3159 ‘balineum
1034 3094 1139 3155 lavat'.
1184 3095 1240 3156 hoc
1262 3094 1339 3156 bene
1361 3095 1435 3155 dici·
1500 3080 1507 3103 Χ

163 3214 226 3257 mus.
269 3196 437 3258 ‘balineum
459 3197 589 3259 lavatur'
612 3218 701 3279 quem
729 3200 765 3260 ad
794 3198 914 3260 mudum
936 3217 1093 3279 possumus
1115 3197 1231 3259 diceret
1269 3216 1337 3259 uam
1360 3196 1436 3259 lavat

163 3297 295 3360 balineum
318 3318 381 3360 nos.
426 3300 570 3379 numquid
592 3320 609 3362 a
631 3301 717 3363 uobis
744 3301 894 3363 balineum
922 3302 1053 3362 lavaturi
1088 3299 1179 3361 homo
1207 3302 1286 3361 enim
1313 3299 1434 3361 lavatur.

163 3418 223 3479 ergo
249 3404 387 3481 quoniam
413 3404 444 3462 in
472 3403 649 3481 quibusdam
677 3406 843 3467 invenimus
870 3404 1036 3465 naturalem
1065 3403 1293 3473 discretionem,
1321 3402 1435 3464 idcirco

134 3502 290 3565 udebemus
313 3512 427 3565 servata
448 3508 563 3567 ratione
591 3506 666 3568 haec
689 3506 797 3567 dicere.
843 3516 942 3567 tamen
970 3526 1026 3586 pro
1049 3504 1172 3566 arbitrio
1194 3512 1259 3575 tuo,
1288 3524 1377 3586 quem
1398 3505 1435 3565 ad

163 3605 268 3665 modvvm
296 3605 439 3676 volueris,
469 3608 569 3670 dicere
597 3616 682 3688 potes
710 3608 818 3669 tondeo
847 3618 876 3669 et
899 3608 1039 3679 tondeor,
1068 3607 1132 3668 lavo
1154 3615 1185 3667 et
1203 3606 1300 3675 lavor,
1323 3608 1436 3669 lubrico

163 3714 187 3767 et
205 3706 342 3779 labricuv,
366 3728 490 3772 munero
513 3710 597 3773 illum
622 3720 650 3772 et
673 3728 813 3773 muneror
836 3710 934 3779 illum,
958 3713 1054 3790 partio
1070 3718 1100 3770 et
1114 3712 1241 3790 partior,
1265 3713 1434 3790 ‘provin

163 3811 225 3868 cias
245 3812 342 3871 inter
360 3831 403 3897 'se
426 3815 692 3892 partiverant’,
716 3833 786 3875 ecce
808 3812 944 3875 neuuale
966 3821 1026 3882 est;
1050 3816 1104 3874 ‘et
1125 3815 1250 3873 socios
1273 3814 1436 3892 partitur

162 3912 190 3971 iu
216 3930 350 3985 omnes,
380 3933 450 3975 ecce
478 3915 630 3996 deponens
658 3923 717 3977 est:
747 3924 776 3977 et
803 3916 938 3979 adsentio
967 3924 996 3978 et
1022 3916 1180 3977 adsentior.
1225 3915 1313 3977 adido
1339 3913 1436 3975 media

136 4011 258 4089 asyllaba
282 4016 463 4093 producitur.
507 4018 594 4099 plane
616 4019 647 4079 in
669 4020 725 4079 isto
749 4018 839 4080 verbo
862 4020 974 4081 Plinius
996 4018 1150 4079 Secundus
1173 4016 1255 4078 dedit
1276 4036 1366 4079 unam
1387 4036 1434 4079 ra-

220 4152 309 4203 ddico
333 4162 395 4217 puta
418 4156 476 4220 lego
499 4156 628 4220 uirgilium
648 4154 674 4204 A
682 4154 734 4206 Bc
823 4158 839 4205 4
862 4157 1004 4207 ‘excidisse
1022 4157 1089 4205 linea
1104 4156 1217 4212 uidetur,
1238 4156 1281 4204 ubi
1296 4154 1358 4203 boec
1378 4155 1436 4216 seve

162 4222 245 4284 arripio
261 4232 341 4284 aaut,
357 4223 399 4275 bic
417 4240 466 4275 uon
486 4240 532 4289 pro
551 4226 655 4276 arbitrio
675 4236 718 4276 tuo
737 4241 831 4292 ponere
848 4236 921 4291 potes
939 4228 1048 4276 aetiuum
1068 4224 1109 4276 uel
1128 4226 1270 4291 passiuum,
1288 4224 1334 4275 sed
1352 4233 1436 4273 tamen

163 4300 211 4341 sunt
227 4294 349 4355 quaedam
367 4296 459 4345 verba‘
480 4296 666 4345 Lindemannur
726 4294 945 4360 Bpopulautquei
969 4294 1248 4361 Vevp.peorp.1185
1307 4296 1436 4359 ingentem

165 4360 227 4409 lida
244 4366 380 4427 pentoma!
451 4363 598 4431 populatae]
620 4366 670 4419 Cic.
689 4367 738 4417 dio.
758 4368 784 4416 ia
800 4366 875 4419 Gaea.
890 4367 946 4426 3,1
1019 4368 1051 4417 10
1069 4363 1186 4432 absonat]
1211 4364 1312 4415 Terent
1326 4364 1436 4427 Adelph.

166 4430 179 4491 l,
197 4434 218 4493 2,
233 4435 264 4482 31
315 4444 385 4499 potat
400 4436 425 4485 Α
445 4444 515 4501 putat
530 4435 551 4484 0
566 4444 638 4501 potat
655 4452 724 4488 corr.
742 4444 814 4501 putet
829 4436 853 4485 B
907 4438 939 4487 ll
959 4438 984 4486 ia
998 4439 1054 4502 ipso
1068 4434 1199 4500 Terentio]
1218 4436 1302 4486 Andr.
1321 4437 1342 4485 ll
1360 4434 1386 4498 6,
1402 4436 1437 4485 20

188 4504 251 4573 ,12
270 4504 347 4569 punio
371 4504 443 4554 illum
461 4516 485 4555 et
504 4507 596 4571 punior
613 4506 682 4555 illurn
702 4506 785 4557 ABG
871 4506 904 4559 13
927 4505 1024 4572 verum]
1047 4507 1151 4556 uerbum
1168 4507 1220 4557 Ac
1306 4506 1338 4556 15
1361 4506 1436 4556 modo

166 4573 236 4621 vui]
284 4573 316 4624 lu
335 4573 401 4624 illam
422 4592 475 4625 rem
490 4576 738 4632 Lindemannuailla
755 4593 782 4625 re
799 4576 884 4627 ABC
940 4573 1091 4643 pascuntur]
1116 4578 1300 4642 Vappeorp.
1322 4576 1435 4626 1111181

209 4642 235 4692 11
253 4644 450 4696 comedunturG
500 4646 534 4697 20
551 4643 587 4711 ut]
610 4647 674 4696 etA
728 4648 761 4696 22
778 4649 824 4697 sed
837 4647 931 4697 licetA
984 4646 1017 4697 25
1036 4646 1279 4711 prandearia
1327 4644 1361 4695 32
1378 4659 1436 4709 pro-

72 4778 74 4783 ,
168 4711 257 4779 vincias]
277 4714 340 4763 Sall.
359 4714 414 4781 Iup.
435 4714 469 4765 43
488 4718 521 4777 cs.
542 4715 614 4769 Seru.
634 4719 659 4765 ia
682 4719 759 4782 Verp.
779 4719 844 4769 Aea.
861 4720 869 4767 l
889 4716 939 4768 ltta
956 4716 1035 4770 Prot.
1054 4717 1122 4771 calb.
1138 4732 1166 4780 p.
1185 4716 1228 4777 36,
1247 4717 1281 4766 25
1340 4714 1374 4766 83
1391 4730 1436 4763 na-

169 4782 267 4833 turaleC
334 4794 357 4833 et
375 4782 469 4851 socios]
494 4786 573 4851 Verp,
593 4787 657 4837 Aen.
680 4789 688 4836 l
710 4788 760 4839 lili
835 4788 868 4840 35
888 4788 964 4854 plane
981 4789 1030 4838 isto
1050 4788 1127 4837 uerbo
1146 4787 1246 4853 plenius
1263 4784 1391 4836 secundus
1410 4784 1435 4833 A

169 4848 229 4913 plane
242 4852 332 4918 plinius
350 4856 477 4906 secundus
496 4858 588 4907 inlato
606 4857 683 4907 uerbo
700 4856 726 4907 B
