3525 5600
672 1225 921 1320 nuituis

744 1414 850 1494 Ans

544 1525 1049 1658 nnvnneo

185 1923 203 1962 p.
216 1911 264 1948 ritu
277 1908 301 1950 1).
1266 1913 1269 1918 ’
1307 1925 1327 1966 p.
1342 1914 1379 1954 15³
1392 1912 1415 1952 L.

694 1992 892 2054 PROLOGVS

139 2119 149 2155 ⁵
237 2111 307 2172 Cum
335 2129 454 2191 semper
482 2131 571 2174 noras
598 2115 790 2192 quaestiones
817 2111 992 2173 doctoribus
1013 2111 1181 2173 auditorum
1204 2112 1338 2172 acutiora
1360 2129 1440 2170 com·

160 2230 268 2274 movere
296 2213 392 2274 solent
419 2215 539 2291 ingenia
568 2221 598 2275 et
626 2216 785 2276 curiositas
813 2213 958 2274 humanae
992 2213 1147 2275 familiaris
1178 2221 1302 2274 naturae
1330 2212 1440 2273 cotidie

160 2315 301 2376 desiderat
323 2315 435 2396 aliquid
460 2335 580 2386 recens,
610 2316 823 2378 inexcusabilis
851 2316 978 2396 quodam
1000 2315 1088 2376 modo
1111 2315 1313 2395 respondendi
1337 2333 1439 2375 neces·

159 2420 224 2478 sitas
249 2418 494 2497 praeceptoribus
522 2421 588 2480 iure
616 2418 733 2480 videtur
760 2421 874 2499 inponi.
920 2421 979 2479 tuis
1006 2421 1106 2498 itaque
1134 2416 1332 2498 petitionibus
1353 2419 1440 2480 satis·

160 2519 276 2590 iaciens,
299 2537 433 2582 meorum
457 2521 649 2582 dilectissime
672 2520 888 2601 discipulorum
910 2521 1049 2590 Cratere,
1079 2539 1168 2601 quem
1190 2522 1221 2580 in
1245 2521 1326 2580 omni
1348 2519 1438 2580 Grae·

131 2630 252 2682 acorum
274 2621 413 2683 facundia
435 2630 501 2684 tuos
522 2625 766 2702 aequiparantem
793 2625 923 2684 maiores
951 2624 983 2682 in
1005 2616 1153 2702 sapientia
1175 2630 1205 2683 et
1226 2621 1355 2682 maxime
1377 2621 1439 2682 lau·

160 2722 239 2783 dibus
260 2724 439 2784 excellentes
454 2726 543 2785 etiam
558 2725 724 2804 gaudebam
741 2725 876 2785 doctrina
892 2727 1081 2806 superavisse
1096 2724 1243 2793 Romana,
1265 2722 1440 2803 opusculum

160 2826 209 2885 hoc
230 2827 265 2887 ad
288 2826 501 2888 discernendas
524 2829 679 2907 pertinens
701 2829 926 2905 coniugationes
948 2826 1065 2888 duobus
1086 2827 1196 2887 libellis
1218 2826 1343 2895 inclusi,
1367 2844 1438 2905 quo-

143 2908 219 2989 'rum
240 2931 322 3008 prior
344 2929 603 2991 observationibus
624 2932 785 2992 instruitur
812 2928 1020 3007 generalibus,
1049 2929 1124 2990 aiter
1151 2929 1263 2989 indicio
1290 2927 1441 2991 dualitatis

160 3030 294 3108 speciales
317 3034 474 3111 exequitur
496 3033 624 3109 regulas.

696 3207 701 3211 .
729 3205 893 3212 -—-——-

654 3319 684 3391 L
702 3318 721 3390 Ι
739 3320 769 3391 Β
787 3318 818 3392 Ε
835 3320 868 3392 R
910 3319 929 3391 I

473 3454 522 3515 DE
543 3453 886 3517 uonlvnnrlonluvs
909 3454 1113 3516 VERBthVbl

235 3590 307 3650 Tres
335 3590 456 3670 quidem
484 3598 552 3651 sunt
580 3590 656 3670 apud
681 3590 810 3652 Graecos
832 3592 1075 3669 coniugationruu
1097 3594 1230 3671 species:
1261 3611 1332 3662 una,
1362 3612 1437 3673 quae

160 3709 255 3752 carens
280 3700 383 3752 tenore
412 3694 442 3751 in
470 3693 527 3753 ime
550 3687 739 3773 βαρύτονος
760 3691 798 3754 ab
821 3695 865 3753 eis
888 3692 1068 3773 appellatur,
1091 3713 1166 3775 quae
1189 3714 1225 3755 ex
1248 3696 1436 3756 consonanti·

236 3882 262 3936 B
282 3884 376 3939 codex
399 3882 563 3954 Rodiensis,
587 3900 665 3940 nnnc
696 3883 919 3941 Vindobonenn's
941 3883 981 3942 16

235 3967 260 4022 P
278 3970 372 4024 codex
394 3968 547 4024 Parisinus
569 3967 650 4025 7498

246 4058 255 4107 i
276 4054 370 4109 codex
391 4052 576 4111 Monacensis
599 4052 701 4110 19454
728 4052 951 4127 Tepernseensia
973 4053 1055 4111 1454

242 4137 262 4208 s
279 4140 373 4194 codex
394 4136 579 4195 Monacensis
602 4136 684 4196 6416
707 4138 903 4212 Frisinpensis
923 4138 984 4196 216

242 4240 259 4290 ς
278 4224 362 4279 editio
382 4226 522 4297 princeps
543 4223 684 4281 lenedimi
704 4222 866 4279 Camerarii
890 4224 1035 4299 Tubinpae
1056 4244 1085 4282 α.
1111 4224 1190 4283 1537

220 4424 235 4471 4
254 4425 327 4475 rnerr'
341 4422 439 4475 rnocod
455 4438 524 4475 mem
539 4438 637 4475 suricis
650 4424 674 4473 P
692 4422 758 4473 meri
773 4438 819 4473 ans
838 4438 920 4473 arrrer
933 4432 961 4474 ni
977 4425 1103 4489 udaiuns
1113 4441 1186 4477 ιιιιιιιι
1205 4441 1316 4479 svrrcun
1333 4428 1433 4495 iincip,

148 4489 216 4541 ,libor
240 4494 333 4555 primus
357 4495 548 4544 coniuntionurn
573 4494 628 4543 sire
653 4492 850 4544 declinationum
874 4494 1100 4559 grammaticalium
1120 4498 1217 4549 recenti
1236 4513 1309 4547 manu
1331 4500 1392 4552 add.
1411 4498 1436 4549 B

163 4574 259 4611 ararem
278 4579 434 4614 anauuarrcr
456 4579 488 4613 ns
510 4562 692 4615 urscrnuaudie
709 4562 931 4629 coniugationibus
954 4562 1012 4613 libri
1030 4564 1112 4621 duos
1179 4566 1380 4617 ildiiectiseime
1395 4568 1440 4633 Pr

161 4628 344 4697 diligentissime
358 4632 401 4683 Bt
472 4633 504 4686 10
518 4634 658 4699 sapientiae
677 4634 787 4683 maxima
806 4634 992 4684 Lindemnnnua
1014 4635 1138 4701 sapientis
1157 4636 1204 4687 etsi
1221 4638 1331 4686 maxime
1349 4650 1367 4693 ς

163 4700 190 4749 ll
207 4702 304 4767 regulae
320 4718 441 4755 exserens
461 4719 587 4755 rnococus
607 4718 652 4753 ans
671 4718 766 4754 auricus
787 4718 819 4753 us
839 4718 1047 4755 conrnasrmms:
1067 4709 1183 4757 neruosi
1200 4705 1276 4757 meir*
1295 4706 1434 4773 Pregulus

162 4770 403 4891 pppiipitpreeiatip’.
422 4774 447 4825 B
465 4774 565 4839 regulet
584 4789 656 4825 ursan
671 4788 746 4825 aaron
767 4788 872 4825 serrem
893 4788 1049 4826 ιιιιιιιιιιτιοι
1064 4791 1096 4826 os
1111 4776 1331 4843 corringctionibus
1349 4791 1366 4835 ς

206 4854 220 4889 ι
252 4858 287 4893 en
303 4858 350 4897 orn.
