3525 5600
660 396 731 457 ARS
760 394 787 456 11
811 397 944 456 15-18
1384 389 1448 455 485

200 519 220 560 ρ.
233 506 290 546 msc
302 506 328 546 ar
341 504 364 546 r.
1263 512 1285 553 p.
1302 500 1344 541 os.
1358 501 1383 540 sc
1397 498 1420 538 a.

311 603 378 645 nec
399 585 507 664 pueri
531 583 705 652 credunt,
728 585 803 642 nisi
826 585 889 662 qui
911 581 1071 643 nondum
1093 598 1180 640 aere
1203 579 1393 650 lavantur,

164 689 245 748 cuius
267 687 406 765 supinum
429 685 569 747 Horatius
591 687 623 745 in
645 684 723 745 libro
745 682 758 744 l
781 701 952 746 sermonum
974 682 1117 762 protulit,

218 801 222 806 ·
311 795 367 848 ast
388 785 452 848 ubi
474 805 528 848 me
550 788 688 847 fessum
710 785 766 846 soi
789 787 915 846 acrior
936 788 995 844 ire
1017 784 1176 845 lavatum

311 888 512 950 admonun.

137 993 172 1054 si
192 1009 261 1051 vero
284 998 352 1051 ante
373 1009 410 1050 ro
432 989 625 1050 antecedente
647 990 754 1050 tertiae
777 990 997 1067 coniugationis
1018 989 1168 1067 primitiva
1190 988 1391 1056 inveniuntur,
1414 996 1447 1047 ut

162 1093 238 1154 solve
261 1093 364 1162 solvis,
389 1091 471 1152 roivo
493 1091 600 1161 volvis,
624 1091 706 1150 calvo
729 1089 835 1160 calvis,
865 1091 896 1152 id
919 1099 964 1152 est
986 1091 1118 1168 decipio,
1142 1096 1174 1150 ut
1195 1096 1242 1149 est
1262 1088 1340 1170 apud
1363 1088 1446 1149 Salu-

162 1198 249 1255 stium
272 1197 304 1256 in
325 1195 518 1255 historiarum
540 1191 617 1254 fibro
632 1191 673 1252 111
696 1197 846 1252 ‘eontra
868 1191 935 1253 ille
957 1192 1053 1253 cairi
1076 1199 1181 1252 ratus
1203 1192 1367 1270 quaerit,
1386 1208 1446 1250 ex·

161 1299 260 1357 tisne
294 1314 337 1357 an
370 1296 516 1355 'somnio
552 1293 846 1374 portenderetur
879 1294 1109 1355 thesaurus'.
1159 1295 1190 1353 in
1221 1312 1274 1352 vor
1306 1292 1447 1353 desinens

160 1398 312 1478 deponens
338 1415 431 1458 unum
459 1403 520 1466 est,
549 1397 703 1466 convivor,
731 1396 810 1473 quod
837 1398 951 1476 primae
974 1402 1033 1465 est,
1056 1395 1190 1472 generali
1212 1393 1334 1473 regulae
1356 1392 1445 1472 depo-

124 1523 149 1562 ro
162 1502 296 1560 nentium
324 1500 473 1567 serviens,
502 1517 570 1558 cum
598 1515 658 1558 non
686 1497 845 1577 respondet
872 1517 926 1558 suo
953 1499 1119 1578 primitivo,
1147 1497 1178 1557 id
1206 1504 1252 1557 est
1273 1499 1339 1556 viro
1361 1497 1445 1566 rivis,

161 1601 204 1661 vel
226 1602 297 1680 quia
319 1600 355 1660 de
377 1599 496 1660 nomine
518 1599 597 1678 quod
620 1606 665 1660 est
686 1601 807 1660 conviva
830 1599 991 1660 derivatur.

244 1702 278 1763 iu
307 1721 344 1762 xo
373 1700 539 1762 desinentia
566 1719 659 1780 pauca
682 1707 764 1770 sunt,
792 1704 909 1781 primae
930 1702 1050 1780 quidem
1073 1701 1302 1778 coniugationis,
1325 1707 1360 1760 ut
1381 1699 1447 1760 laxo

159 1805 258 1874 laxas,
281 1803 349 1864 fuxo
372 1821 444 1863 vexo
466 1811 545 1864 taxo.
579 1802 631 1864 sed
653 1805 760 1864 tertiae
782 1822 841 1864 non
864 1805 1056 1864 inveniuntur
1078 1805 1137 1863 nisi
1158 1821 1233 1882 pexo
1255 1803 1355 1881 pexis,
1377 1809 1446 1862 texo

158 1909 252 1978 texis,
275 1925 352 1967 nexo
367 1907 466 1965 nexis:
486 1904 553 1965 faxo
569 1907 649 1965 enim
664 1906 739 1966 faxis
755 1903 933 1965 defectivum
948 1912 1003 1965 est.
1028 1905 1041 1987 11
1065 1923 1142 1964 nexo
1157 1911 1254 1964 autem
1270 1912 1330 1965 tam
1344 1921 1445 1974 nexas,

122 2033 147 2072 ιε
159 2015 193 2068 ut
215 2007 346 2069 ostendit
360 2005 502 2085 Virgilius
516 2008 708 2087 participium
724 2007 827 2068 dicens
845 2007 1064 2069 ‘rrexantem
1086 2007 1220 2076 nodis',
1242 2025 1330 2086 quam
1350 2007 1445 2074 nexis,

157 2118 191 2170 ut
212 2111 320 2171 Accius
342 2111 373 2170 in
396 2108 550 2188 Deiphobo
631 2137 633 2141 ⁴

309 2229 374 2272 nos
395 2213 575 2271 continuo
598 2211 739 2272 ferrum
763 2213 948 2291 eripimus
972 2208 1170 2291 [omnibus]
1195 2208 1367 2271 manibus

873 2315 1039 2374 manicas
1060 2315 1243 2383 uenimus;

156 2414 229 2475 iicet
255 2417 325 2475 nexi
347 2414 459 2475 lectum
488 2423 549 2478 est.
577 2415 657 2494 quod
684 2416 773 2476 etiam
803 2433 819 2474 a
847 2423 934 2476 necto
961 2417 1074 2485 uectis,
1103 2416 1182 2476 sicut
1203 2434 1221 2476 a
1242 2419 1328 2493 pecto
1349 2413 1446 2492 pectis

118 2543 143 2582 so
157 2519 228 2596 pexi
249 2524 445 2596 potestesse.
489 2519 521 2577 in
549 2536 603 2576 nor
633 2517 772 2578 similiter
800 2515 967 2578 desinentia
989 2520 1104 2598 primae
1126 2524 1194 2577 sunt
1216 2516 1444 2593 coniugationis,

155 2628 188 2681 ut
210 2620 295 2679 rixor
317 2618 505 2700 amplexaret

241 2721 275 2782 ln
298 2739 332 2782 or
353 2723 468 2801 passiva
490 2739 675 2801 quacumque
698 2720 896 2802 praecedente
918 2721 1012 2782 vocali
1034 2722 1080 2782 ref
1101 2728 1281 2782 consonante
1303 2721 1444 2798 coniuga-

152 2826 268 2885 tiouem
289 2842 412 2885 suorum
434 2831 601 2903 sequuntur
623 2826 802 2895 activorum,
826 2842 882 2885 ceu
905 2833 973 2886 ante
996 2822 1135 2886 diximus.

240 2926 409 3006 Composita
437 2944 553 3006 quoque
581 2928 612 2987 in
646 2926 782 2987 omnibus
816 2926 1078 2988 terminationibus
1110 2926 1290 3005 simplicium
1322 2943 1444 2985 suorum

116 3052 140 3093 ss
155 3030 400 3107 coniugationes,
424 3028 527 3089 eadem
542 3028 657 3090 scilicet
675 3036 811 3090 manente
826 3029 984 3099 finalitate,
1007 3036 1185 3109 sequuntur,
1209 3030 1234 3091 si
1256 3036 1355 3106 tamen
1376 3046 1444 3089 oum

152 3130 257 3191 verbis
280 3131 326 3191 vei
348 3149 415 3191 cum
437 3129 723 3210 praepositionibus
747 3148 814 3191 cum
836 3130 945 3211 quibus
967 3133 1153 3211 frequentius
1174 3130 1270 3191 solent
1291 3129 1443 3207 coniungi,

153 3240 384 3311 componantur:
408 3250 475 3293 cum
498 3231 611 3303 verbis,
637 3240 668 3294 ut
682 3234 829 3313 tepefaeie
844 3233 987 3293 calefacio
1001 3234 1166 3295 madefacio
1188 3234 1334 3312 patefacio
1348 3230 1443 3311 iique·

151 3335 248 3405 facio;
272 3352 340 3395 cum
363 3333 649 3413 praepositionibus,
673 3343 705 3394 ut
728 3337 813 3414 capio
834 3337 988 3414 praecipio
1003 3335 1135 3415 decipio,
1159 3336 1236 3395 facio
1257 3336 1358 3395 inficio
1380 3334 1443 3394 affi-

152 3439 201 3496 cio
225 3436 345 3506 deficio,
369 3437 434 3497 fero
454 3438 593 3515 praefero
615 3437 734 3515 perfero
757 3438 854 3496 infero
876 3437 967 3497 affero
989 3437 1098 3498 suffero
1121 3437 1240 3507 deiero,
1262 3434 1353 3497 turbo
1374 3454 1443 3516 pro-

115 3564 137 3603 so
152 3537 263 3607 turbo,
292 3536 392 3598 scribo
420 3536 558 3598 describo
586 3537 759 3608 conscribo,
789 3557 863 3599 neco
891 3558 998 3609 enece,
1033 3542 1117 3599 vinco
1145 3541 1304 3608 convinco,
1336 3538 1443 3599 fraudo

151 3639 318 3710 defraudo,
340 3640 431 3700 fundo
458 3640 600 3709 infundo,
629 3640 703 3701 cedo
731 3641 852 3701 discedo
875 3642 1019 3711 concedo,
1042 3641 1102 3720 ligo
1124 3642 1232 3719 infigo,
1255 3658 1310 3719 ago
1332 3656 1443 3720 perago

149 3744 324 3819 circumago
353 3741 459 3820 subigo
486 3743 574 3820 exigo
601 3760 689 3821 cogo,
718 3744 804 3804 traho
825 3743 983 3813 subtraho,
1006 3743 1073 3803 haio
1095 3744 1214 3813 exhalo,
1237 3742 1306 3803 fallo
1328 3741 1442 3812 refeflo,

149 3844 253 3905 clamo
276 3844 422 3914 reclamo,
446 3862 513 3905 emo
535 3862 651 3915 coemo,
674 3864 713 3905 no
735 3845 826 3916 adno,
855 3865 933 3927 pono
955 3864 1069 3925 expono
1090 3864 1204 3926 repono
1225 3846 1340 3925 depono
1361 3846 1446 3922 iupo-

222 4047 317 4099 lbseo
335 4064 405 4099 corr.
426 4049 510 4097 necB
580 4050 639 4099 2in
658 4048 722 4100 fibro
741 4051 750 4098 1
767 4046 855 4115 serm]
877 4050 903 4110 6,
922 4050 971 4102 125
1041 4050 1080 4100 bf
1100 4065 1160 4100 vero
1179 4058 1236 4101 ante
1256 4047 1298 4115 vo]
1316 4049 1401 4099 Prisc.
1421 4049 1440 4102 f.

147 4116 170 4167 X
188 4132 218 4181 p.
240 4119 299 4181 666,
320 4120 334 4169 7
406 4120 421 4169 7
440 4118 506 4168 caini
526 4120 606 4182 (corr.
626 4120 661 4171 of.
680 4136 711 4172 m.
731 4119 818 4181 enfuit)
838 4129 934 4182 ratusq.
953 4120 1056 4169 retentis
1075 4136 1106 4169 ue
1125 4122 1223 4171 somnio
1240 4121 1380 4185 (superscr.
1398 4115 1441 4182 os)

148 4189 298 4237 tenderetur
316 4189 443 4239 thesauris
462 4189 543 4251 (corr.
562 4188 630 4252 -rus)
650 4188 674 4237 B
693 4189 828 4238 caiuiratus
847 4192 861 4239 c
881 4204 988 4252 querere
1011 4190 1083 4239 tectis
1102 4205 1133 4240 nc
1153 4206 1258 4240 asomno
1280 4188 1442 4255 portenderet

148 4258 289 4308 thesauros
307 4259 468 4309 tcaiuirates
486 4274 510 4321 q;
529 4260 575 4308 rite
594 4261 669 4308 textis
688 4258 756 4307 netui
776 4260 875 4308 somnio
894 4259 1026 4323 pertendet
1044 4258 1125 4323 (corr.
1139 4262 1264 4323 -dereturj
1281 4259 1445 4320 tiresauruss

202 4328 270 4377 extis
285 4343 317 4377 an
334 4330 358 4379 P
371 4329 436 4378 extis
449 4344 507 4379 num
520 4330 630 4379 editores
642 4328 759 4379 Saliustii
804 4327 1014 4396 tideponentium
1026 4344 1072 4379 orn.
1085 4333 1110 4381 P
1156 4330 1190 4380 10
1202 4331 1358 4396 respondeus
1370 4341 1439 4377 eoru.

145 4398 206 4448 -det
218 4398 245 4448 B
260 4399 417 4464 respondens
430 4407 454 4448 et
468 4401 495 4449 P
528 4398 558 4448 li
576 4410 613 4448 est
625 4414 670 4448 ona.
682 4399 707 4447 P
748 4397 780 4449 13
795 4413 843 4448 non
856 4400 1020 4448 inueniuntur
1033 4413 1050 4455 ς
1061 4415 1110 4451 non
1125 4400 1253 4449 inuenitur
1263 4399 1345 4448 Pnon
1354 4398 1441 4447 iuueni

146 4468 172 4519 B
231 4468 265 4518 14
281 4467 341 4519 faxo
354 4470 421 4518 enim
441 4468 507 4517 faxis
526 4468 677 4519 defectionum
697 4475 735 4516 est
754 4469 828 4517 nexis
846 4470 913 4518 enirn
933 4477 1025 4517 ettam
1044 4483 1123 4520 nexas
1135 4469 1229 4520 Praxo
1247 4471 1269 4518 is
1286 4466 1440 4519 defeetiuum

144 4547 237 4603 tameo
257 4538 398 4603 (superacr.
418 4538 491 4587 nexis
508 4539 574 4587 enim
594 4538 631 4603 et)
650 4552 729 4587 nexas
748 4537 773 4587 B
792 4538 851 4588 faxo
870 4538 1025 4589 defectiuum
1044 4541 1195 4589 nexo'·enim
1211 4540 1260 4587 taur
1281 4552 1361 4588 nexas
1378 4543 1389 4585 t

146 4605 227 4675 nexo]
251 4608 338 4662 Prisc.
355 4611 372 4658 1.
391 4606 425 4657 iX
440 4622 467 4671 p.
486 4606 547 4669 469,
568 4609 608 4659 1⁶2.
626 4611 642 4657 1.
663 4607 730 4671 Xp.
752 4606 842 4669 538,1
934 4608 966 4659 lb
984 4609 1108 4675 Virgilius
1125 4610 1244 4665 inve:
1262 4610 1326 4658 Aen.
1348 4606 1440 4659 V279

221 4678 255 4728 16
270 4679 297 4727 in
315 4677 440 4743 deiphebo
458 4691 505 4727 nos
524 4678 567 4741 ΡΙ
579 4678 638 4727 iude
656 4677 802 4742 inphobano
821 4680 892 4729 sinos
904 4693 958 4734 ,nos
976 4687 988 4729 t
1058 4680 1090 4729 17
1109 4680 1269 4744 arripimust
1320 4679 1438 4728 omnibus

145 4748 269 4797 manibus
285 4749 396 4798 manices
413 4750 451 4798 Pt
466 4748 582 4798 omnibus
601 4750 712 4797 manticas
727 4746 775 4809 Β]
821 4750 853 4799 111
874 4750 935 4798 ficet
950 4750 1026 4799 nexui
1044 4750 1085 4799 Bt
1133 4749 1167 4798 20
1186 4749 1264 4815 pexui
1279 4756 1363 4813 petest
1381 4760 1438 4797 esse

145 4816 369 4884 inxorBtpexi
387 4818 411 4867 in
429 4818 511 4867 xorP
553 4820 584 4869 21
599 4818 669 4868 rixor
682 4819 764 4867 trixor
778 4820 948 4884 amplexorP
998 4818 1249 4885 bdsofentiungiB
1292 4818 1325 4869 29
1343 4812 1436 4881 affero]

145 4889 279 4941 anferolf
330 4886 461 4954 proturbo]
481 4890 627 4955 perturbet
678 4889 971 4941 succendemini>
1021 4890 1056 4943 33
1074 4892 1174 4956 depono
1192 4891 1285 4955 inpono
1303 4905 1350 4939 em.
1369 4889 1394 4938 P
