<?xml version="1.0" encoding="UTF-8"?>
<!DOCTYPE html PUBLIC "-//W3C//DTD XHTML 1.0 Transitional//EN"
    "http://www.w3.org/TR/xhtml1/DTD/xhtml1-transitional.dtd">
<html xmlns="http://www.w3.org/1999/xhtml" xml:lang="en" lang="en">
 <head>
  <title>
</title>
<meta http-equiv="Content-Type" content="text/html;charset=utf-8" />
  <meta name='ocr-system' content='tesseract 3.04.00' />
  <meta name='ocr-capabilities' content='ocr_page ocr_carea ocr_par ocr_line ocrx_word'/>
</head>
<body>
  <div class='ocr_page' id='page_1' title='image "./grammaticilatin03hagagoog_0616.png"; bbox 0 0 3525 5600; ppageno 0'>
   <div class='ocr_carea' id='block_1_1' title="bbox 264 265 1004 332">
    <p class='ocr_par' dir='ltr' id='par_1_1' title="bbox 264 265 1004 332">
     <span class='ocr_line' id='line_1_1' title="bbox 264 265 1004 332; baseline 0.003 -2"><span class='ocrx_word' id='word_1_1' title='bbox 264 265 327 330; x_wconf 87' lang='grc'>606</span> <span class='ocrx_word' id='word_1_2' title='bbox 821 269 1004 332; x_wconf 79' lang='lat' dir='ltr'>ulcuuuu</span> 
     </span>
    </p>
   </div>
   <div class='ocr_carea' id='block_1_2' title="bbox 264 375 1605 4307">
    <p class='ocr_par' dir='ltr' id='par_1_2' title="bbox 290 375 465 430">
     <span class='ocr_line' id='line_1_2' title="bbox 290 375 465 430; baseline -0.006 -13"><span class='ocrx_word' id='word_1_3' title='bbox 290 389 312 430; x_wconf 87' lang='lat' dir='ltr'>p.</span> <span class='ocrx_word' id='word_1_4' title='bbox 325 378 429 419; x_wconf 70' lang='lat' dir='ltr'>sats-³8</span> <span class='ocrx_word' id='word_1_5' title='bbox 442 375 465 416; x_wconf 85' lang='lat' dir='ltr'>P.</span> 
     </span>
    </p>

    <p class='ocr_par' dir='ltr' id='par_1_3' title="bbox 264 445 1605 3901">
     <span class='ocr_line' id='line_1_3' title="bbox 264 445 1552 539; baseline 0.001 -22"><span class='ocrx_word' id='word_1_6' title='bbox 264 459 401 518; x_wconf 82' lang='lat' dir='ltr'>iuvenies</span> <span class='ocrx_word' id='word_1_7' title='bbox 423 455 576 536; x_wconf 85' lang='lat' dir='ltr'>trisyllabo</span> <span class='ocrx_word' id='word_1_8' title='bbox 597 459 707 518; x_wconf 90' lang='lat' dir='ltr'>minus.</span> <span class='ocrx_word' id='word_1_9' title='bbox 751 445 875 518; x_wconf 81' lang='lat' dir='ltr'>necesse</span> <span class='ocrx_word' id='word_1_10' title='bbox 904 465 950 520; x_wconf 88' lang='lat' dir='ltr'>est</span> <span class='ocrx_word' id='word_1_11' title='bbox 973 459 1052 520; x_wconf 88' lang='lat' dir='ltr'>enim</span> <span class='ocrx_word' id='word_1_12' title='bbox 1074 467 1106 520; x_wconf 92' lang='lat' dir='ltr'>ut</span> <span class='ocrx_word' id='word_1_13' title='bbox 1128 461 1225 539; x_wconf 83' lang='lat' dir='ltr'>prima</span> <span class='ocrx_word' id='word_1_14' title='bbox 1247 459 1358 539; x_wconf 75' lang='lat' dir='ltr'>syllaba</span> <span class='ocrx_word' id='word_1_15' title='bbox 1380 457 1552 520; x_wconf 87' lang='lat' dir='ltr'>declinatio-</span> 
     </span>
     <span class='ocr_line' id='line_1_4' title="bbox 264 558 1553 642; baseline 0.001 -21"><span class='ocrx_word' id='word_1_16' title='bbox 264 561 312 622; x_wconf 90' lang='lat' dir='ltr'>nis</span> <span class='ocrx_word' id='word_1_17' title='bbox 334 561 387 629; x_wconf 89' lang='lat' dir='ltr'>sit,</span> <span class='ocrx_word' id='word_1_18' title='bbox 416 567 449 620; x_wconf 93' lang='lat' dir='ltr'>ut</span> <span class='ocrx_word' id='word_1_19' title='bbox 470 558 525 636; x_wconf 78' lang='grc' dir='ltr'><strong>ιε,</strong></span> <span class='ocrx_word' id='word_1_20' title='bbox 553 559 682 622; x_wconf 89' lang='lat' dir='ltr'>secunda</span> <span class='ocrx_word' id='word_1_21' title='bbox 704 561 843 637; x_wconf 88' lang='lat' dir='ltr'>originis,</span> <span class='ocrx_word' id='word_1_22' title='bbox 867 567 900 621; x_wconf 92' lang='lat' dir='ltr'>ut</span> <span class='ocrx_word' id='word_1_23' title='bbox 922 559 981 638; x_wconf 83' lang='lat' dir='ltr'>lv,</span> <span class='ocrx_word' id='word_1_24' title='bbox 1008 562 1096 622; x_wconf 88' lang='lat' dir='ltr'>tertia</span> <span class='ocrx_word' id='word_1_25' title='bbox 1120 559 1230 631; x_wconf 82' lang='lat' dir='ltr'>finalis,</span> <span class='ocrx_word' id='word_1_26' title='bbox 1260 569 1293 622; x_wconf 90' lang='lat' dir='ltr'>ut</span> <span class='ocrx_word' id='word_1_27' title='bbox 1314 581 1368 624; x_wconf 86' lang='grc' dir='ltr'>αα.</span> <span class='ocrx_word' id='word_1_28' title='bbox 1412 561 1553 642; x_wconf 88' lang='lat' dir='ltr'>quicquid</span> 
     </span>
     <span class='ocr_line' id='line_1_5' title="bbox 264 658 1553 744; baseline 0.003 -22"><span class='ocrx_word' id='word_1_29' title='bbox 264 662 356 739; x_wconf 92' lang='lat' dir='ltr'>igitur</span> <span class='ocrx_word' id='word_1_30' title='bbox 378 661 444 742; x_wconf 89' lang='lat' dir='ltr'>plus</span> <span class='ocrx_word' id='word_1_31' title='bbox 465 661 571 732; x_wconf 87' lang='lat' dir='ltr'>luerit,</span> <span class='ocrx_word' id='word_1_32' title='bbox 599 661 636 722; x_wconf 92' lang='lat' dir='ltr'>ad</span> <span class='ocrx_word' id='word_1_33' title='bbox 659 658 663 743; x_wconf 90' lang='grc' dir='ltr'>Ι</span> <span class='ocrx_word' id='word_1_34' title='bbox 693 661 821 724; x_wconf 87' lang='lat' dir='ltr'>mediam</span> <span class='ocrx_word' id='word_1_35' title='bbox 842 660 1002 742; x_wconf 75' lang='lat' dir='ltr'>syllabam,</span> <span class='ocrx_word' id='word_1_36' title='bbox 1031 681 1106 742; x_wconf 86' lang='lat' dir='ltr'>quae</span> <span class='ocrx_word' id='word_1_37' title='bbox 1129 663 1249 744; x_wconf 88' lang='lat' dir='ltr'>quidem</span> <span class='ocrx_word' id='word_1_38' title='bbox 1272 665 1399 741; x_wconf 88' lang='lat' dir='ltr'>originis</span> <span class='ocrx_word' id='word_1_39' title='bbox 1421 670 1481 734; x_wconf 88' lang='lat' dir='ltr'>cst,</span> <span class='ocrx_word' id='word_1_40' title='bbox 1505 683 1553 726; x_wconf 89' lang='lat' dir='ltr'>re-</span> 
     </span>
     <span class='ocr_line' id='line_1_6' title="bbox 265 761 1554 846; baseline 0.002 -22"><span class='ocrx_word' id='word_1_41' title='bbox 265 765 378 834; x_wconf 89' lang='lat' dir='ltr'>lertur;</span> <span class='ocrx_word' id='word_1_42' title='bbox 401 763 560 825; x_wconf 78' lang='lat' dir='ltr'>declinatio</span> <span class='ocrx_word' id='word_1_43' title='bbox 581 781 652 824; x_wconf 84' lang='lat' dir='ltr'>vero</span> <span class='ocrx_word' id='word_1_44' title='bbox 679 772 711 825; x_wconf 91' lang='lat' dir='ltr'>et</span> <span class='ocrx_word' id='word_1_45' title='bbox 736 767 804 826; x_wconf 89' lang='lat' dir='ltr'>smis</span> <span class='ocrx_word' id='word_1_46' title='bbox 826 761 959 843; x_wconf 86' lang='lat' dir='ltr'>singulas</span> <span class='ocrx_word' id='word_1_47' title='bbox 981 764 1150 844; x_wconf 88' lang='lat' dir='ltr'>possident,</span> <span class='ocrx_word' id='word_1_48' title='bbox 1179 773 1211 827; x_wconf 93' lang='lat' dir='ltr'>ut</span> <span class='ocrx_word' id='word_1_49' title='bbox 1232 773 1278 828; x_wconf 91' lang='lat' dir='ltr'>est</span> <span class='ocrx_word' id='word_1_50' title='bbox 1299 763 1486 846; x_wconf 72' lang='grc' dir='ltr'><strong><em>πεφίληκα,</em></strong></span> <span class='ocrx_word' id='word_1_51' title='bbox 1512 781 1554 826; x_wconf 75' lang='grc' dir='ltr'>τε</span> 
     </span>
     <span class='ocr_line' id='line_1_7' title="bbox 266 864 1582 948; baseline 0.002 -22"><span class='ocrx_word' id='word_1_52' title='bbox 266 865 490 936; x_wconf 59' lang='lat' dir='ltr'>declinationis</span> <span class='ocrx_word' id='word_1_53' title='bbox 519 864 602 945; x_wconf 81' lang='grc' dir='ltr'><strong>φιλη</strong></span> <span class='ocrx_word' id='word_1_54' title='bbox 624 867 765 943; x_wconf 87' lang='lat' dir='ltr'>originis,</span> <span class='ocrx_word' id='word_1_55' title='bbox 794 886 837 927; x_wconf 83' lang='grc' dir='ltr'>αα</span> <span class='ocrx_word' id='word_1_56' title='bbox 865 868 943 928; x_wconf 87' lang='grc' dir='ltr'><strong>ιιιιιε.</strong></span> <span class='ocrx_word' id='word_1_57' title='bbox 988 885 1059 945; x_wconf 87' lang='lat' dir='ltr'>ergo</span> <span class='ocrx_word' id='word_1_58' title='bbox 1081 865 1342 948; x_wconf 59' lang='lat' dir='ltr'>depascebantur,</span> <span class='ocrx_word' id='word_1_59' title='bbox 1366 867 1397 928; x_wconf 93' lang='lat' dir='ltr'>id</span> <span class='ocrx_word' id='word_1_60' title='bbox 1419 874 1466 929; x_wconf 88' lang='lat' dir='ltr'>est</span> <span class='ocrx_word' id='word_1_61' title='bbox 1488 879 1582 946; x_wconf 77' lang='lat' dir='ltr'>per-⁵</span> 
     </span>
     <span class='ocr_line' id='line_1_8' title="bbox 265 960 1558 1050; baseline 0.002 -21"><span class='ocrx_word' id='word_1_62' title='bbox 265 969 390 1037; x_wconf 85' lang='lat' dir='ltr'>lectum,</span> <span class='ocrx_word' id='word_1_63' title='bbox 413 970 511 1028; x_wconf 89' lang='lat' dir='ltr'>miuus</span> <span class='ocrx_word' id='word_1_64' title='bbox 532 966 688 1047; x_wconf 87' lang='lat' dir='ltr'>trisyllabo</span> <span class='ocrx_word' id='word_1_65' title='bbox 708 987 769 1029; x_wconf 88' lang='lat' dir='ltr'>uon</span> <span class='ocrx_word' id='word_1_66' title='bbox 791 971 943 1030; x_wconf 87' lang='lat' dir='ltr'>iuvenitur</span> <span class='ocrx_word' id='word_1_67' title='bbox 958 978 1083 1050; x_wconf 78' lang='lat' dir='ltr'>excepto</span> <span class='ocrx_word' id='word_1_68' title='bbox 1098 960 1185 1047; x_wconf 78' lang='lat' dir='ltr'>olda,</span> <span class='ocrx_word' id='word_1_69' title='bbox 1208 969 1288 1049; x_wconf 87' lang='lat' dir='ltr'>quod</span> <span class='ocrx_word' id='word_1_70' title='bbox 1310 968 1490 1050; x_wconf 86' lang='lat' dir='ltr'>bisyllabum</span> <span class='ocrx_word' id='word_1_71' title='bbox 1512 978 1558 1032; x_wconf 89' lang='lat' dir='ltr'>est</span> 
     </span>
     <span class='ocr_line' id='line_1_9' title="bbox 266 1069 1556 1150; baseline 0.002 -20"><span class='ocrx_word' id='word_1_72' title='bbox 266 1077 297 1131; x_wconf 89' lang='lat' dir='ltr'>et</span> <span class='ocrx_word' id='word_1_73' title='bbox 317 1069 572 1150; x_wconf 73' lang='grc' dir='ltr'><em>παρακείμενος.</em></span> <span class='ocrx_word' id='word_1_74' title='bbox 617 1089 673 1131; x_wconf 89' lang='lat' dir='ltr'>nec</span> <span class='ocrx_word' id='word_1_75' title='bbox 694 1071 819 1140; x_wconf 89' lang='lat' dir='ltr'>mirum,</span> <span class='ocrx_word' id='word_1_76' title='bbox 842 1089 911 1132; x_wconf 88' lang='lat' dir='ltr'>cum</span> <span class='ocrx_word' id='word_1_77' title='bbox 933 1070 991 1132; x_wconf 90' lang='lat' dir='ltr'>boc</span> <span class='ocrx_word' id='word_1_78' title='bbox 1014 1071 1138 1132; x_wconf 85' lang='lat' dir='ltr'>verbum</span> <span class='ocrx_word' id='word_1_79' title='bbox 1160 1073 1193 1132; x_wconf 93' lang='lat' dir='ltr'>iu</span> <span class='ocrx_word' id='word_1_80' title='bbox 1216 1071 1315 1132; x_wconf 87' lang='lat' dir='ltr'>multis</span> <span class='ocrx_word' id='word_1_81' title='bbox 1338 1070 1459 1150; x_wconf 85' lang='lat' dir='ltr'>regulae</span> <span class='ocrx_word' id='word_1_82' title='bbox 1482 1075 1556 1132; x_wconf 85' lang='lat' dir='ltr'>resi-</span> 
     </span>
     <span class='ocr_line' id='line_1_10' title="bbox 267 1171 1559 1254; baseline 0.003 -22"><span class='ocrx_word' id='word_1_83' title='bbox 267 1178 333 1233; x_wconf 88' lang='lat' dir='ltr'>stat.</span> <span class='ocrx_word' id='word_1_84' title='bbox 378 1171 491 1234; x_wconf 90' lang='lat' dir='ltr'>nullum</span> <span class='ocrx_word' id='word_1_85' title='bbox 518 1191 645 1253; x_wconf 87' lang='lat' dir='ltr'>namque</span> <span class='ocrx_word' id='word_1_86' title='bbox 672 1173 840 1254; x_wconf 89' lang='lat' dir='ltr'>perlectum</span> <span class='ocrx_word' id='word_1_87' title='bbox 866 1173 923 1234; x_wconf 87' lang='lat' dir='ltr'>boc</span> <span class='ocrx_word' id='word_1_88' title='bbox 946 1182 1069 1254; x_wconf 83' lang='lat' dir='ltr'>excepto</span> <span class='ocrx_word' id='word_1_89' title='bbox 1092 1173 1129 1234; x_wconf 92' lang='lat' dir='ltr'>ab</span> <span class='ocrx_word' id='word_1_90' title='bbox 1156 1192 1190 1236; x_wconf 84' lang='grc' dir='ltr'><strong>οε</strong></span> <span class='ocrx_word' id='word_1_91' title='bbox 1211 1173 1395 1252; x_wconf 77' lang='lat' dir='ltr'><strong>diphthongo</strong></span> <span class='ocrx_word' id='word_1_92' title='bbox 1416 1173 1559 1239; x_wconf 83' lang='lat' dir='ltr'>inchoare</span> 
     </span>
     <span class='ocr_line' id='line_1_11' title="bbox 266 1274 1559 1356; baseline 0 -20"><span class='ocrx_word' id='word_1_93' title='bbox 266 1277 411 1354; x_wconf 86' lang='lat' dir='ltr'>reperies.</span> <span class='ocrx_word' id='word_1_94' title='bbox 454 1277 527 1336; x_wconf 88' lang='lat' dir='ltr'>item</span> <span class='ocrx_word' id='word_1_95' title='bbox 548 1294 615 1336; x_wconf 90' lang='lat' dir='ltr'>cum</span> <span class='ocrx_word' id='word_1_96' title='bbox 638 1276 734 1355; x_wconf 86' lang='lat' dir='ltr'>prima</span> <span class='ocrx_word' id='word_1_97' title='bbox 756 1274 841 1336; x_wconf 83' lang='lat' dir='ltr'>verbi</span> <span class='ocrx_word' id='word_1_98' title='bbox 862 1277 970 1356; x_wconf 92' lang='lat' dir='ltr'>positio</span> <span class='ocrx_word' id='word_1_99' title='bbox 993 1294 1022 1338; x_wconf 88' lang='grc' dir='ltr'>ει</span> <span class='ocrx_word' id='word_1_100' title='bbox 1044 1275 1227 1355; x_wconf 78' lang='lat' dir='ltr'>diphthongo</span> <span class='ocrx_word' id='word_1_101' title='bbox 1255 1276 1391 1346; x_wconf 90' lang='lat' dir='ltr'>inchoat,</span> <span class='ocrx_word' id='word_1_102' title='bbox 1425 1277 1456 1339; x_wconf 87' lang='lat' dir='ltr'>iu</span> <span class='ocrx_word' id='word_1_103' title='bbox 1479 1275 1559 1338; x_wconf 91' lang='lat' dir='ltr'>nullo</span> 
     </span>
     <span class='ocr_line' id='line_1_12' title="bbox 266 1374 1597 1458; baseline -0.001 -20"><span class='ocrx_word' id='word_1_104' title='bbox 266 1385 400 1457; x_wconf 84' lang='lat' dir='ltr'>tempore</span> <span class='ocrx_word' id='word_1_105' title='bbox 421 1384 568 1443; x_wconf 85' lang='lat' dir='ltr'>mutatur:</span> <span class='ocrx_word' id='word_1_106' title='bbox 590 1378 680 1438; x_wconf 89' lang='lat' dir='ltr'>buius</span> <span class='ocrx_word' id='word_1_107' title='bbox 701 1376 785 1438; x_wconf 80' lang='lat' dir='ltr'>verbi</span> <span class='ocrx_word' id='word_1_108' title='bbox 807 1379 900 1456; x_wconf 87' lang='lat' dir='ltr'>origo,</span> <span class='ocrx_word' id='word_1_109' title='bbox 924 1378 954 1438; x_wconf 93' lang='lat' dir='ltr'>id</span> <span class='ocrx_word' id='word_1_110' title='bbox 977 1385 1022 1440; x_wconf 89' lang='grc' dir='ltr'>εει</span> <span class='ocrx_word' id='word_1_111' title='bbox 1045 1374 1135 1456; x_wconf 80' lang='lat' dir='ltr'>aldo,</span> <span class='ocrx_word' id='word_1_112' title='bbox 1158 1379 1284 1440; x_wconf 83' lang='lat' dir='ltr'>mutavit</span> <span class='ocrx_word' id='word_1_113' title='bbox 1306 1396 1335 1438; x_wconf 89' lang='grc' dir='ltr'>ει</span> <span class='ocrx_word' id='word_1_114' title='bbox 1357 1381 1389 1439; x_wconf 93' lang='lat' dir='ltr'>in</span> <span class='ocrx_word' id='word_1_115' title='bbox 1412 1395 1456 1438; x_wconf 82' lang='lat' dir='ltr'>oc.</span> <span class='ocrx_word' id='word_1_116' title='bbox 1484 1389 1597 1458; x_wconf 86' lang='lat' dir='ltr'>quo-1⁰</span> 
     </span>
     <span class='ocr_line' id='line_1_13' title="bbox 266 1478 1561 1560; baseline -0.001 -19"><span class='ocrx_word' id='word_1_117' title='bbox 266 1482 344 1542; x_wconf 89' lang='lat' dir='ltr'>tiens</span> <span class='ocrx_word' id='word_1_118' title='bbox 366 1480 533 1559; x_wconf 86' lang='lat' dir='ltr'>perlectum</span> <span class='ocrx_word' id='word_1_119' title='bbox 555 1499 571 1539; x_wconf 92' lang='lat' dir='ltr'>a</span> <span class='ocrx_word' id='word_1_120' title='bbox 593 1478 681 1558; x_wconf 91' lang='lat' dir='ltr'>longa</span> <span class='ocrx_word' id='word_1_121' title='bbox 702 1481 813 1550; x_wconf 87' lang='lat' dir='ltr'>oritur,</span> <span class='ocrx_word' id='word_1_122' title='bbox 836 1497 960 1542; x_wconf 87' lang='lat' dir='ltr'>necesse</span> <span class='ocrx_word' id='word_1_123' title='bbox 982 1488 1028 1541; x_wconf 94' lang='lat' dir='ltr'>est</span> <span class='ocrx_word' id='word_1_124' title='bbox 1050 1480 1372 1560; x_wconf 79' lang='lat' dir='ltr'>plusquamperfectum</span> <span class='ocrx_word' id='word_1_125' title='bbox 1396 1478 1434 1540; x_wconf 94' lang='lat' dir='ltr'>ab</span> <span class='ocrx_word' id='word_1_126' title='bbox 1457 1479 1561 1542; x_wconf 86' lang='lat' dir='ltr'>cadem</span> 
     </span>
     <span class='ocr_line' id='line_1_14' title="bbox 267 1581 1560 1662; baseline -0.002 -20"><span class='ocrx_word' id='word_1_127' title='bbox 267 1599 385 1660; x_wconf 89' lang='lat' dir='ltr'>semper</span> <span class='ocrx_word' id='word_1_128' title='bbox 421 1582 569 1660; x_wconf 81' lang='lat' dir='ltr'><strong>incipere,</strong></span> <span class='ocrx_word' id='word_1_129' title='bbox 598 1583 677 1661; x_wconf 90' lang='lat' dir='ltr'>quod</span> <span class='ocrx_word' id='word_1_130' title='bbox 714 1583 771 1642; x_wconf 82' lang='lat' dir='ltr'>lroc</span> <span class='ocrx_word' id='word_1_131' title='bbox 802 1581 927 1644; x_wconf 89' lang='lat' dir='ltr'>verbum</span> <span class='ocrx_word' id='word_1_132' title='bbox 960 1582 1103 1660; x_wconf 78' lang='lat' dir='ltr'>neglegit:</span> <span class='ocrx_word' id='word_1_133' title='bbox 1138 1600 1205 1644; x_wconf 87' lang='lat' dir='ltr'>uam</span> <span class='ocrx_word' id='word_1_134' title='bbox 1233 1581 1560 1662; x_wconf 78' lang='lat' dir='ltr'>plusquamperfectum</span> 
     </span>
     <span class='ocr_line' id='line_1_15' title="bbox 266 1675 1561 1766; baseline -0.001 -23"><span class='ocrx_word' id='word_1_135' title='bbox 266 1675 365 1766; x_wconf 77' lang='grc' dir='ltr'><strong>ᾔδειν</strong></span> <span class='ocrx_word' id='word_1_136' title='bbox 386 1690 446 1752; x_wconf 89' lang='grc' dir='ltr'><strong>εει,</strong></span> <span class='ocrx_word' id='word_1_137' title='bbox 469 1701 537 1744; x_wconf 93' lang='lat' dir='ltr'>cum</span> <span class='ocrx_word' id='word_1_138' title='bbox 559 1685 726 1762; x_wconf 87' lang='lat' dir='ltr'>perlectum</span> <span class='ocrx_word' id='word_1_139' title='bbox 748 1675 824 1746; x_wconf 77' lang='lat' dir='ltr'>olda</span> <span class='ocrx_word' id='word_1_140' title='bbox 847 1687 896 1746; x_wconf 86' lang='grc' dir='ltr'><strong>ειι.</strong></span> <span class='ocrx_word' id='word_1_141' title='bbox 930 1684 1039 1746; x_wconf 90' lang='lat' dir='ltr'>deiude</span> <span class='ocrx_word' id='word_1_142' title='bbox 1062 1702 1149 1746; x_wconf 89' lang='lat' dir='ltr'>omne</span> <span class='ocrx_word' id='word_1_143' title='bbox 1171 1684 1365 1764; x_wconf 81' lang='lat' dir='ltr'>participium</span> <span class='ocrx_word' id='word_1_144' title='bbox 1386 1685 1418 1743; x_wconf 90' lang='lat' dir='ltr'>iu</span> <span class='ocrx_word' id='word_1_145' title='bbox 1442 1701 1488 1754; x_wconf 79' lang='grc' dir='ltr'>ως</span> <span class='ocrx_word' id='word_1_146' title='bbox 1509 1681 1561 1742; x_wconf 83' lang='lat' dir='ltr'>de·</span> 
     </span>
     <span class='ocr_line' id='line_1_16' title="bbox 266 1779 1562 1866; baseline -0.002 -20"><span class='ocrx_word' id='word_1_147' title='bbox 266 1788 368 1846; x_wconf 87' lang='lat' dir='ltr'>sinens</span> <span class='ocrx_word' id='word_1_148' title='bbox 396 1785 487 1846; x_wconf 81' lang='lat' dir='ltr'>solam</span> <span class='ocrx_word' id='word_1_149' title='bbox 516 1783 651 1847; x_wconf 85' lang='lat' dir='ltr'>ultimam</span> <span class='ocrx_word' id='word_1_150' title='bbox 678 1785 820 1866; x_wconf 78' lang='lat' dir='ltr'>syllabam</span> <span class='ocrx_word' id='word_1_151' title='bbox 848 1789 879 1847; x_wconf 92' lang='lat' dir='ltr'>iu</span> <span class='ocrx_word' id='word_1_152' title='bbox 908 1779 1001 1865; x_wconf 79' lang='grc' dir='ltr'><em>ἄλφα</em></span> <span class='ocrx_word' id='word_1_153' title='bbox 1035 1785 1175 1846; x_wconf 86' lang='grc' dir='ltr'><strong>ιιιιιιειιιιο</strong></span> <span class='ocrx_word' id='word_1_154' title='bbox 1203 1785 1282 1846; x_wconf 88' lang='lat' dir='ltr'>idem</span> <span class='ocrx_word' id='word_1_155' title='bbox 1312 1793 1429 1864; x_wconf 91' lang='lat' dir='ltr'>tempus</span> <span class='ocrx_word' id='word_1_156' title='bbox 1457 1783 1562 1852; x_wconf 85' lang='lat' dir='ltr'>efficit,</span> 
     </span>
     <span class='ocr_line' id='line_1_17' title="bbox 266 1875 1599 1968; baseline -0.002 -20"><span class='ocrx_word' id='word_1_157' title='bbox 266 1881 489 1966; x_wconf 80' lang='grc' dir='ltr'><em>γεγραφηααις</em></span> <span class='ocrx_word' id='word_1_158' title='bbox 509 1882 719 1968; x_wconf 80' lang='grc' dir='ltr'><em>γεγραφηκα,</em></span> <span class='ocrx_word' id='word_1_159' title='bbox 735 1875 885 1960; x_wconf 59' lang='lat' dir='ltr'>teloneis</span> <span class='ocrx_word' id='word_1_160' title='bbox 899 1883 1038 1950; x_wconf 76' lang='grc' dir='ltr'><strong>ιέιυκαε</strong></span> <span class='ocrx_word' id='word_1_161' title='bbox 1063 1881 1159 1958; x_wconf 75' lang='grc' dir='ltr'><strong>εἰδώς</strong></span> <span class='ocrx_word' id='word_1_162' title='bbox 1181 1893 1281 1948; x_wconf 89' lang='lat' dir='ltr'>autem</span> <span class='ocrx_word' id='word_1_163' title='bbox 1304 1905 1362 1948; x_wconf 91' lang='lat' dir='ltr'>non</span> <span class='ocrx_word' id='word_1_164' title='bbox 1384 1887 1459 1946; x_wconf 87' lang='lat' dir='ltr'>iacit</span> <span class='ocrx_word' id='word_1_165' title='bbox 1474 1875 1561 1963; x_wconf 75' lang='grc' dir='ltr'><strong>εἶδε,</strong></span> <span class='ocrx_word' id='word_1_166' title='bbox 1576 1897 1599 1936; x_wconf 80' lang='lat'>1⁵</span> 
     </span>
     <span class='ocr_line' id='line_1_18' title="bbox 268 1977 1562 2070; baseline 0 -22"><span class='ocrx_word' id='word_1_167' title='bbox 268 1988 320 2049; x_wconf 88' lang='lat' dir='ltr'>scd</span> <span class='ocrx_word' id='word_1_168' title='bbox 348 1977 434 2049; x_wconf 82' lang='grc' dir='ltr'><strong>οἶιια.</strong></span> <span class='ocrx_word' id='word_1_169' title='bbox 479 1987 559 2050; x_wconf 85' lang='grc' dir='ltr'><strong>εοιιιε</strong></span> <span class='ocrx_word' id='word_1_170' title='bbox 585 1990 678 2066; x_wconf 87' lang='lat' dir='ltr'>igitur</span> <span class='ocrx_word' id='word_1_171' title='bbox 705 1991 762 2050; x_wconf 90' lang='lat' dir='ltr'>iste</span> <span class='ocrx_word' id='word_1_172' title='bbox 790 1987 1035 2070; x_wconf 81' lang='grc' dir='ltr'><em>παρακείμενος</em></span> <span class='ocrx_word' id='word_1_173' title='bbox 1062 1990 1143 2050; x_wconf 84' lang='lat' dir='ltr'>vitiis</span> <span class='ocrx_word' id='word_1_174' title='bbox 1171 1987 1312 2050; x_wconf 88' lang='lat' dir='ltr'>obsessus</span> <span class='ocrx_word' id='word_1_175' title='bbox 1340 2007 1400 2050; x_wconf 93' lang='lat' dir='ltr'>non</span> <span class='ocrx_word' id='word_1_176' title='bbox 1429 1987 1562 2050; x_wconf 89' lang='lat' dir='ltr'>nocebit.</span> 
     </span>
     <span class='ocr_line' id='line_1_19' title="bbox 268 2087 1562 2172; baseline -0.001 -22"><span class='ocrx_word' id='word_1_177' title='bbox 268 2108 356 2150; x_wconf 89' lang='lat' dir='ltr'>omne</span> <span class='ocrx_word' id='word_1_178' title='bbox 379 2090 505 2151; x_wconf 83' lang='lat' dir='ltr'>verbum</span> <span class='ocrx_word' id='word_1_179' title='bbox 526 2108 682 2168; x_wconf 88' lang='lat' dir='ltr'>graecum,</span> <span class='ocrx_word' id='word_1_180' title='bbox 706 2092 731 2152; x_wconf 91' lang='grc' dir='ltr'>ει</span> <span class='ocrx_word' id='word_1_181' title='bbox 754 2093 785 2152; x_wconf 92' lang='lat' dir='ltr'>iu</span> <span class='ocrx_word' id='word_1_182' title='bbox 808 2094 958 2172; x_wconf 86' lang='lat' dir='ltr'>praesenti</span> <span class='ocrx_word' id='word_1_183' title='bbox 982 2111 998 2152; x_wconf 90' lang='lat' dir='ltr'>a</span> <span class='ocrx_word' id='word_1_184' title='bbox 1021 2087 1149 2170; x_wconf 80' lang='lat' dir='ltr'>simplici</span> <span class='ocrx_word' id='word_1_185' title='bbox 1173 2097 1298 2170; x_wconf 78' lang='lat' dir='ltr'>excepto</span> <span class='ocrx_word' id='word_1_186' title='bbox 1321 2109 1341 2169; x_wconf 94' lang='grc' dir='ltr'><strong><em>ρ</em></strong></span> <span class='ocrx_word' id='word_1_187' title='bbox 1363 2091 1472 2170; x_wconf 87' lang='lat' dir='ltr'>incipit</span> <span class='ocrx_word' id='word_1_188' title='bbox 1493 2107 1562 2149; x_wconf 91' lang='lat' dir='ltr'>cun·</span> 
     </span>
     <span class='ocr_line' id='line_1_20' title="bbox 268 2185 1564 2273; baseline 0.001 -21"><span class='ocrx_word' id='word_1_189' title='bbox 268 2199 409 2262; x_wconf 88' lang='lat' dir='ltr'>sonante,</span> <span class='ocrx_word' id='word_1_190' title='bbox 433 2195 560 2272; x_wconf 90' lang='lat' dir='ltr'>primam</span> <span class='ocrx_word' id='word_1_191' title='bbox 583 2195 613 2253; x_wconf 91' lang='lat' dir='ltr'>iu</span> <span class='ocrx_word' id='word_1_192' title='bbox 629 2199 763 2272; x_wconf 86' lang='lat' dir='ltr'>tempore</span> <span class='ocrx_word' id='word_1_193' title='bbox 778 2195 912 2273; x_wconf 89' lang='lat' dir='ltr'>perlecto</span> <span class='ocrx_word' id='word_1_194' title='bbox 927 2193 1069 2273; x_wconf 86' lang='lat' dir='ltr'>syllabam</span> <span class='ocrx_word' id='word_1_195' title='bbox 1090 2194 1238 2270; x_wconf 86' lang='lat' dir='ltr'>geminat,</span> <span class='ocrx_word' id='word_1_196' title='bbox 1261 2185 1381 2270; x_wconf 82' lang='grc' dir='ltr'><em>γράφω</em></span> <span class='ocrx_word' id='word_1_197' title='bbox 1395 2187 1564 2271; x_wconf 80' lang='grc' dir='ltr'><em>γέγραφα,</em></span> 
     </span>
     <span class='ocr_line' id='line_1_21' title="bbox 269 2289 1564 2375; baseline 0.001 -23"><span class='ocrx_word' id='word_1_198' title='bbox 269 2290 355 2372; x_wconf 78' lang='grc' dir='ltr'><em>λέγω</em></span> <span class='ocrx_word' id='word_1_199' title='bbox 377 2289 505 2373; x_wconf 60' lang='lat' dir='ltr'>terega,</span> <span class='ocrx_word' id='word_1_200' title='bbox 535 2311 591 2354; x_wconf 90' lang='lat' dir='ltr'>nec</span> <span class='ocrx_word' id='word_1_201' title='bbox 613 2295 681 2356; x_wconf 86' lang='lat' dir='ltr'>talis</span> <span class='ocrx_word' id='word_1_202' title='bbox 701 2297 864 2374; x_wconf 89' lang='lat' dir='ltr'>geminatio</span> <span class='ocrx_word' id='word_1_203' title='bbox 887 2295 1117 2375; x_wconf 86' lang='lat' dir='ltr'>praepositionis</span> <span class='ocrx_word' id='word_1_204' title='bbox 1140 2292 1259 2354; x_wconf 89' lang='lat' dir='ltr'>adiectu</span> <span class='ocrx_word' id='word_1_205' title='bbox 1280 2294 1454 2372; x_wconf 86' lang='lat' dir='ltr'>impeditur,</span> <span class='ocrx_word' id='word_1_206' title='bbox 1477 2311 1564 2373; x_wconf 80' lang='grc' dir='ltr'><em>αρα-</em></span> 
     </span>
     <span class='ocr_line' id='line_1_22' title="bbox 269 2390 1601 2478; baseline 0 -22"><span class='ocrx_word' id='word_1_207' title='bbox 269 2395 390 2476; x_wconf 78' lang='grc' dir='ltr'><strong>τιομίζω</strong></span> <span class='ocrx_word' id='word_1_208' title='bbox 411 2390 652 2476; x_wconf 77' lang='grc' dir='ltr'><em>προκεκόμιαα,</em></span> <span class='ocrx_word' id='word_1_209' title='bbox 675 2391 862 2478; x_wconf 74' lang='grc' dir='ltr'>συγγράφω</span> <span class='ocrx_word' id='word_1_210' title='bbox 883 2391 1113 2474; x_wconf 79' lang='grc' dir='ltr'><em>σαγγέγραφα.</em></span> <span class='ocrx_word' id='word_1_211' title='bbox 1144 2413 1231 2456; x_wconf 90' lang='lat' dir='ltr'>omne</span> <span class='ocrx_word' id='word_1_212' title='bbox 1254 2396 1421 2474; x_wconf 86' lang='lat' dir='ltr'>perlectum</span> <span class='ocrx_word' id='word_1_213' title='bbox 1444 2403 1601 2476; x_wconf 53' lang='lat' dir='ltr'>tempus&amp;</span> 
     </span>
     <span class='ocr_line' id='line_1_23' title="bbox 268 2497 1563 2578; baseline -0.001 -19"><span class='ocrx_word' id='word_1_214' title='bbox 268 2500 301 2559; x_wconf 91' lang='lat' dir='ltr'>in</span> <span class='ocrx_word' id='word_1_215' title='bbox 323 2499 544 2578; x_wconf 87' lang='lat' dir='ltr'>perispomenis</span> <span class='ocrx_word' id='word_1_216' title='bbox 565 2499 611 2560; x_wconf 89' lang='lat' dir='ltr'>vel</span> <span class='ocrx_word' id='word_1_217' title='bbox 633 2497 728 2560; x_wconf 89' lang='lat' dir='ltr'>solum</span> <span class='ocrx_word' id='word_1_218' title='bbox 751 2500 879 2578; x_wconf 88' lang='lat' dir='ltr'>primum</span> <span class='ocrx_word' id='word_1_219' title='bbox 902 2500 932 2559; x_wconf 90' lang='lat' dir='ltr'>in</span> <span class='ocrx_word' id='word_1_220' title='bbox 956 2497 1108 2576; x_wconf 88' lang='lat' dir='ltr'>barytouis</span> <span class='ocrx_word' id='word_1_221' title='bbox 1131 2497 1243 2559; x_wconf 90' lang='lat' dir='ltr'>desiuit</span> <span class='ocrx_word' id='word_1_222' title='bbox 1265 2507 1316 2558; x_wconf 89' lang='lat' dir='ltr'>aut</span> <span class='ocrx_word' id='word_1_223' title='bbox 1338 2500 1369 2559; x_wconf 94' lang='lat' dir='ltr'>in</span> <span class='ocrx_word' id='word_1_224' title='bbox 1391 2517 1435 2558; x_wconf 79' lang='grc' dir='ltr'>αα</span> <span class='ocrx_word' id='word_1_225' title='bbox 1458 2500 1563 2560; x_wconf 84' lang='lat' dir='ltr'>autin</span> 
     </span>
     <span class='ocr_line' id='line_1_24' title="bbox 269 2595 1563 2681; baseline 0.005 -23"><span class='ocrx_word' id='word_1_226' title='bbox 269 2619 318 2679; x_wconf 92' lang='grc' dir='ltr'>φα</span> <span class='ocrx_word' id='word_1_227' title='bbox 340 2607 390 2660; x_wconf 91' lang='lat' dir='ltr'>aut</span> <span class='ocrx_word' id='word_1_228' title='bbox 412 2601 443 2660; x_wconf 89' lang='lat' dir='ltr'>in</span> <span class='ocrx_word' id='word_1_229' title='bbox 466 2619 518 2678; x_wconf 79' lang='grc' dir='ltr'>γα,</span> <span class='ocrx_word' id='word_1_230' title='bbox 540 2595 705 2681; x_wconf 76' lang='grc' dir='ltr'>τετήρηκα</span> <span class='ocrx_word' id='word_1_231' title='bbox 718 2595 872 2678; x_wconf 76' lang='grc' dir='ltr'><em>γέγραφα</em></span> <span class='ocrx_word' id='word_1_232' title='bbox 888 2595 1050 2680; x_wconf 78' lang='grc' dir='ltr'><em>πέπληγα,</em></span> <span class='ocrx_word' id='word_1_233' title='bbox 1074 2599 1147 2660; x_wconf 90' lang='lat' dir='ltr'>adeo</span> <span class='ocrx_word' id='word_1_234' title='bbox 1164 2607 1195 2660; x_wconf 93' lang='lat' dir='ltr'>ut</span> <span class='ocrx_word' id='word_1_235' title='bbox 1210 2618 1298 2660; x_wconf 89' lang='lat' dir='ltr'>onme</span> <span class='ocrx_word' id='word_1_236' title='bbox 1319 2617 1416 2680; x_wconf 90' lang='lat' dir='ltr'>paene</span> <span class='ocrx_word' id='word_1_237' title='bbox 1439 2599 1563 2664; x_wconf 81' lang='lat' dir='ltr'>uerbum</span> 
     </span>
     <span class='ocr_line' id='line_1_25' title="bbox 269 2695 1565 2782; baseline -0.001 -20"><span class='ocrx_word' id='word_1_238' title='bbox 269 2699 413 2762; x_wconf 88' lang='lat' dir='ltr'>similium</span> <span class='ocrx_word' id='word_1_239' title='bbox 434 2702 662 2775; x_wconf 74' lang='lat' dir='ltr'>declinationem</span> <span class='ocrx_word' id='word_1_240' title='bbox 685 2710 841 2782; x_wconf 87' lang='lat' dir='ltr'>sequatur,</span> <span class='ocrx_word' id='word_1_241' title='bbox 864 2700 954 2782; x_wconf 80' lang='grc' dir='ltr'><strong><em>τηρῶ</em></strong></span> <span class='ocrx_word' id='word_1_242' title='bbox 977 2708 1099 2781; x_wconf 66' lang='lat' dir='ltr'>appeto,</span> <span class='ocrx_word' id='word_1_243' title='bbox 1123 2700 1222 2780; x_wconf 75' lang='grc' dir='ltr'><em>χωρεῖ</em></span> <span class='ocrx_word' id='word_1_244' title='bbox 1244 2707 1374 2780; x_wconf 71' lang='grc' dir='ltr'><strong>χωρεῑςι</strong></span> <span class='ocrx_word' id='word_1_245' title='bbox 1397 2695 1565 2781; x_wconf 68' lang='grc' dir='ltr'>τετήρηκα</span> 
     </span>
     <span class='ocr_line' id='line_1_26' title="bbox 269 2797 1565 2885; baseline 0 -20"><span class='ocrx_word' id='word_1_246' title='bbox 269 2797 459 2883; x_wconf 62' lang='lat' dir='ltr'>magalonae·</span> <span class='ocrx_word' id='word_1_247' title='bbox 476 2800 599 2884; x_wconf 77' lang='grc' dir='ltr'><em>γράφω</em></span> <span class='ocrx_word' id='word_1_248' title='bbox 612 2800 765 2885; x_wconf 80' lang='grc' dir='ltr'><em>γράφεις,</em></span> <span class='ocrx_word' id='word_1_249' title='bbox 780 2800 893 2885; x_wconf 79' lang='grc' dir='ltr'><strong><em>τρέφω</em></strong></span> <span class='ocrx_word' id='word_1_250' title='bbox 908 2798 1053 2884; x_wconf 85' lang='grc' dir='ltr'><strong>τρέφεις,</strong></span> <span class='ocrx_word' id='word_1_251' title='bbox 1069 2797 1223 2884; x_wconf 82' lang='grc' dir='ltr'>γέγραφα</span> <span class='ocrx_word' id='word_1_252' title='bbox 1238 2797 1405 2884; x_wconf 83' lang='grc' dir='ltr'>τέτραφα·</span> <span class='ocrx_word' id='word_1_253' title='bbox 1429 2800 1565 2885; x_wconf 55' lang='lat' dir='ltr'>alitem</span> 
     </span>
     <span class='ocr_line' id='line_1_27' title="bbox 269 2900 1603 2987; baseline 0.001 -22"><span class='ocrx_word' id='word_1_254' title='bbox 269 2901 440 2985; x_wconf 67' lang='lat' dir='ltr'>ciriacam,</span> <span class='ocrx_word' id='word_1_255' title='bbox 468 2900 574 2967; x_wconf 81' lang='grc' dir='ltr'><strong><em>τάττω</em></strong></span> <span class='ocrx_word' id='word_1_256' title='bbox 599 2902 743 2987; x_wconf 80' lang='grc' dir='ltr'>τάττεις,</span> <span class='ocrx_word' id='word_1_257' title='bbox 770 2902 923 2987; x_wconf 78' lang='grc' dir='ltr'>αὲτιηγα</span> <span class='ocrx_word' id='word_1_258' title='bbox 949 2900 1080 2985; x_wconf 78' lang='grc' dir='ltr'>τέταγα.</span> <span class='ocrx_word' id='word_1_259' title='bbox 1125 2924 1180 2967; x_wconf 88' lang='lat' dir='ltr'>nec</span> <span class='ocrx_word' id='word_1_260' title='bbox 1208 2914 1237 2966; x_wconf 90' lang='lat' dir='ltr'>te</span> <span class='ocrx_word' id='word_1_261' title='bbox 1266 2914 1381 2969; x_wconf 85' lang='lat' dir='ltr'>moreat</span> <span class='ocrx_word' id='word_1_262' title='bbox 1410 2906 1505 2987; x_wconf 89' lang='lat' dir='ltr'>quod,</span> <span class='ocrx_word' id='word_1_263' title='bbox 1538 2910 1565 2967; x_wconf 86' lang='lat' dir='ltr'>si</span> <span class='ocrx_word' id='word_1_264' title='bbox 1578 2919 1603 2958; x_wconf 77' lang='lat'>²⁵</span> 
     </span>
     <span class='ocr_line' id='line_1_28' title="bbox 268 3004 1567 3089; baseline 0.002 -22"><span class='ocrx_word' id='word_1_265' title='bbox 268 3024 409 3085; x_wconf 89' lang='lat' dir='ltr'>graecum</span> <span class='ocrx_word' id='word_1_266' title='bbox 436 3006 560 3069; x_wconf 82' lang='lat' dir='ltr'>verbum</span> <span class='ocrx_word' id='word_1_267' title='bbox 587 3010 712 3087; x_wconf 88' lang='lat' dir='ltr'>incipiat</span> <span class='ocrx_word' id='word_1_268' title='bbox 738 3008 776 3069; x_wconf 89' lang='lat' dir='ltr'>ab</span> <span class='ocrx_word' id='word_1_269' title='bbox 804 3027 862 3070; x_wconf 90' lang='lat' dir='ltr'>uua</span> <span class='ocrx_word' id='word_1_270' title='bbox 891 3008 928 3069; x_wconf 90' lang='lat' dir='ltr'>de</span> <span class='ocrx_word' id='word_1_271' title='bbox 956 3008 1003 3069; x_wconf 89' lang='lat' dir='ltr'>his</span> <span class='ocrx_word' id='word_1_272' title='bbox 1031 3009 1139 3071; x_wconf 90' lang='lat' dir='ltr'>litteris</span> <span class='ocrx_word' id='word_1_273' title='bbox 1167 3026 1241 3087; x_wconf 89' lang='lat' dir='ltr'>quas</span> <span class='ocrx_word' id='word_1_274' title='bbox 1268 3004 1373 3071; x_wconf 76' lang='grc' dir='ltr'><em>δασέα</em></span> <span class='ocrx_word' id='word_1_275' title='bbox 1396 3006 1567 3089; x_wconf 77' lang='grc' dir='ltr'><em>σύμφωνα</em></span> 
     </span>
     <span class='ocr_line' id='line_1_29' title="bbox 269 3103 1568 3187; baseline 0.003 -20"><span class='ocrx_word' id='word_1_276' title='bbox 269 3116 390 3178; x_wconf 85' lang='lat' dir='ltr'>vocant,</span> <span class='ocrx_word' id='word_1_277' title='bbox 420 3126 488 3169; x_wconf 89' lang='lat' dir='ltr'>cum</span> <span class='ocrx_word' id='word_1_278' title='bbox 515 3108 552 3169; x_wconf 89' lang='lat' dir='ltr'>ad</span> <span class='ocrx_word' id='word_1_279' title='bbox 580 3111 810 3187; x_wconf 87' lang='lat' dir='ltr'>geminationem</span> <span class='ocrx_word' id='word_1_280' title='bbox 838 3112 971 3181; x_wconf 90' lang='lat' dir='ltr'>venitur,</span> <span class='ocrx_word' id='word_1_281' title='bbox 1001 3130 1059 3172; x_wconf 90' lang='lat' dir='ltr'>non</span> <span class='ocrx_word' id='word_1_282' title='bbox 1088 3104 1176 3171; x_wconf 77' lang='lat' dir='ltr'>deod</span> <span class='ocrx_word' id='word_1_283' title='bbox 1204 3110 1346 3180; x_wconf 85' lang='lat' dir='ltr'>iteratur,</span> <span class='ocrx_word' id='word_1_284' title='bbox 1384 3110 1437 3171; x_wconf 90' lang='lat' dir='ltr'>sed</span> <span class='ocrx_word' id='word_1_285' title='bbox 1469 3103 1568 3173; x_wconf 74' lang='lat' dir='ltr'>civri-</span> 
     </span>
     <span class='ocr_line' id='line_1_30' title="bbox 270 3206 1565 3293; baseline 0.001 -22"><span class='ocrx_word' id='word_1_286' title='bbox 270 3222 407 3288; x_wconf 82' lang='grc' dir='ltr'><strong>στοιχοα</strong></span> <span class='ocrx_word' id='word_1_287' title='bbox 429 3212 510 3280; x_wconf 89' lang='lat' dir='ltr'>eius,</span> <span class='ocrx_word' id='word_1_288' title='bbox 538 3211 660 3290; x_wconf 73' lang='lat' dir='ltr'>deponi</span> <span class='ocrx_word' id='word_1_289' title='bbox 681 3207 892 3293; x_wconf 76' lang='grc' dir='ltr'><em>τεθάρρηαα,</em></span> <span class='ocrx_word' id='word_1_290' title='bbox 920 3208 1057 3292; x_wconf 83' lang='grc' dir='ltr'><em>φονεύω</em></span> <span class='ocrx_word' id='word_1_291' title='bbox 1076 3206 1289 3292; x_wconf 81' lang='grc' dir='ltr'><em>πεφόνευκα,</em></span> <span class='ocrx_word' id='word_1_292' title='bbox 1317 3210 1401 3291; x_wconf 79' lang='grc' dir='ltr'><em>χρία</em></span> <span class='ocrx_word' id='word_1_293' title='bbox 1415 3209 1565 3292; x_wconf 60' lang='grc' dir='ltr'>κέκρικα.</span> 
     </span>
     <span class='ocr_line' id='line_1_31' title="bbox 269 3310 1568 3394; baseline 0.002 -22"><span class='ocrx_word' id='word_1_294' title='bbox 269 3314 300 3372; x_wconf 92' lang='lat' dir='ltr'>in</span> <span class='ocrx_word' id='word_1_295' title='bbox 323 3310 425 3373; x_wconf 89' lang='lat' dir='ltr'>latinis</span> <span class='ocrx_word' id='word_1_296' title='bbox 448 3332 517 3373; x_wconf 84' lang='lat' dir='ltr'>vero</span> <span class='ocrx_word' id='word_1_297' title='bbox 539 3314 643 3375; x_wconf 90' lang='lat' dir='ltr'>eadem</span> <span class='ocrx_word' id='word_1_298' title='bbox 665 3313 764 3373; x_wconf 93' lang='lat' dir='ltr'>littera</span> <span class='ocrx_word' id='word_1_299' title='bbox 785 3315 971 3391; x_wconf 89' lang='lat' dir='ltr'>geminatur,</span> <span class='ocrx_word' id='word_1_300' title='bbox 994 3312 1065 3375; x_wconf 90' lang='lat' dir='ltr'>lallo</span> <span class='ocrx_word' id='word_1_301' title='bbox 1087 3313 1190 3375; x_wconf 90' lang='lat' dir='ltr'>lelelli.</span> <span class='ocrx_word' id='word_1_302' title='bbox 1237 3313 1258 3375; x_wconf 84' lang='lat' dir='ltr'>F</span> <span class='ocrx_word' id='word_1_303' title='bbox 1281 3316 1361 3375; x_wconf 89' lang='lat' dir='ltr'>cuim</span> <span class='ocrx_word' id='word_1_304' title='bbox 1384 3314 1464 3394; x_wconf 88' lang='lat' dir='ltr'>apud</span> <span class='ocrx_word' id='word_1_305' title='bbox 1485 3314 1568 3377; x_wconf 83' lang='lat' dir='ltr'>Lau·-</span> 
     </span>
     <span class='ocr_line' id='line_1_32' title="bbox 269 3408 1605 3495; baseline 0 -20"><span class='ocrx_word' id='word_1_306' title='bbox 269 3433 324 3475; x_wconf 89' lang='lat' dir='ltr'>nos</span> <span class='ocrx_word' id='word_1_307' title='bbox 346 3408 437 3475; x_wconf 79' lang='grc' dir='ltr'><em>δασύ</em></span> <span class='ocrx_word' id='word_1_308' title='bbox 459 3434 519 3477; x_wconf 92' lang='lat' dir='ltr'>non</span> <span class='ocrx_word' id='word_1_309' title='bbox 542 3422 603 3484; x_wconf 87' lang='lat' dir='ltr'>cst,</span> <span class='ocrx_word' id='word_1_310' title='bbox 626 3418 697 3495; x_wconf 87' lang='lat' dir='ltr'>quia</span> <span class='ocrx_word' id='word_1_311' title='bbox 718 3433 778 3476; x_wconf 87' lang='lat' dir='ltr'>uon</span> <span class='ocrx_word' id='word_1_312' title='bbox 793 3414 906 3477; x_wconf 88' lang='lat' dir='ltr'>habent</span> <span class='ocrx_word' id='word_1_313' title='bbox 921 3423 1116 3478; x_wconf 84' lang='lat' dir='ltr'>consonantes</span> <span class='ocrx_word' id='word_1_314' title='bbox 1140 3411 1286 3494; x_wconf 78' lang='grc' dir='ltr'><em>δασείας,</em></span> <span class='ocrx_word' id='word_1_315' title='bbox 1309 3415 1378 3477; x_wconf 72' lang='lat' dir='ltr'>etl*</span> <span class='ocrx_word' id='word_1_316' title='bbox 1395 3416 1605 3493; x_wconf 72' lang='lat' dir='ltr'>digammons</span> 
     </span>
     <span class='ocr_line' id='line_1_33' title="bbox 270 3510 1569 3597; baseline 0.001 -21"><span class='ocrx_word' id='word_1_317' title='bbox 270 3524 315 3577; x_wconf 90' lang='lat' dir='ltr'>est</span> <span class='ocrx_word' id='word_1_318' title='bbox 337 3510 502 3586; x_wconf 76' lang='grc' dir='ltr'>Αἰολέων,</span> <span class='ocrx_word' id='word_1_319' title='bbox 525 3516 604 3596; x_wconf 82' lang='lat' dir='ltr'>quod</span> <span class='ocrx_word' id='word_1_320' title='bbox 633 3516 678 3577; x_wconf 87' lang='lat' dir='ltr'>illi</span> <span class='ocrx_word' id='word_1_321' title='bbox 701 3517 797 3577; x_wconf 91' lang='lat' dir='ltr'>solent</span> <span class='ocrx_word' id='word_1_322' title='bbox 820 3519 915 3595; x_wconf 88' lang='lat' dir='ltr'>magis</span> <span class='ocrx_word' id='word_1_323' title='bbox 945 3522 1048 3577; x_wconf 88' lang='lat' dir='ltr'>contra</span> <span class='ocrx_word' id='word_1_324' title='bbox 1072 3519 1133 3577; x_wconf 84' lang='lat' dir='ltr'>vim</span> <span class='ocrx_word' id='word_1_325' title='bbox 1160 3518 1354 3597; x_wconf 88' lang='lat' dir='ltr'>aspirationis</span> <span class='ocrx_word' id='word_1_326' title='bbox 1376 3516 1539 3577; x_wconf 87' lang='lat' dir='ltr'>adbibere:</span> <span class='ocrx_word' id='word_1_327' title='bbox 1565 3514 1569 3596; x_wconf 78' lang='lat' dir='ltr'>l</span> 
     </span>
     <span class='ocr_line' id='line_1_34' title="bbox 269 3616 1565 3706; baseline -0.002 -25"><span class='ocrx_word' id='word_1_328' title='bbox 269 3625 383 3683; x_wconf 89' lang='lat' dir='ltr'>tantum</span> <span class='ocrx_word' id='word_1_329' title='bbox 406 3616 491 3678; x_wconf 84' lang='lat' dir='ltr'>abest</span> <span class='ocrx_word' id='word_1_330' title='bbox 513 3624 545 3677; x_wconf 92' lang='lat' dir='ltr'>ut</span> <span class='ocrx_word' id='word_1_331' title='bbox 566 3636 620 3697; x_wconf 93' lang='lat' dir='ltr'>pro</span> <span class='ocrx_word' id='word_1_332' title='bbox 642 3638 668 3698; x_wconf 95' lang='grc' dir='ltr'><em>φ</em></span> <span class='ocrx_word' id='word_1_333' title='bbox 690 3618 863 3706; x_wconf 87' lang='lat' dir='ltr'>babendum</span> <span class='ocrx_word' id='word_1_334' title='bbox 882 3619 930 3679; x_wconf 86' lang='lat' dir='ltr'>sit.</span> <span class='ocrx_word' id='word_1_335' title='bbox 962 3619 1058 3697; x_wconf 91' lang='lat' dir='ltr'>ipsum</span> <span class='ocrx_word' id='word_1_336' title='bbox 1081 3626 1179 3679; x_wconf 88' lang='lat' dir='ltr'>autem</span> <span class='ocrx_word' id='word_1_337' title='bbox 1202 3638 1228 3697; x_wconf 90' lang='grc' dir='ltr'><em>φ</em></span> <span class='ocrx_word' id='word_1_338' title='bbox 1252 3618 1325 3679; x_wconf 89' lang='lat' dir='ltr'>adeo</span> <span class='ocrx_word' id='word_1_339' title='bbox 1348 3617 1482 3679; x_wconf 89' lang='lat' dir='ltr'>latinitas</span> <span class='ocrx_word' id='word_1_340' title='bbox 1504 3636 1565 3679; x_wconf 88' lang='lat' dir='ltr'>non</span> 
     </span>
     <span class='ocr_line' id='line_1_35' title="bbox 269 3718 1567 3801; baseline 0.002 -22"><span class='ocrx_word' id='word_1_341' title='bbox 269 3720 396 3798; x_wconf 87' lang='lat' dir='ltr'>recipit,</span> <span class='ocrx_word' id='word_1_342' title='bbox 420 3726 453 3779; x_wconf 91' lang='grc' dir='ltr'>ιιι</span> <span class='ocrx_word' id='word_1_343' title='bbox 476 3736 530 3798; x_wconf 91' lang='lat' dir='ltr'>pro</span> <span class='ocrx_word' id='word_1_344' title='bbox 552 3737 588 3778; x_wconf 92' lang='lat' dir='ltr'>eo</span> <span class='ocrx_word' id='word_1_345' title='bbox 610 3721 699 3781; x_wconf 90' lang='lat' dir='ltr'>etiam</span> <span class='ocrx_word' id='word_1_346' title='bbox 723 3723 754 3781; x_wconf 93' lang='lat' dir='ltr'>in</span> <span class='ocrx_word' id='word_1_347' title='bbox 781 3721 898 3799; x_wconf 88' lang='lat' dir='ltr'>graecis</span> <span class='ocrx_word' id='word_1_348' title='bbox 922 3718 1091 3781; x_wconf 89' lang='lat' dir='ltr'>nominibus</span> <span class='ocrx_word' id='word_1_349' title='bbox 1113 3739 1132 3799; x_wconf 96' lang='lat' dir='ltr'>p</span> <span class='ocrx_word' id='word_1_350' title='bbox 1155 3720 1225 3781; x_wconf 88' lang='lat' dir='ltr'>eth</span> <span class='ocrx_word' id='word_1_351' title='bbox 1249 3726 1364 3791; x_wconf 87' lang='lat' dir='ltr'>utatur,</span> <span class='ocrx_word' id='word_1_352' title='bbox 1396 3728 1429 3781; x_wconf 95' lang='lat' dir='ltr'>ut</span> <span class='ocrx_word' id='word_1_353' title='bbox 1451 3720 1567 3801; x_wconf 85' lang='lat' dir='ltr'>Philip·</span> 
     </span>
     <span class='ocr_line' id='line_1_36' title="bbox 268 3820 496 3901; baseline -0.004 -19"><span class='ocrx_word' id='word_1_354' title='bbox 268 3840 324 3901; x_wconf 95' lang='lat' dir='ltr'>pus</span> <span class='ocrx_word' id='word_1_355' title='bbox 346 3820 496 3881; x_wconf 85' lang='lat' dir='ltr'>Pbaerlou.</span> 
     </span>
    </p>

    <p class='ocr_par' dir='ltr' id='par_1_4' title="bbox 271 3922 1604 4307">
     <span class='ocr_line' id='line_1_37' title="bbox 356 3922 1604 4003; baseline -0.001 -19"><span class='ocrx_word' id='word_1_356' title='bbox 356 3922 466 4000; x_wconf 86' lang='lat' dir='ltr'>Frigeo</span> <span class='ocrx_word' id='word_1_357' title='bbox 494 3924 565 3984; x_wconf 80' lang='lat' dir='ltr'>lrixi</span> <span class='ocrx_word' id='word_1_358' title='bbox 593 3923 665 3983; x_wconf 85' lang='lat' dir='ltr'>lacit</span> <span class='ocrx_word' id='word_1_359' title='bbox 691 3942 707 3984; x_wconf 91' lang='lat' dir='ltr'>a</span> <span class='ocrx_word' id='word_1_360' title='bbox 735 3922 865 3984; x_wconf 87' lang='lat' dir='ltr'>secunda</span> <span class='ocrx_word' id='word_1_361' title='bbox 894 3923 1115 4001; x_wconf 89' lang='lat' dir='ltr'>coniugatione,</span> <span class='ocrx_word' id='word_1_362' title='bbox 1139 3925 1218 4003; x_wconf 89' lang='lat' dir='ltr'>lrigo</span> <span class='ocrx_word' id='word_1_363' title='bbox 1242 3942 1311 3985; x_wconf 79' lang='lat' dir='ltr'>vero</span> <span class='ocrx_word' id='word_1_364' title='bbox 1333 3925 1405 3985; x_wconf 80' lang='lat' dir='ltr'>lrixi</span> <span class='ocrx_word' id='word_1_365' title='bbox 1428 3942 1444 3983; x_wconf 93' lang='lat' dir='ltr'>a</span> <span class='ocrx_word' id='word_1_366' title='bbox 1466 3924 1565 3991; x_wconf 86' lang='lat' dir='ltr'>tertia,</span> <span class='ocrx_word' id='word_1_367' title='bbox 1579 3932 1604 3975; x_wconf 75' lang='lat'>⁸⁵</span> 
     </span>
     <span class='ocr_line' id='line_1_38' title="bbox 272 4024 1566 4093; baseline -0.001 -8"><span class='ocrx_word' id='word_1_368' title='bbox 272 4024 349 4085; x_wconf 79' lang='lat' dir='ltr'>unde</span> <span class='ocrx_word' id='word_1_369' title='bbox 377 4026 487 4085; x_wconf 74' lang='lat' dir='ltr'>irinum</span> <span class='ocrx_word' id='word_1_370' title='bbox 515 4026 687 4093; x_wconf 77' lang='lat' dir='ltr'>frixorium,</span> <span class='ocrx_word' id='word_1_371' title='bbox 715 4024 745 4083; x_wconf 94' lang='lat' dir='ltr'>id</span> <span class='ocrx_word' id='word_1_372' title='bbox 775 4032 821 4085; x_wconf 88' lang='lat' dir='ltr'>est</span> <span class='ocrx_word' id='word_1_373' title='bbox 846 4024 1078 4087; x_wconf 90' lang='lat' dir='ltr'>caleiactorium.</span> <span class='ocrx_word' id='word_1_374' title='bbox 1123 4024 1263 4087; x_wconf 89' lang='lat' dir='ltr'>similiter</span> <span class='ocrx_word' id='word_1_375' title='bbox 1291 4044 1363 4089; x_wconf 87' lang='lat' dir='ltr'>aceo</span> <span class='ocrx_word' id='word_1_376' title='bbox 1391 4042 1460 4085; x_wconf 90' lang='lat' dir='ltr'>aces</span> <span class='ocrx_word' id='word_1_377' title='bbox 1488 4024 1566 4093; x_wconf 75' lang='lat' dir='ltr'>aceri,</span> 
     </span>
     <span class='ocr_line' id='line_1_39' title="bbox 271 4126 1568 4199; baseline 0 -12"><span class='ocrx_word' id='word_1_378' title='bbox 271 4126 349 4187; x_wconf 88' lang='lat' dir='ltr'>uude</span> <span class='ocrx_word' id='word_1_379' title='bbox 378 4126 580 4187; x_wconf 85' lang='lat' dir='ltr'>inchoativum</span> <span class='ocrx_word' id='word_1_380' title='bbox 608 4144 727 4194; x_wconf 88' lang='lat' dir='ltr'>acesco,</span> <span class='ocrx_word' id='word_1_381' title='bbox 751 4133 781 4186; x_wconf 90' lang='lat' dir='ltr'>et</span> <span class='ocrx_word' id='word_1_382' title='bbox 803 4145 877 4187; x_wconf 90' lang='lat' dir='ltr'>acuo</span> <span class='ocrx_word' id='word_1_383' title='bbox 899 4130 982 4189; x_wconf 86' lang='lat' dir='ltr'>acuis</span> <span class='ocrx_word' id='word_1_384' title='bbox 1005 4130 1087 4199; x_wconf 88' lang='lat' dir='ltr'>acui;</span> <span class='ocrx_word' id='word_1_385' title='bbox 1110 4130 1176 4189; x_wconf 87' lang='lat' dir='ltr'>lero</span> <span class='ocrx_word' id='word_1_386' title='bbox 1198 4127 1252 4189; x_wconf 94' lang='lat' dir='ltr'>tuli</span> <span class='ocrx_word' id='word_1_387' title='bbox 1276 4136 1305 4189; x_wconf 90' lang='lat' dir='ltr'>et</span> <span class='ocrx_word' id='word_1_388' title='bbox 1329 4127 1400 4189; x_wconf 86' lang='lat' dir='ltr'>tollo</span> <span class='ocrx_word' id='word_1_389' title='bbox 1422 4126 1495 4195; x_wconf 87' lang='lat' dir='ltr'>tuli,</span> <span class='ocrx_word' id='word_1_390' title='bbox 1518 4144 1568 4187; x_wconf 89' lang='lat' dir='ltr'>su·</span> 
     </span>
     <span class='ocr_line' id='line_1_40' title="bbox 272 4226 1566 4307; baseline -0.001 -19"><span class='ocrx_word' id='word_1_391' title='bbox 272 4229 349 4289; x_wconf 90' lang='lat' dir='ltr'>stulo</span> <span class='ocrx_word' id='word_1_392' title='bbox 377 4228 483 4290; x_wconf 90' lang='lat' dir='ltr'>sustuli</span> <span class='ocrx_word' id='word_1_393' title='bbox 511 4228 610 4289; x_wconf 88' lang='lat' dir='ltr'>adtulo</span> <span class='ocrx_word' id='word_1_394' title='bbox 633 4227 741 4290; x_wconf 89' lang='lat' dir='ltr'>adtuli:</span> <span class='ocrx_word' id='word_1_395' title='bbox 769 4229 877 4289; x_wconf 77' lang='lat' dir='ltr'>Accius</span> <span class='ocrx_word' id='word_1_396' title='bbox 905 4246 975 4289; x_wconf 84' lang='lat' dir='ltr'>vero</span> <span class='ocrx_word' id='word_1_397' title='bbox 998 4231 1029 4289; x_wconf 93' lang='lat' dir='ltr'>in</span> <span class='ocrx_word' id='word_1_398' title='bbox 1052 4229 1238 4291; x_wconf 83' lang='lat' dir='ltr'>Andromeda</span> <span class='ocrx_word' id='word_1_399' title='bbox 1259 4230 1347 4291; x_wconf 88' lang='lat' dir='ltr'>etiam</span> <span class='ocrx_word' id='word_1_400' title='bbox 1370 4248 1406 4289; x_wconf 83' lang='lat' dir='ltr'>er</span> <span class='ocrx_word' id='word_1_401' title='bbox 1429 4226 1566 4307; x_wconf 89' lang='lat' dir='ltr'>eoquod</span> 
     </span>
    </p>
   </div>
   <div class='ocr_carea' id='block_1_3' title="bbox 272 4391 575 4399">
    <p class='ocr_par' dir='ltr' id='par_1_5' title="bbox 272 4391 575 4399">
     <span class='ocr_line' id='line_1_41' title="bbox 272 4391 575 4399; baseline -0.007 0"><span class='ocrx_word' id='word_1_402' title='bbox 272 4391 518 4399; x_wconf 65' lang='lat' dir='ltr'>..—--.-——-——--b</span> <span class='ocrx_word' id='word_1_403' title='bbox 548 4392 575 4398; x_wconf 81' lang='grc'>..-</span> 
     </span>
    </p>
   </div>
   <div class='ocr_carea' id='block_1_4' title="bbox 271 4472 1567 4827">
    <p class='ocr_par' dir='ltr' id='par_1_6' title="bbox 271 4472 1567 4827">
     <span class='ocr_line' id='line_1_42' title="bbox 344 4472 1500 4549; baseline -0.002 -16"><span class='ocrx_word' id='word_1_404' title='bbox 344 4482 375 4535; x_wconf 86' lang='grc'>13</span> <span class='ocrx_word' id='word_1_405' title='bbox 396 4472 490 4548; x_wconf 71' lang='grc' dir='ltr'><strong>ᾔδειν]</strong></span> <span class='ocrx_word' id='word_1_406' title='bbox 510 4480 600 4534; x_wconf 76' lang='lat' dir='ltr'>eadm</span> <span class='ocrx_word' id='word_1_407' title='bbox 619 4484 643 4532; x_wconf 92' lang='lat' dir='ltr'><em>P</em></span> <span class='ocrx_word' id='word_1_408' title='bbox 714 4485 746 4535; x_wconf 82' lang='lat'>17</span> <span class='ocrx_word' id='word_1_409' title='bbox 765 4492 871 4549; x_wconf 87' lang='lat' dir='ltr'>excepto</span> <span class='ocrx_word' id='word_1_410' title='bbox 890 4500 906 4549; x_wconf 90' lang='grc' dir='ltr'><em>ρ</em></span> <span class='ocrx_word' id='word_1_411' title='bbox 930 4485 1010 4535; x_wconf 84' lang='grc' dir='ltr'><strong>Ιαιιιιε</strong></span> <span class='ocrx_word' id='word_1_412' title='bbox 1028 4492 1135 4549; x_wconf 82' lang='lat' dir='ltr'>excepto</span> <span class='ocrx_word' id='word_1_413' title='bbox 1151 4500 1168 4548; x_wconf 83' lang='lat' dir='ltr'>y</span> <span class='ocrx_word' id='word_1_414' title='bbox 1185 4484 1210 4533; x_wconf 86' lang='lat' dir='ltr'><em>P</em></span> <span class='ocrx_word' id='word_1_415' title='bbox 1278 4484 1311 4536; x_wconf 84' lang='lat' dir='ltr'>tu</span> <span class='ocrx_word' id='word_1_416' title='bbox 1330 4480 1454 4548; x_wconf 70' lang='grc' dir='ltr'>ττραμιζω</span> <span class='ocrx_word' id='word_1_417' title='bbox 1474 4482 1500 4531; x_wconf 88' lang='lat' dir='ltr'><em>P</em></span> 
     </span>
     <span class='ocr_line' id='line_1_43' title="bbox 271 4550 1567 4621; baseline -0.002 -18"><span class='ocrx_word' id='word_1_418' title='bbox 271 4554 306 4603; x_wconf 77' lang='lat'>2¹0</span> <span class='ocrx_word' id='word_1_419' title='bbox 323 4567 480 4617; x_wconf 75' lang='grc' dir='ltr'>τααγραφα</span> <span class='ocrx_word' id='word_1_420' title='bbox 494 4566 680 4618; x_wconf 81' lang='grc' dir='ltr'><em>τανγεγραφα</em></span> <span class='ocrx_word' id='word_1_421' title='bbox 698 4554 723 4603; x_wconf 84' lang='grc' dir='ltr'><em>Ρ</em></span> <span class='ocrx_word' id='word_1_422' title='bbox 790 4555 824 4603; x_wconf 74' lang='lat'>‘22</span> <span class='ocrx_word' id='word_1_423' title='bbox 845 4551 996 4621; x_wconf 75' lang='grc' dir='ltr'>τεθρρηαα</span> <span class='ocrx_word' id='word_1_424' title='bbox 1012 4553 1035 4601; x_wconf 87' lang='grc' dir='ltr'><em>Ρ</em></span> <span class='ocrx_word' id='word_1_425' title='bbox 1102 4552 1136 4603; x_wconf 83' lang='grc'>23</span> <span class='ocrx_word' id='word_1_426' title='bbox 1154 4568 1259 4619; x_wconf 65' lang='lat' dir='ltr'>respa«</span> <span class='ocrx_word' id='word_1_427' title='bbox 1272 4567 1420 4617; x_wconf 78' lang='grc' dir='ltr'><strong>ιιειιαρτγιια</strong></span> <span class='ocrx_word' id='word_1_428' title='bbox 1438 4553 1463 4601; x_wconf 84' lang='grc' dir='ltr'><em>Ρ</em></span> <span class='ocrx_word' id='word_1_429' title='bbox 1532 4550 1567 4601; x_wconf 73' lang='grc'>28</span> 
     </span>
     <span class='ocr_line' id='line_1_44' title="bbox 272 4620 1567 4689; baseline -0.003 -16"><span class='ocrx_word' id='word_1_430' title='bbox 272 4637 381 4686; x_wconf 80' lang='grc' dir='ltr'><strong>φονεια</strong></span> <span class='ocrx_word' id='word_1_431' title='bbox 399 4622 424 4669; x_wconf 89' lang='grc' dir='ltr'><em>Ρ</em></span> <span class='ocrx_word' id='word_1_432' title='bbox 476 4620 510 4673; x_wconf 78' lang='grc'>33</span> <span class='ocrx_word' id='word_1_433' title='bbox 529 4636 575 4686; x_wconf 92' lang='lat' dir='ltr'>pro</span> <span class='ocrx_word' id='word_1_434' title='bbox 593 4638 624 4671; x_wconf 89' lang='lat' dir='ltr'>en</span> <span class='ocrx_word' id='word_1_435' title='bbox 642 4622 668 4671; x_wconf 87' lang='lat' dir='ltr'><em>P</em></span> <span class='ocrx_word' id='word_1_436' title='bbox 716 4622 751 4672; x_wconf 81' lang='lat'>³7</span> <span class='ocrx_word' id='word_1_437' title='bbox 769 4621 836 4689; x_wconf 79' lang='lat' dir='ltr'>aeui]</span> <span class='ocrx_word' id='word_1_438' title='bbox 854 4624 923 4673; x_wconf 87' lang='lat' dir='ltr'>acuit</span> <span class='ocrx_word' id='word_1_439' title='bbox 937 4624 962 4673; x_wconf 85' lang='lat' dir='ltr'><em>P</em></span> <span class='ocrx_word' id='word_1_440' title='bbox 1013 4621 1110 4672; x_wconf 82' lang='lat' dir='ltr'>sustulo</span> <span class='ocrx_word' id='word_1_441' title='bbox 1129 4620 1221 4671; x_wconf 84' lang='lat' dir='ltr'>sustuli</span> <span class='ocrx_word' id='word_1_442' title='bbox 1240 4621 1325 4671; x_wconf 81' lang='lat' dir='ltr'>adtulo</span> <span class='ocrx_word' id='word_1_443' title='bbox 1343 4620 1431 4681; x_wconf 79' lang='lat' dir='ltr'>adtuli,</span> <span class='ocrx_word' id='word_1_444' title='bbox 1453 4620 1567 4687; x_wconf 74' lang='lat' dir='ltr'>equibus</span> 
     </span>
     <span class='ocr_line' id='line_1_45' title="bbox 272 4690 1566 4751; baseline -0.001 -11"><span class='ocrx_word' id='word_1_445' title='bbox 272 4690 371 4740; x_wconf 82' lang='lat' dir='ltr'>sustulo</span> <span class='ocrx_word' id='word_1_446' title='bbox 387 4698 412 4741; x_wconf 83' lang='lat' dir='ltr'>et</span> <span class='ocrx_word' id='word_1_447' title='bbox 428 4690 515 4741; x_wconf 88' lang='lat' dir='ltr'>adtulo</span> <span class='ocrx_word' id='word_1_448' title='bbox 534 4694 571 4741; x_wconf 78' lang='lat' dir='ltr'>‘ut</span> <span class='ocrx_word' id='word_1_449' title='bbox 587 4706 637 4742; x_wconf 82' lang='lat' dir='ltr'>noo</span> <span class='ocrx_word' id='word_1_450' title='bbox 650 4694 820 4744; x_wconf 79' lang='grc' dir='ltr'><strong>ωααειιιεαιια</strong></span> <span class='ocrx_word' id='word_1_451' title='bbox 841 4692 1054 4745; x_wconf 77' lang='grc' dir='ltr'><strong>ααιεεειιτιιιιὸιιε’</strong></span> <span class='ocrx_word' id='word_1_452' title='bbox 1073 4694 1144 4741; x_wconf 80' lang='lat' dir='ltr'>uncis</span> <span class='ocrx_word' id='word_1_453' title='bbox 1161 4693 1259 4743; x_wconf 77' lang='lat' dir='ltr'>inclusit</span> <span class='ocrx_word' id='word_1_454' title='bbox 1273 4692 1362 4751; x_wconf 71' lang='lat' dir='ltr'>Iasae,</span> <span class='ocrx_word' id='word_1_455' title='bbox 1383 4706 1432 4740; x_wconf 76' lang='lat' dir='ltr'>m</span> <span class='ocrx_word' id='word_1_456' title='bbox 1449 4698 1518 4743; x_wconf 70' lang='lat' dir='ltr'>mle</span> <span class='ocrx_word' id='word_1_457' title='bbox 1533 4690 1566 4739; x_wconf 78' lang='lat' dir='ltr'>ed</span> 
     </span>
     <span class='ocr_line' id='line_1_46' title="bbox 273 4760 1565 4827; baseline -0.001 -17"><span class='ocrx_word' id='word_1_458' title='bbox 273 4768 424 4824; x_wconf 82' lang='lat' dir='ltr'>excerptore</span> <span class='ocrx_word' id='word_1_459' title='bbox 443 4764 528 4811; x_wconf 84' lang='lat' dir='ltr'>relata</span> <span class='ocrx_word' id='word_1_460' title='bbox 550 4776 606 4813; x_wconf 83' lang='lat' dir='ltr'>esse</span> <span class='ocrx_word' id='word_1_461' title='bbox 627 4762 751 4813; x_wconf 82' lang='lat' dir='ltr'>uidentur.</span> <span class='ocrx_word' id='word_1_462' title='bbox 777 4764 893 4827; x_wconf 74' lang='lat' dir='ltr'>sortasse</span> <span class='ocrx_word' id='word_1_463' title='bbox 911 4762 965 4813; x_wconf 85' lang='lat' dir='ltr'>iero</span> <span class='ocrx_word' id='word_1_464' title='bbox 984 4762 1029 4813; x_wconf 88' lang='lat' dir='ltr'>tuli</span> <span class='ocrx_word' id='word_1_465' title='bbox 1047 4770 1072 4812; x_wconf 87' lang='grc' dir='ltr'>ει</span> <span class='ocrx_word' id='word_1_466' title='bbox 1090 4762 1151 4812; x_wconf 91' lang='lat' dir='ltr'>tollo</span> <span class='ocrx_word' id='word_1_467' title='bbox 1170 4762 1224 4826; x_wconf 85' lang='lat' dir='ltr'>tuli,</span> <span class='ocrx_word' id='word_1_468' title='bbox 1243 4762 1339 4813; x_wconf 84' lang='lat' dir='ltr'>sollero</span> <span class='ocrx_word' id='word_1_469' title='bbox 1356 4760 1448 4811; x_wconf 83' lang='lat' dir='ltr'>sustuli</span> <span class='ocrx_word' id='word_1_470' title='bbox 1465 4770 1491 4811; x_wconf 85' lang='lat' dir='ltr'>et</span> <span class='ocrx_word' id='word_1_471' title='bbox 1508 4774 1565 4809; x_wconf 78' lang='lat' dir='ltr'>sua-</span> 
     </span>
    </p>
   </div>
   <div class='ocr_carea' id='block_1_5' title="bbox 0 0 1777 5600">
    <p class='ocr_par' dir='ltr' id='par_1_7' title="bbox 0 0 1777 5600">
     <span class='ocr_line' id='line_1_47' title="bbox 0 0 1777 5600; baseline 0 0"><span class='ocrx_word' id='word_1_472' title='bbox 0 0 1777 5600; x_wconf 95' lang='lat' dir='ltr'> </span> 
     </span>
    </p>
   </div>
  </div>
 </body>
</html>
