3525 5600
729 389 801 454 atis
1370 385 1411 454 27

1222 509 1243 556 p.
1257 499 1313 542 aaut.
1326 500 1352 541 88
1364 497 1387 540 P.

130 578 269 649 Euandri,
291 579 417 650 iurauit,
440 586 472 640 ut
493 577 543 640 alii
564 579 680 650 dicunt,
703 579 877 642 Mercurius.
898 613 934 626 -
951 579 1180 642 consonantium
1203 579 1279 641 duae
1300 581 1531 660 speciesaet,10

130 689 205 752 nant,
235 683 304 760 quia
334 699 369 742 ex
398 684 468 762 ipsis
493 681 684 744 semivocales
712 683 785 744 fiunt
812 689 842 743 et
862 689 977 744 mulae:
1007 681 1212 754 semivocales,
1236 684 1302 762 qnia
1325 683 1414 744 semis

131 802 229 845 sonum
258 785 339 844 vocis
365 785 495 862 inplent:
524 792 624 845 mutae
646 803 716 846 vero
738 793 942 854 consonant,
974 786 1029 847 nisi
1052 805 1067 846 a
1092 784 1185 846 vce-ali
1206 785 1341 864 spiritum
1364 802 1412 844 ac·

131 887 269 966 ceperint.
300 919 336 930 -·
368 886 499 946 llarum
527 885 633 956 duae,
665 888 675 946 i
704 895 737 946 el
765 906 800 955 u,
833 895 1034 949 transeunt
1065 889 1102 948 in
1131 887 1413 948 consonantium
1428 897 1458 946 12

110 996 363 1068 spotestatem:
395 987 408 1069 l!
432 987 551 1066 quando
578 1006 633 1068 pro
661 989 890 1050 consonantibus
918 997 1070 1070 ponuntur
1093 997 1122 1050 et
1151 991 1251 1051 iuvant
1272 989 1411 1049 vocalem.

131 1125 164 1135 -
186 1090 262 1150 llae
290 1092 401 1152 etiam
428 1089 572 1151 mediae
599 1090 792 1160 dicuntur,
823 1094 906 1173 qnia
935 1091 1153 1172 quibusdam
1181 1088 1460 1152 dictionibus14

130 1211 340 1272 expressum
367 1211 495 1253 sonum
522 1211 595 1252 non
624 1191 772 1254 babent:
796 1193 924 1264 mediae,
949 1196 1015 1272 quia
1038 1195 1084 1254 vel
1106 1196 1186 1273 ipsae
1209 1211 1264 1272 pro
1286 1211 1318 1252 se
1340 1193 1414 1252 invi-

130 1313 188 1356 cem
210 1302 374 1374 ponuntur,
396 1294 442 1354 vel
458 1295 527 1372 qnia
549 1312 722 1374 expressum
744 1313 850 1358 sonum
872 1313 933 1357 non
956 1295 1066 1357 babent
1087 1299 1118 1357 in
1141 1295 1288 1376 aliquibus
1310 1293 1413 1354 dictio·

131 1397 227 1465 nibus,
257 1406 290 1458 ut
316 1414 454 1458 maxume
481 1415 535 1476 pro
562 1399 698 1458 maxime.
730 1395 781 1482 [—
811 1397 952 1460 Mediae
980 1398 1173 1460 dicuntur:
1204 1377 1414 1458 mediae'idcn

100 1499 279 1569 edicuntur,
303 1500 371 1577 quia
393 1508 424 1560 et
443 1498 559 1561 vocales
580 1508 650 1561 sunt
672 1507 703 1560 et
723 1508 920 1562 consonantes
943 1507 973 1560 et
993 1501 1024 1561 in
1047 1499 1223 1578 quibusdam
1247 1497 1435 1560 nominibus·

134 1603 137 1680 f
159 1620 216 1662 non
240 1609 355 1662 certum
378 1603 548 1681 exprimunt
567 1620 682 1672 sonum,
705 1603 724 1673 i,
746 1609 780 1662 ut
794 1603 847 1673 vir,
870 1602 959 1664 modo
981 1603 992 1663 i
1014 1603 1207 1682 opprimitnr3
1231 1620 1259 1671 u,
1282 1607 1315 1662 ut
1329 1609 1415 1680 optu-

131 1722 207 1773 mus,
236 1703 326 1766 modo
353 1723 373 1764 u
400 1695 499 1784 perdit
525 1722 638 1765 sonum.
671 1737 705 1748 -
736 1705 808 1766 let
829 1723 864 1765 n:
893 1704 930 1765 de
957 1705 1004 1766 bis
1034 1702 1149 1766 duabus
1171 1701 1322 1771 vocalibus
1343 1701 1462 1764 haecta

132 1807 202 1866 ratio
224 1814 284 1866 est:
312 1808 323 1866 i
350 1816 380 1867 et
405 1809 468 1885 ipsa
497 1797 605 1868 'vocalis
633 1814 680 1868 est
706 1814 824 1887 etpost
847 1805 977 1868 vocalem
1001 1807 1088 1868 etiam
1111 1807 1206 1885 posita
1229 1823 1246 1862 v
1272 1824 1339 1866 cum
1362 1803 1417 1864 alia

133 1917 312 1969 consonante
334 1910 466 1988 ponitur,
490 1927 548 1970 non
571 1927 627 1987 pro
649 1907 773 1978 duabus,
797 1912 874 1970 sicut
894 1906 928 1991 i]
945 1943 982 1952 -
1008 1908 1198 1970 interdum
1221 1925 1286 1968 nec
1309 1924 1416 1966 voca·
1432 1913 1489 1992 tu·

101 2009 176 2070 aslis
196 2029 263 2072 nec
285 2029 494 2072 consonans
515 2010 690 2072 babetur:
714 2012 757 2072 sic
772 2013 911 2089 quoniam
928 2030 996 2073 curn
1011 2010 1166 2072 scribimus
1182 2027 1215 2089 q,
1239 2025 1298 2070 non
1321 2013 1421 2088 polest

133 2114 185 2172 nisi
206 2131 225 2172 ιι
247 2114 345 2192 sequi,
374 2131 409 2172 ac
435 2131 490 2192 per
518 2113 575 2191 boc
602 2112 691 2174 modo
720 2112 829 2174 vocalis
857 2113 986 2192 perdidit
1008 2113 1038 2174 in
1061 2118 1158 2174 metro
1180 2113 1237 2172 vim
1260 2129 1353 2172 suam.
1382 2141 1415 2152 —-

132 2214 171 2274 llt
190 2212 352 2293 aliquam
368 2215 529 2275 vocalem
552 2214 821 2285 constituitur,
838 2227 875 2276 nt
897 2216 1069 2296 quoniam
1092 2212 1255 2292 quidem:
1279 2213 1462 2292 quoniamtt

133 2325 179 2375 ant
206 2333 247 2395 qu
278 2323 364 2376 sonat
396 2323 446 2376 aut
473 2336 505 2387 u,
532 2319 652 2393 qttidma
680 2323 731 2378 aut
756 2337 795 2398 qu
824 2324 874 2379 aul
901 2319 919 2376 i.
947 2351 981 2362 —-
1009 2315 1043 2396 [u
1065 2312 1192 2395 scilicet]
1215 2315 1310 2376 Huic
1330 2315 1465 2374 itemts

132 2417 337 2496 digammon
360 2416 527 2479 adscribi
549 2419 661 2480 solet:
685 2417 735 2480 alii
756 2421 799 2480 sic
820 2419 923 2480 volunt
938 2438 1002 2480 csse
1018 2417 1196 2496 digammon,
1219 2417 1249 2476 in
1273 2416 1420 2492 geminata

101 2535 150 2580 un
171 2537 304 2597 gammae
326 2519 404 2581 duae
425 2539 551 2600 graecae
578 2520 695 2582 litterae
716 2529 867 2602 ponuntur
882 2519 939 2582 hoc
961 2521 1063 2592 modo,
1088 2527 1117 2582 ut
1134 2537 1194 2582 non
1209 2517 1420 2596 intellegantur

133 2630 283 2700 separatae
309 2622 363 2683 sed
390 2624 522 2690 iunctae,
550 2641 589 2683 ne
615 2621 721 2702 uulgus
748 2623 893 2684 dicamus:
925 2627 930 2698 Ι
960 2623 1017 2684 boc
1045 2621 1082 2683 ab
1110 2619 1236 2684 Aeolicis
1263 2619 1416 2699 processit.

135 2757 168 2767 —
191 2720 277 2784 llam
298 2725 310 2784 i
332 2723 500 2785 litteram
522 2727 707 2804 geminari
728 2727 764 2786 in
787 2745 859 2787 una
882 2724 1026 2807 syllaba
1050 2743 1158 2805 posse
1180 2721 1333 2803 plurimi
1357 2731 1466 2782 ιιι-19

132 2835 233 2905 gant:
261 2825 377 2887 nullum
406 2829 484 2889 enim
513 2846 624 2889 nomen
651 2829 777 2891 inveniri
805 2836 917 2909 potest,
945 2828 1023 2907 quod
1051 2829 1080 2889 in
1106 2846 1163 2889 nna
1185 2824 1294 2905 syllaba
1318 2824 1421 2885 duasi

132 2927 246 2989 babeat.
272 2962 308 2972 -
334 2928 489 2989 Latinae
510 2928 672 2991 vocales:
706 2932 773 3010 quia
797 2930 958 2992 dichronae
980 2935 1064 2997 sunit
1088 2927 1193 2991 breves
1215 2944 1290 3007 quae
1312 2926 1468 2987 luerintuu

101 3029 245 3120 asingnla
273 3038 408 3110 tempora
435 3029 562 3100 babent,
589 3030 694 3111 longae
717 3030 795 3093 bina.
827 3066 862 3076 -
895 3034 1012 3111 Atque
1035 3030 1093 3091 bis
1115 3030 1208 3091 solis
1231 3028 1466 3113 adspirariat

135 3132 279 3209 qnidam
307 3134 541 3194 existimant:
571 3132 780 3213 adspirationis
807 3140 908 3195 notam
937 3137 1089 3215 accipere,
1118 3131 1147 3193 id
1177 3131 1276 3202 esth,
1301 3136 1423 3211 utpost

135 3234 360 3314 adspirationem
386 3237 485 3297 statim
512 3236 622 3299 vocalis
648 3244 798 3315 sequatur.
830 3271 864 3281 -
899 3236 996 3307 Quae
1018 3254 1084 3318 per
1105 3254 1142 3297 se
1164 3232 1311 3315 quidem
1332 3250 1422 3313 pro-

135 3335 324 3398 iernutur:
354 3335 459 3399 falsum
482 3345 534 3397 est
578 3338 731 3417 protertur
752 3345 849 3399 autem
871 3358 964 3399 sonus
991 3357 1007 3400 a
1036 3336 1187 3399 vocalibus
1214 3342 1244 3397 et
1270 3336 1370 3397 linitur
1386 3335 1422 3395 ,in

135 3437 310 3507 naturalem,
338 3438 369 3499 id
397 3440 498 3499 estin
525 3440 682 3519 proprium
709 3458 824 3501 sonum.
857 3476 893 3485 -
922 3440 972 3502 Ex
1002 3440 1059 3503 bis
1088 3459 1156 3501 nna
1184 3436 1321 3518 duplet
1352 3443 1522 3513 saltabat

104 3538 201 3599 acideo
228 3538 339 3621 duplex
366 3540 489 3610 dicitur,
519 3543 588 3619 quia
615 3550 683 3622 post
709 3542 839 3605 vocalem
862 3544 955 3622 posita
978 3561 1034 3623 pro
1056 3540 1169 3603 duabus
1191 3537 1424 3605 consonantibus
1534 3538 1536 3543 ’
1573 3564 1577 3574 ·

137 3640 210 3701 valet
238 3650 268 3702 et
292 3643 440 3721 positione
469 3661 533 3705 eam
562 3644 679 3723 longam
707 3643 786 3705 lacit.
830 3663 850 3704 ι
877 3646 908 3705 in
937 3646 1051 3723 graecis
1078 3642 1203 3723 simplex
1239 3650 1282 3705 est
1313 3641 1422 3709 littera,

136 3743 248 3805 Xerxes
268 3744 411 3806 Xanthus.
438 3778 474 3789 -
500 3744 641 3824 Liquidae
662 3745 730 3807 ideo
752 3746 862 3816 dictae,
886 3747 955 3827 quia
977 3746 1144 3825 liquescunt
1164 3746 1195 3805 in
1218 3752 1313 3805 vuctro
1340 3742 1345 3824 Ι
1371 3741 1422 3802 ali·

137 3848 270 3922 quotiens
292 3855 322 3907 et
344 3854 479 3926 pereunt.
510 3866 578 3907 nam
602 3846 798 3929 [quodenset
818 3846 960 3927 percunt]
978 3850 1114 3926 quotiens
1129 3864 1195 3908 cum
1211 3853 1292 3906 muta
1307 3846 1423 3906 iunctae

137 3948 259 4017 luerint,
281 3953 349 4029 post
371 3972 390 4009 s
419 3948 549 4011 vocalem
577 3948 695 4029 longam
722 3951 835 4012 iaciunt
857 3959 887 4012 et
909 3948 1029 4021 urbem,
1059 3957 1092 4013 nt
1114 3948 1228 4018 auida,
1252 3966 1269 4009 a
1291 3965 1423 4009 commu·

202 4152 264 4206 Cod.
283 4153 363 4203 Bem.
382 4155 419 4203 tv
436 4150 539 4207 6-st
609 4154 627 4205 b
652 4162 803 4219 potestatem
827 4156 887 4219 quia
909 4154 1061 4219 quibusdem
1084 4154 1235 4204 dictionibus
1259 4166 1423 4219 expraessnm

138 4236 225 4271 tonum
247 4238 295 4273 non
320 4223 413 4273 babent
436 4224 539 4283 quando
560 4239 607 4290 pro
626 4226 824 4276 consonantibus
848 4236 976 4292 ponuntur
995 4234 1019 4275 et
1036 4226 1125 4275 iuuant
1148 4223 1261 4273 uocalem
1279 4222 1327 4271 bae
1350 4222 1424 4273 etiam

138 4292 235 4342 mediae
249 4294 366 4343 dicuntur
383 4294 482 4343 mediae
502 4294 562 4357 quia
578 4294 619 4345 uel
705 4294 785 4358 liqui
803 4310 972 4361 expraessum
1062 4296 1091 4346 ll
1119 4294 1253 4360 oprimitur
1275 4308 1290 4342 a
1311 4304 1338 4341 ut

141 4364 169 4412 14
186 4365 334 4413 consonanti
406 4364 438 4413 la
457 4363 565 4414 babetur
581 4364 625 4415 bic
642 4364 760 4428 qnoniam
773 4381 830 4415 cum
850 4366 987 4415 scribimus
1001 4381 1065 4429 quae
1082 4380 1130 4415 non
1150 4367 1232 4430 potest
1251 4362 1299 4412 nisi
1312 4371 1339 4409 nt
1352 4363 1424 4423 sequi

204 4432 365 4496 libantque
388 4444 520 4486 sonataut
538 4452 553 4486 o
571 4444 614 4485 ant
635 4452 685 4499 que
707 4437 782 4485 auti
852 4435 886 4485 ’20
906 4437 992 4502 graeci
1064 4437 1095 4486 tt
1117 4434 1164 4484 boc
1182 4431 1321 4482 babeollcls
1392 4434 1426 4485 24

140 4502 241 4555 diotone
308 4506 343 4553 25
361 4503 456 4571 longae
524 4506 607 4569 adque
676 4504 712 4557 23
728 4505 909 4573 abspirationis
980 4502 1046 4570 post]
1066 4520 1112 4570 pro
1181 4505 1356 4566 assequutus

140 4573 170 4623 23
185 4575 212 4622 iu
230 4574 339 4624 naturali
409 4572 442 4625 31
458 4576 611 4641 positionem
628 4590 684 4625 eam
753 4576 788 4627 3²
805 4591 895 4625 xerses
964 4574 998 4629 33
1016 4591 1074 4625 cnm
1088 4575 1166 4624 multa
1181 4588 1248 4625 corr.
1267 4588 1323 4623 cum
1340 4582 1409 4625 muta

206 4746 438 4813 talecunque
456 4764 473 4797 u
486 4750 589 4799 litterae
606 4748 719 4813 definitio
731 4749 827 4799 excidit
844 4749 953 4798 indicam
1021 4746 1055 4798 33
1073 4754 1130 4797 uam
1151 4745 1224 4796 toties
1242 4755 1350 4811 pereunt
1364 4748 1424 4796 Put-
1500 4788 1503 4795 .

142 4815 226 4866 aalma
247 4817 278 4867 de
295 4818 396 4882 liquidis
413 4816 460 4867 boc
473 4818 572 4868 ridetur
580 4822 744 4883 praecepisse
754 4821 940 4883 praaunalicas,
957 4819 1111 4881 postpositas
1121 4818 1194 4867 ruatis
1206 4818 1315 4868 vocalem
1329 4817 1426 4882 leupone

141 4884 235 4947 sacae,
246 4895 272 4936 nt
282 4888 379 4947 urbem,
390 4888 548 4954 antepositas
558 4904 702 4939 mariannem
711 4889 833 4953 syllabam
842 4890 941 4951 facere,
952 4896 979 4938 att
988 4886 1086 4942 Atrida.
1096 4902 1177 4953 quare
1186 4888 1300 4937 hennam
1309 4886 1425 4937 indicaui.
