3525 5600
711 418 907 482 excestre
1394 415 1457 481 315

172 608 258 674 euius
281 607 334 673 bis
355 607 445 672 facta
467 617 517 672 est
538 607 676 688 mentio,
698 606 732 670 in
754 611 898 670 tractatu
920 602 961 669 de
981 604 1129 684 nomine,
1147 614 1223 684 praa
1245 611 1273 668 si
1292 611 1457 683 interranea

172 731 213 776 me
232 716 334 776 ‘esdras
355 709 486 790 eqeus?’
508 711 674 789 respondeo
695 712 747 772 sict
765 728 821 788 per
841 713 1008 786 crastiuum
1028 727 1131 771 cusum
1152 711 1253 770 domni
1265 710 1385 786 Eroiuii
1403 729 1457 771 re-

169 820 224 892 pis,
246 822 283 877 et
305 813 346 878 dc
367 812 573 898 pronomine,
596 817 664 876 item
686 831 782 890 quare
803 813 914 875 dicitur
932 815 1031 874 miuus
1050 829 1141 888 quem
1159 810 1298 885 finitum?
1315 831 1358 877 eu
1378 815 1459 889 quood

171 921 204 979 de
222 921 343 994 coemto
368 924 399 979 et
417 919 538 984 absente
562 933 692 992 persono
713 919 834 991 locum,
856 923 890 976 ut
905 923 983 992 puta
1004 916 1080 976 ‘ser's
1100 916 1238 976 domnum
1261 913 1456 991 nquemr’

171 1023 249 1098 ‘ipse
269 1029 315 1082 est
331 1024 475 1098 princeps
496 1019 692 1096 Hr'spcoiac'.
729 1017 758 1080 is
780 1014 867 1080 enim
890 1015 933 1080 ab
954 1034 1040 1078 anno
1062 1013 1126 1078 680
1145 1036 1250 1100 usque
1271 1014 1314 1078 ad
1336 1037 1456 1080 annum

169 1119 225 1184 687
246 1141 386 1204 regnum
408 1117 591 1184 Gothorum
613 1117 794 1182 obtinebat.
836 1117 871 1180 in
893 1125 964 1180 arte
984 1116 1157 1181 tractanda
1178 1126 1287 1182 autem
1309 1115 1456 1182 Iulianus

169 1222 212 1287 ita
232 1232 365 1287 secutus
388 1230 439 1286 est
454 1221 638 1301 Donatum,
660 1227 698 1284 ut
714 1218 844 1304 integra
858 1218 927 1284 eius
943 1217 1047 1283 verba
1061 1227 1224 1305 repeteret
1243 1217 1348 1305 iisque
1363 1241 1457 1284 suam

168 1323 409 1389 adnotationem
430 1323 660 1410 interponeret.
704 1329 738 1386 et
759 1321 794 1385 in
812 1343 852 1385 ea
873 1320 1007 1406 quidem
1028 1329 1122 1406 parte
1143 1343 1227 1408 quae
1249 1331 1300 1386 est
1321 1320 1363 1386 de
1384 1330 1457 1387 octo

168 1425 315 1513 partibus
336 1424 492 1490 orationis
509 1425 619 1491 omnia
637 1433 769 1510 praeter
783 1421 1019 1488 declinationes
1040 1423 1207 1488 nominum
1229 1435 1262 1490 et
1283 1424 1458 1490 verborum

168 1530 212 1592 sic
232 1536 272 1592 ut
294 1528 328 1592 in
354 1526 480 1592 minore
502 1535 571 1591 arte
594 1525 717 1612 scripta
739 1535 833 1590 erant
859 1525 1000 1612 repetita
1021 1534 1054 1590 et
1077 1526 1226 1592 subiecta
1247 1526 1458 1592 adnotatione

167 1629 330 1695 illustrata
357 1637 442 1694 sunt.
488 1627 617 1711 lougius
645 1628 818 1694 aDonato
846 1626 972 1692 recedit
998 1628 1141 1695 secunda
1169 1649 1245 1714 pars
1274 1627 1316 1692 de
1336 1626 1457 1693 litteris

167 1741 197 1796 et
222 1730 358 1818 reliquis
385 1731 466 1796 artis
494 1731 728 1815 grammaticae
757 1727 942 1810 elementis,
969 1729 1004 1794 in
1032 1751 1098 1816 qua
1118 1751 1185 1796 non
1206 1728 1313 1794 solum
1333 1731 1458 1796 Donati
1518 1754 1521 1765 ·

167 1833 266 1900 verba
294 1832 484 1920 plerumque
503 1831 540 1906 iu
561 1831 826 1929 interrogationis
849 1843 881 1896 et
903 1830 1125 1917 responsionis
1153 1830 1293 1896 formam
1314 1831 1457 1912 redacta,

167 1935 221 2001 sed
242 1935 340 2022 plura
361 1934 460 2000 etiam
482 1955 579 2021 quam
601 1934 634 1998 in
657 1931 790 2021 reliquis
813 1933 963 2019 partibus
985 1931 1119 1998 aliunde
1140 1933 1253 2000 addita
1275 1942 1360 1999 sunt.
1383 1957 1459 1999 nam

166 2047 238 2123 post
264 2036 532 2102 commentarium
560 2035 600 2100 de
629 2035 766 2122 syllabis
795 2034 943 2102 adiectus
971 2044 1022 2100 est
1050 2044 1208 2100 umatus
1236 2036 1277 2100 de
1304 2035 1458 2102 finalibus

166 2137 317 2226 syllabis,
345 2139 380 2203 in
408 2161 471 2227 quc
500 2139 752 2205 commentarius
782 2137 922 2204 Maximi
942 2137 1107 2204 Victorini
1134 2137 1191 2225 qui
1211 2137 1319 2203 fertur
1337 2141 1458 2226 partim

164 2243 196 2307 in
218 2241 437 2328 conpendium
458 2239 627 2322 redactus,
650 2240 770 2326 partim
798 2240 1029 2306 additamentis
1053 2239 1172 2305 Iuliani
1194 2237 1376 2326 explicatus
1398 2250 1459 2308 cst.

165 2345 197 2408 in
225 2365 290 2430 quo
319 2365 454 2430 prorsus
483 2342 619 2408 eandem
646 2344 821 2418 rationem,
855 2341 982 2428 quain
1009 2351 1080 2408 arte
1106 2341 1231 2407 Donati
1263 2343 1459 2430 explicanda

164 2468 242 2512 usus
270 2457 338 2524 est,
367 2447 515 2533 seqnitur
541 2453 639 2530 atque
667 2445 767 2509 etiam
793 2445 963 2510 Donatum
990 2453 1157 2530 tamquam
1183 2454 1348 2510 auctorem
1369 2444 1458 2510 illius

164 2547 388 2613 commentarii
415 2545 568 2634 appellat.
612 2555 782 2634 praeterea
811 2545 852 2610 de
879 2545 1037 2632 pedibus,
1060 2567 1258 2633 quamquam
1278 2547 1359 2612 baec
1380 2570 1458 2634 quo·

164 2673 224 2736 que
246 2673 324 2736 pars
348 2649 430 2714 sicut
451 2647 577 2736 reliqua
591 2649 757 2715 Donatum
779 2649 943 2736 sequitur,
964 2657 1072 2713 umen
1094 2646 1196 2714 multo
1218 2647 1352 2714 uberius
1375 2660 1458 2715 trac·

164 2761 268 2819 tatum
290 2761 323 2817 et
343 2751 486 2817 maxime
509 2749 549 2817 de
570 2751 756 2817 nominibus
771 2749 891 2838 pedum
908 2748 1144 2837 disyllaborum
1165 2758 1199 2815 ct
1212 2748 1458 2838 trisyllaborum

162 2855 327 2942 copiosius
359 2855 545 2943 expositum
572 2866 634 2921 cst.
677 2854 711 2917 in
739 2854 837 2919 tertie
864 2864 958 2940 parte
984 2855 1093 2939 operis
1121 2852 1244 2939 regulis
1265 2853 1390 2920 Donati
1418 2854 1459 2920 de

162 2957 252 3023 vitiis
276 2966 309 3022 et
330 2956 508 3023 virtutibus
530 2955 687 3022 orationis
708 2954 847 3021 aliorum
869 2956 1173 3039 grammaticorum,
1201 2956 1235 3020 in
1262 2956 1376 3042 primis
1398 2958 1458 3022 Isi·

162 3059 251 3141 dori,
282 3059 323 3125 de
346 3058 463 3125 iisdem
491 3058 589 3123 rebus
612 3066 787 3145 praecepta
809 3068 842 3123 et
863 3056 1015 3143 exempla
1036 3080 1078 3121 cx
1099 3057 1194 3123 libris
1216 3058 1318 3122 sacris
1341 3057 1394 3123 vel
1416 3082 1459 3125 cx

162 3161 365 3227 carminibus
395 3172 566 3249 poetarum
593 3159 844 3225 christianorum
867 3159 970 3247 petita
991 3158 1106 3225 addita
1126 3172 1213 3225 sunt.
1257 3158 1398 3246 denique
1420 3184 1459 3225 sa

161 3286 245 3349 quae
268 3264 303 3327 in
325 3264 390 3329 fine
411 3262 488 3328 libri
511 3261 552 3327 de
574 3262 686 3327 metris
708 3262 831 3347 scripta
852 3270 929 3325 sunt
949 3262 1070 3347 partim
1085 3284 1128 3327 ex
1141 3261 1279 3326 Maximi
1293 3260 1458 3328 Victorini

161 3365 245 3430 libro
270 3365 311 3430 de
332 3366 461 3445 metris,
483 3386 580 3451 quem
602 3364 743 3429 maxime
764 3362 898 3429 infimae
924 3364 1041 3428 aetatis
1068 3364 1244 3449 scriptores
1266 3364 1301 3429 in
1323 3364 1459 3430 metrica

161 3476 231 3533 arte
256 3468 492 3554 sequebantur,
515 3466 635 3553 partim
656 3488 676 3530 a
696 3463 810 3531 Mallio
832 3464 1007 3532 Theodoro
1029 3464 1133 3552 petita
1154 3473 1242 3531 sunt.

246 3568 371 3634 Totum
393 3568 513 3633 librum
535 3568 633 3633 edere
653 3566 768 3634 inutile
792 3589 864 3632 esse
883 3568 992 3633 visum
1013 3577 1075 3632 est.
1104 3566 1257 3654 pleraque
1272 3570 1359 3633 enim
1374 3592 1457 3656 quae

160 3669 312 3736 Iulianus
334 3669 378 3735 ad
400 3680 503 3735 artem
518 3671 643 3735 Donati
664 3668 773 3735 attulit
794 3678 852 3734 aut
874 3670 909 3733 in
930 3668 1088 3756 exemplis
1111 3692 1278 3735 sacrorum
1299 3670 1457 3737 librorum

159 3771 213 3838 vel
236 3773 419 3839 recentium
441 3772 638 3859 scriptorum
660 3770 703 3837 ad
724 3769 855 3857 regulas
870 3772 993 3837 Donati
1015 3772 1187 3857 exigendis
1203 3783 1378 3839 versantur
1400 3784 1458 3839 aut

160 3898 202 3939 ex
224 3876 268 3939 iis
290 3873 384 3939 libris
411 3873 630 3960 antiquiorum
656 3874 944 3958 grammaticorum
965 3896 1047 3959 quos
1070 3896 1157 3939 nunc
1179 3875 1278 3939 etiam
1300 3874 1457 3940 habemus

158 3980 268 4063 petita
290 3986 375 4042 sunt.
419 3986 550 4062 praeter
572 3998 627 4041 eos
650 3984 798 4041 auctores
821 3986 930 4041 autern
952 3998 1034 4062 quos
1056 3975 1259 4061 supradixi,
1282 3974 1456 4059 Isidorum,

159 4078 346 4143 Maximum
382 4076 603 4160 Victorinum,
640 4078 789 4143 Mallium
825 4076 1049 4159 Theodorum,
1085 4078 1120 4141 in
1155 4077 1270 4163 primis
1307 4077 1458 4144 adhibuit

159 4181 370 4267 Pompeium,
398 4202 494 4266 quem
521 4180 572 4245 bis
599 4180 795 4261 nominavit,
825 4181 956 4266 saepius
984 4202 1048 4244 uon
1076 4178 1229 4267 adposito
1250 4181 1379 4245 nominc
1402 4203 1458 4247 ex-

159 4283 306 4369 scripsit.
339 4304 441 4348 unum
462 4290 631 4369 praeterea
653 4280 851 4370 appellatum
873 4280 984 4358 inveni
1006 4281 1257 4366 grammaticum
1278 4290 1399 4365 aetate,
1421 4292 1458 4348 ut

159 4382 311 4463 videtur,
339 4406 406 4449 non
433 4383 535 4449 multo
563 4385 763 4471 superiorem
791 4384 976 4463 Audacem,
1005 4383 1098 4447 cuius
1130 4380 1215 4447 liber
1235 4382 1307 4469 ipse
1328 4406 1457 4470 quoquc

159 4486 192 4549 in
214 4484 387 4551 codicibus
409 4508 509 4550 manu
531 4486 660 4573 scriptis
682 4496 784 4552 extat.
815 4485 873 4551 sed
896 4506 1093 4573 quamquam
1115 4484 1260 4549 maxima
1281 4486 1357 4551 libri
1378 4508 1457 4573 pars

159 4610 222 4651 non
252 4586 410 4653 maiorem
436 4588 610 4653 utilitatem
636 4586 752 4671 habet,
780 4610 878 4673 quarn
904 4585 962 4651 alii
989 4588 1058 4651 eius
1080 4586 1210 4671 generis
1233 4590 1457 4653 commentarii

160 4688 240 4753 setis
270 4687 363 4754 multi
390 4688 444 4755 vel
473 4689 588 4754 eadem
615 4690 683 4755 fere
711 4698 818 4755 aetate
845 4688 899 4754 vel
925 4688 1162 4775 posterioribus
1184 4690 1285 4755 etiam
1306 4678 1457 4776 tempori-

160 4789 220 4854 bus
257 4812 279 4854 a
309 4790 532 4875 grammaticis
566 4793 730 4877 congesti,
765 4812 869 4877 pauca
903 4803 1013 4856 tamen
1043 4794 1171 4873 insunt,
1204 4801 1338 4880 propter
1373 4814 1456 4877 quac

162 4913 297 4977 prorsus
318 4890 448 4979 neglegi
468 4892 521 4965 hie
543 4893 682 4979 scriptor
703 4916 769 4959 non
790 4894 944 4981 potuerit.
974 4916 1051 4958 nam
1066 4894 1208 4981 primum
1228 4894 1314 4959 inter
1334 4915 1455 4979 paucos
