3525 5600
343 386 407 450 210
910 388 1062 452 POllPllll

369 509 390 550 p.
405 497 493 539 vtro—59
508 497 528 538 l..

343 595 510 656 pronomen
536 575 595 657 [sui
618 576 675 637 sihi
697 594 729 636 se
753 574 756 656 l
781 595 797 636 a
820 576 866 656 se]
890 584 1030 655 quattuor
1051 576 1142 638 habet
1162 595 1250 638 casus
1271 582 1386 637 tantum
1407 574 1513 644 modo,
1541 579 1621 636 nomi·

343 681 474 740 nativum
498 687 526 740 et
548 680 709 738 vocativum
734 696 793 738 non
816 677 922 748 habet,
952 687 981 740 et
1003 686 1048 740 est
1067 681 1225 756 utriusque
1246 680 1380 739 numeri:
1418 679 1465 738 sui
1486 676 1544 738 sibi
1561 697 1620 738 sea

342 799 374 842 se
397 787 534 861 quattuor
557 799 642 841 casus
663 788 746 850 sunt,
770 779 822 842 sed
844 781 999 859 utriusque
1022 783 1147 842 numeri.
1174 798 1244 841 nam
1267 782 1358 842 etita
1380 798 1502 860 possum
1525 778 1621 850 dicere,

343 883 406 944 ‘sui
428 901 515 944 causa
538 881 640 951 lecit',
664 891 693 943 et
715 884 778 945 ‘sui
802 900 889 944 causa
911 882 1073 944 lecerunt’.
1107 882 1190 944 vides
1212 883 1352 960 quoniam
1373 890 1404 943 et
1425 899 1552 942 numero
1571 884 1622 941 sin·

340 984 436 1064 gulari
457 1001 575 1066 possum
598 986 722 1062 iungere
745 991 774 1045 et
797 983 855 1064 [in]
880 1002 1006 1046 numero
1028 983 1146 1064 plurali.
1169 983 1279 1045 hocin
1302 983 1351 1045 illo
1374 986 1553 1064 pronomine
1572 1002 1642 1044 nous

340 1107 460 1167 possum
483 1087 595 1157 iacere,
621 1091 690 1146 ‘suo
714 1085 826 1147 homiui
848 1085 949 1146 dixit'.
987 1087 1046 1146 iam
1069 1089 1093 1147 si
1116 1085 1181 1148 volo
1204 1087 1276 1147 dare
1297 1104 1457 1147 numerum
1477 1084 1622 1165 pluralem,

341 1207 400 1250 non
428 1189 494 1249 dico
522 1207 591 1258 suo,
620 1187 671 1248 sed
703 1189 781 1249 ‘suis
810 1187 981 1249 hominihus
1009 1170 1109 1249 diilt’.
1155 1189 1235 1250 uude
1263 1197 1386 1269 apparet
1413 1188 1552 1269 quoniam
1573 1206 1623 1248 uon

339 1291 408 1353 inde
431 1291 594 1352 descendit.
626 1296 671 1350 est
693 1291 782 1351 ctiam
804 1289 859 1350 alia
883 1292 973 1360 ratio,
997 1291 1075 1353 unde
1097 1290 1154 1354 hoo
1176 1289 1294 1371 planius
1314 1289 1479 1369 intellegas.
1514 1292 1623 1350 omuino

229 1383 236 1390 ’
339 1394 370 1454 in
403 1411 503 1454 rerum
534 1399 641 1453 natura
669 1411 728 1453 non
756 1398 854 1471 potest
881 1411 958 1455 unus
986 1411 1052 1454 esse
1080 1395 1131 1471 qui
1159 1392 1294 1472 possidet
1319 1401 1350 1454 et
1376 1394 1428 1473 qui
1455 1392 1622 1472 possidetur.

340 1513 407 1556 nam
437 1512 506 1555 ecce
534 1513 617 1556 suus:
653 1494 769 1575 quarmo
797 1495 863 1556 dico
893 1497 980 1557 ‘suus
1002 1493 1119 1564 homo',
1149 1495 1273 1560 ostendo
1296 1504 1326 1556 et
1346 1513 1464 1556 servum
1485 1503 1518 1556 et
1539 1493 1652 1554 domi-1⁰

341 1615 427 1665 num,
451 1605 483 1658 ut
505 1604 575 1676 puta
599 1597 718 1658 Birrum
742 1605 771 1658 et
792 1597 954 1660 domiuum.
985 1597 1102 1676 quando
1125 1604 1224 1660 autem
1246 1597 1313 1658 dico
1337 1596 1412 1659 ‘sibi
1426 1597 1526 1668 lacit',
1549 1615 1623 1658 num·

339 1698 412 1780 quid
443 1698 485 1760 ibi
518 1705 603 1777 potes
635 1697 707 1759 duas
733 1717 877 1778 personas
903 1697 1095 1778 intellegere?
1128 1698 1221 1761 habes
1249 1717 1335 1780 ergo,
1370 1699 1421 1761 ubi
1448 1698 1509 1760 duo
1537 1698 1625 1758 desint

340 1819 438 1871 casus,
462 1802 508 1861 sui
530 1799 586 1861 sibi
609 1818 641 1860 se
664 1818 680 1860 a
702 1819 743 1861 se.

220 1917 281 1981 436,
294 1919 326 1968 10
422 1903 614 1964 inveniuntur
642 1902 737 1980 aliqua
758 1904 942 1982 ¹pronomina
965 1924 1041 1986 quae
1063 1885 1185 1966 omnino
1207 1921 1266 1964 non
1290 1902 1402 1964 habeut
1423 1903 1479 1964 nisi
1500 1901 1624 1980 singulos

338 2023 438 2074 casus,
472 2011 505 2065 ut
527 2013 573 2066 est
600 2003 656 2065 hoc
678 2022 861 2083 pronomen,
886 2009 951 2066 cuia
980 2018 1010 2067 et
1043 2009 1151 2068 cuium.
1197 2007 1253 2066 ista
1280 2005 1340 2066 duo
1367 2006 1546 2086 pronomina
1571 2020 1655 2064 nona

338 2106 449 2168 habent
477 2107 532 2167 nisi
560 2105 692 2186 singulos
715 2125 816 2178 casus,
847 2117 876 2169 et
898 2106 1011 2170 habent
1032 2110 1202 2186 genetivum
1223 2114 1348 2170 tautum.
1393 2109 1459 2168 cuia
1479 2109 1626 2185 geneu'rus

338 2215 383 2270 est
404 2209 575 2288 singularis,
605 2209 703 2270 cuium
733 2215 762 2269 et
789 2211 853 2287 ipse
875 2213 1030 2288 genetivus
1053 2210 1058 2294 Ι
1083 2219 1129 2274 est
1150 2207 1325 2289 singularis3
1358 2229 1415 2272 nec
1437 2210 1627 2270 nominatims

335 2312 486 2372 invenitur
515 2328 570 2372 nec
598 2310 704 2389 aliquis
732 2309 806 2372 alius
833 2329 918 2373 casus
939 2314 970 2373 in
992 2312 1043 2374 illo
1071 2315 1256 2393 pronomine.
1302 2319 1332 2372 et
1354 2329 1413 2390 qua
1434 2313 1552 2372 ratione
1572 2329 1626 2371 non

336 2411 448 2474 habent
474 2411 547 2474 alios
575 2415 680 2474 casus?
707 2415 846 2493 quoniam
876 2416 926 2476 isti
953 2433 970 2475 a
999 2413 1110 2493 regulis
1137 2422 1341 2484 recesserunt,
1371 2412 1439 2474 ideo
1468 2432 1528 2475 nou
1551 2415 1627 2473 iuve-

336 2516 458 2576 niuntur
479 2513 522 2575 illi
543 2514 651 2595 reliqui
674 2533 768 2578 casus.
800 2516 980 2596 quomodo?
1002 2515 1102 2579 nullus
1123 2520 1279 2596 genetivus
1300 2517 1450 2578 invenitur
1471 2521 1522 2576 aut
1543 2535 1561 2576 a
1581 2521 1657 2574 autu

335 2634 386 2678 um
413 2617 589 2678 terminatus
616 2619 647 2678 in
675 2636 776 2678 rerum
805 2625 910 2679 natura
940 2616 985 2678 vel
1011 2620 1042 2680 iu
1070 2621 1247 2699 pronomine
1269 2619 1316 2680 vel
1337 2621 1368 2680 iu
1391 2619 1512 2679 nomine
1533 2615 1579 2678 vel
1599 2617 1628 2676 iu

335 2719 492 2797 participio
525 2717 570 2780 vel
601 2721 631 2780 in
669 2718 766 2801 aliqua
796 2728 880 2802 parte
911 2722 1055 2782 orationis
1089 2719 1119 2803 [a
1153 2723 1344 2782 terminatum
1377 2721 1548 2800 genetivum
1581 2725 1628 2778 aut

336 2819 412 2901 um].
458 2838 529 2900 ergo
553 2840 620 2883 cum
644 2822 732 2885 iaciat
753 2824 834 2893 cuia,
858 2842 934 2884 novo
957 2842 1040 2885 more
1061 2824 1248 2887 introductus
1271 2831 1315 2885 est
1342 2824 1398 2887 iste
1427 2825 1582 2902 genetivus
1602 2830 1629 2882 et

336 2941 394 2983 non
428 2925 524 3003 potuit
551 2922 661 2985 habere
690 2924 762 2986 alios
796 2942 892 2987 cesus.
937 2929 1008 2987 item
1042 2928 1159 2997 cuium,
1198 2927 1275 2986 ‘dic
1304 2925 1410 2996 mihi,
1444 2926 1627 2993 Damoeta,

336 3026 456 3085 cuium
484 3026 633 3105 pecusl’
663 3044 737 3087 novo
767 3046 849 3089 more
877 3027 1064 3092 introductus
1092 3038 1138 3091 est
1168 3032 1224 3090 iste
1257 3030 1419 3106 genetivus.
1463 3046 1519 3089 nec
1545 3035 1659 3107 putee

335 3125 423 3187 alium
458 3144 521 3187 esse
555 3146 669 3199 casum,
698 3147 759 3189 non
788 3136 887 3209 potest
918 3132 1000 3202 lieri,
1034 3134 1188 3209 genetivus
1223 3137 1277 3191 est.
1322 3148 1391 3192 uam
1419 3128 1538 3209 quaudo
1566 3127 1627 3188 dico

334 3230 417 3291 ‘cuia
440 3236 485 3289 est
507 3229 610 3300 tilia‘l’,
641 3230 698 3292 tale
721 3240 765 3292 est
787 3250 821 3293 ac
845 3233 871 3293 si
894 3231 990 3293 dicem
1014 3232 1110 3294 ‘illius
1133 3234 1218 3304 dlia',
1242 3233 1354 3310 ‘ipsius
1376 3229 1464 3291 dlia’.
1509 3238 1630 3310 ergoet

335 3332 432 3393 coium
455 3332 608 3409 genetivus
632 3338 676 3393 est
698 3331 869 3410 singularis:
895 3334 971 3395 ‘dic
992 3334 1098 3404 mihi,
1122 3334 1311 3403 Damoeta,
1335 3334 1461 3394 cuium
1483 3332 1629 3414 pecusl'

335 3432 392 3493 tale
424 3440 468 3495 est
494 3452 529 3494 ac
557 3436 582 3495 si
610 3433 704 3495 dicam
735 3436 837 3496 ‘cuius
865 3443 910 3497 est
940 3439 1069 3516 pecusi'
1099 3435 1195 3499 ‘illius
1223 3444 1270 3498 est
1290 3438 1412 3515 pecus’.
1455 3434 1537 3495 vides
1559 3451 1628 3511 ergo

334 3536 501 3613 genetivum
530 3554 595 3597 esse
624 3534 729 3597 solum.
773 3540 844 3598 item
873 3539 1023 3600 invenitur
1055 3540 1239 3601 accusativus
1268 3545 1381 3600 tautum
1417 3538 1526 3597 ceteris
1558 3535 1661 3597 deuo

333 3636 496 3707 cientibus,
527 3646 560 3699 ut
586 3646 630 3699 est
653 3657 754 3702 eccum
779 3658 878 3701 eccam
902 3638 1007 3709 ellum;
1036 3642 1193 3703 accusativi
1221 3650 1292 3702 sunt
1312 3640 1426 3706 solum,
1449 3656 1507 3701 nec
1527 3656 1628 3718 possu-

333 3757 399 3801 mus
427 3740 561 3800 invenire
590 3738 672 3801 alios.
717 3742 860 3821 numquid
887 3741 891 3822 1
914 3761 1072 3822 possumus
1094 3742 1196 3804 dicere
1224 3762 1314 3805 eccus
1342 3743 1405 3803 ecci
1428 3759 1499 3802 ecco
1521 3749 1572 3800 aut
1592 3738 1628 3799 ab

334 3860 415 3903 ecco.
461 3848 575 3903 tantum
599 3842 687 3903 modo
709 3845 908 3905 accusativum
931 3844 1067 3905 dicimus.
1103 3862 1175 3925 ergo
1197 3844 1304 3923 collige
1325 3844 1408 3905 illud.
1440 3844 1629 3905 inveniuntur

333 3946 526 4024 pronomina,
550 3942 601 4003 ubi
623 3943 739 4006 deficiat
762 3948 923 4017 vocativus,
947 3955 980 4008 ut
1001 3966 1071 4026 ego;
1101 3948 1284 4015 invenimus,
1307 3946 1358 4008 ubi
1381 3947 1579 4007 nominativus
1600 3952 1630 4004 et

333 4048 482 4107 vocativus
509 4044 660 4117 deliciant,
690 4055 721 4108 ut
749 4050 795 4108 sui
825 4048 882 4109 sibi
910 4068 942 4109 se
965 4069 981 4110 a
1004 4068 1051 4118 se:
1079 4051 1241 4119 invenitur,
1274 4048 1325 4110 ubi
1354 4047 1435 4109 solus
1456 4049 1495 4109 sit
1515 4048 1662 4127 gemti-aa

335 4167 397 4219 vus,
422 4154 453 4209 ut
476 4150 539 4209 cuia
563 4149 679 4221 cuium;
702 4146 864 4237 invenitur,
890 4150 941 4213 ubi
962 4151 1044 4213 solus
1066 4153 1105 4211 sit
1127 4152 1324 4222 accusativus,
1347 4158 1382 4213 ut
1404 4168 1507 4211 eccum
1529 4166 1629 4210 eccam

338 4246 438 4313 ellum.

181 4376 243 4437 reo,
253 4374 336 4427 1623
423 4352 582 4424 Quaeritur
605 4353 674 4433 quid
696 4355 820 4415 interest
842 4354 920 4415 inter
943 4358 1119 4434 pronomina
1141 4363 1171 4416 et
1192 4325 1341 4417 articulos.
1386 4353 1469 4425 dicit,
1492 4353 1627 4416 multum.

336 4478 339 4495 ·
361 4458 443 4517 raeci
466 4454 522 4517 alia
545 4454 655 4516 habent
676 4456 867 4535 pronomina,
892 4456 964 4518 alios
986 4456 1098 4518 hahent
1120 4457 1269 4519 articulos.
1314 4456 1410 4519 latini
1431 4456 1628 4537 conpendium

405 4663 421 4711 4
436 4662 554 4725 quoniam
569 4662 593 4709 in
610 4676 713 4710 numero
725 4660 809 4711 ABG
861 4660 877 4711 8
891 4662 1023 4712 descendit
1038 4662 1226 4713 Lindenmanuo
1237 4662 1358 4727 dependit
1370 4660 1454 4712 Arc
1504 4660 1629 4711 eatetiem

335 4728 407 4782 Boe
427 4731 590 4782 eetenimA
643 4730 753 4781 ll'unum
770 4732 853 4781 ABG
904 4732 938 4783 10
954 4746 1011 4780 ecce
1028 4748 1075 4783 om.
1090 4732 1123 4793 Α,
1140 4732 1234 4787 oddo
1288 4730 1493 4798 leporariae
1550 4730 1585 4779 23
1604 4740 1631 4778 et

336 4815 386 4850 non
405 4803 487 4866 potuit
504 4828 537 4837 -
554 4802 588 4851 25
607 4802 653 4851 iste
672 4803 806 4868 genetivus
829 4818 875 4853 om.
891 4801 925 4865 A,
938 4802 1000 4852 odd.
1015 4818 1032 4851 a
1085 4804 1118 4851 ‘24
1137 4800 1187 4867 dic]
1209 4804 1288 4867 Verp.
1301 4802 1381 4856 bucol.
1395 4802 1450 4861 :tl
1504 4801 1536 4851 26
1548 4800 1628 4849 ulium

336 4870 429 4921 habere
443 4886 511 4921 corr.
528 4870 604 4919 olium
619 4887 676 4921 esse
695 4872 720 4920 Α
790 4872 824 4922 27
842 4872 925 4937 ipsius
944 4871 1012 4921 lilius
1028 4872 1112 4922 ABG
1179 4872 1213 4923 32
1232 4870 1317 4939 eccur]
1337 4873 1422 4921 eocius
1440 4871 1524 4922 ABG
