3525 5600
313 343 355 409 64
662 428 665 434 ¹
870 345 1046 410 cinnomr

339 453 506 508 plantati).

313 543 432 615 replum
459 543 581 604 exeunt,
610 541 643 596 ut
670 533 779 596 nobilis
800 532 956 606 nobiliter,
971 569 973 580 ,
986 534 1055 596 felix
1078 534 1219 604 feliciter,
1244 541 1274 595 et
1295 545 1509 614 conparantur,
1534 535 1602 613 quia

313 636 487 718 appellativa
514 645 592 699 sunt.
637 656 655 697 o
682 655 757 718 quae
784 637 991 717 producuntur
1018 657 1035 698 a
1062 636 1232 698 masculinis
1259 639 1382 698 veniunt
1404 633 1409 717 l
1439 645 1469 698 et
1498 635 1602 697 melius

313 742 393 801 iuxta
420 738 552 818 regulam
581 741 612 801 in
641 760 657 802 e
684 739 841 810 caderent,
873 748 906 801 ut
926 739 1014 812 salse,
1037 741 1114 802 sicut
1136 740 1231 801 docte.
1276 739 1328 800 sed
1351 741 1510 800 auctoritas
1532 741 1602 798 ino

313 844 450 912 mutavit,
474 850 508 902 ut
530 841 643 903 ‘salso
665 844 839 923 queritur
862 841 906 902 de
935 850 1067 904 natura
1091 860 1153 903 sua
1175 860 1290 920 genus
1312 842 1538 903 humanumt.
1575 849 1604 901 et

312 945 376 1024 ipsa
402 945 458 1005 ista
484 944 680 1024 producenda
707 950 785 1007 sunt.
830 945 935 1006 modo:
966 942 1035 1005 ideo
1062 943 1120 1004 hoe
1148 943 1321 1004 adverbium
1349 953 1523 1023 correptum
1551 952 1628 1013 esis

313 1047 452 1126 qnoniam
482 1065 542 1107 non
571 1047 726 1108 deseendit
753 1046 790 1106 ab
813 1065 849 1108 eo
872 1044 1113 1118 nomine,-unde
1142 1044 1296 1107 descendit
1324 1053 1354 1107 et
1379 1045 1469 1116 salso,
1492 1053 1526 1106 ut
1547 1048 1605 1106 ‘tu

313 1129 424 1210 modo¹
440 1167 554 1228 posce
577 1149 670 1211 deos
692 1150 864 1211 veniam'.
910 1168 978 1211 nam
1007 1150 1148 1210 continuo
1175 1148 1245 1210 inde
1272 1147 1463 1228 producitur,
1487 1145 1605 1227 quoda

312 1252 432 1312 nomine
456 1253 548 1322 venit,
572 1259 606 1312 ut
626 1251 697 1313 huic
718 1253 875 1322 continuo,
899 1251 1038 1312 continue
1062 1251 1131 1311 lacit
1153 1250 1339 1320 adverbium,
1364 1251 1452 1331 quod,
1478 1259 1510 1311 ut
1532 1249 1606 1312 dixi·

312 1372 393 1424 mus,
423 1371 439 1413 e
465 1352 497 1413 in
524 1373 541 1415 o
570 1357 731 1416 auctoritas
758 1355 914 1416 convertit.
960 1355 1018 1414 cito
1046 1352 1249 1432 quaerendum
1283 1361 1327 1414 est
1354 1371 1408 1414 eur
1436 1351 1527 1414 breve
1559 1353 1605 1412 sit.

314 1458 454 1537 quoniam
470 1458 717 1536 significationem
731 1475 790 1518 non
806 1464 915 1528 servat,
936 1456 1007 1517 dum
1022 1454 1152 1517 llectitur
1166 1457 1196 1516 in
1216 1453 1399 1516 adverbium.
1431 1473 1500 1516 nam
1515 1454 1606 1515 ialsns
1620 1471 1642 1508 10

312 1566 411 1638 potest
443 1565 473 1619 et
506 1557 577 1619 salso
611 1552 709 1620 lacere
738 1569 768 1622 et
794 1560 882 1630 lalse,
912 1559 1070 1620 continuus
1096 1565 1194 1638 potest
1223 1565 1254 1618 et
1281 1559 1421 1618 continuo
1448 1557 1550 1618 iacere
1578 1563 1607 1616 et

313 1663 470 1730 continue;
508 1663 585 1722 citus
621 1669 720 1722 autem
757 1681 816 1723 non
852 1663 924 1723 iacit
960 1662 1032 1730 cite,
1067 1660 1120 1721 sed
1155 1660 1231 1729 cito,
1267 1658 1346 1720 unde
1383 1666 1606 1740 oleorreptam

313 1761 416 1834 babet,
441 1770 474 1822 ut

466 1871 503 1923 et
522 1856 600 1925 'cito
625 1862 629 1947 1
653 1873 830 1945 rapturus
852 1864 894 1925 de
916 1863 1118 1926 nobilitate
1141 1881 1296 1925 comesa.

316 1976 360 2028 est
382 1965 437 2026 alia
459 1965 571 2043 regula,
595 1966 675 2028 unde
697 1967 795 2029 brevis
817 1968 856 2027 sit
877 1969 945 2036 cito,
962 1968 1031 2046 quia
1054 1967 1293 2045 conparationem
1315 1965 1422 2045 recipit
1443 1963 1487 2045 [ct
1509 1962 1605 2044 dupli·
1620 1981 1642 2020 ιε

314 2077 362 2129 cat
383 2063 579 2151 adverbiuml,
603 2068 682 2148 quod
706 2071 847 2130 continuo
870 2077 900 2129 et
922 2067 995 2128 lalso
1018 2067 1114 2130 lacere
1137 2086 1197 2128 non
1217 2076 1350 2144 possunt.
1386 2074 1484 2146 potest
1506 2065 1606 2128 lacere

314 2171 544 2250 conparativum.
576 2189 643 2232 nam
665 2173 721 2232 ista
743 2170 882 2232 adverbia
906 2171 973 2232 ideo
997 2172 1028 2230 in
1051 2189 1068 2230 o
1091 2177 1214 2240 exeunt,
1238 2172 1306 2249 quia
1327 2167 1460 2230 anomala
1483 2169 1605 2228 suntin

313 2274 537 2352 conparatione,
560 2271 612 2332 illa
634 2290 705 2332 vero
726 2273 795 2333 ideo
816 2275 847 2333 in
870 2293 901 2344 e,
931 2273 998 2353 quia
1020 2273 1247 2352 cooperationes
1269 2271 1414 2349 legitimas
1435 2279 1561 2332 servant.

396 2391 543 2454 Aduerbia
564 2393 645 2471 ipsa,
670 2410 746 2472 quae
762 2400 845 2452 extra
867 2390 1002 2472 exempla
1024 2390 1160 2452 lectionis
1181 2390 1270 2452 huius
1291 2393 1493 2470 reperiuntur,
1516 2409 1607 2452 sensu

313 2491 480 2572 colligenda
500 2502 584 2565 sunt,
608 2501 641 2554 ut
663 2492 925 2574 deprehendantur
947 2495 1031 2554 cuius
1045 2495 1106 2554 sint
1124 2481 1354 2572 significationis.¹
1383 2496 1427 2556 sic
1447 2491 1607 2554 dicendum
1620 2507 1645 2546 20

314 2605 359 2657 est
381 2597 479 2656 ‘intus
501 2599 594 2667 sum',
619 2596 709 2658 ‘ioris
724 2601 817 2667 sum',
841 2596 938 2657 ‘ieras
953 2595 1054 2666 vado’,
1079 2596 1177 2655 ‘intro
1193 2595 1294 2665 vado',
1319 2593 1379 2655 ‘ibi
1400 2599 1493 2666 sum’,
1518 2594 1609 2656 ‘illuc

313 2697 415 2757 vado’.
462 2697 518 2757 ‘de
540 2698 640 2759 intus'
671 2706 701 2759 et
729 2699 784 2759 ‘de
806 2699 878 2759 ioris
901 2699 1004 2758 venio’
1028 2716 1088 2759 non
1110 2713 1269 2777 possumus
1291 2697 1406 2769 dicere,
1430 2699 1498 2777 quia
1520 2715 1609 2776 prac-

313 2801 420 2879 positio
443 2798 590 2860 adverbiis
611 2818 774 2879 numquam
795 2802 938 2877 iungitur.
968 2820 1039 2863 sane
1061 2798 1215 2861 sciendum
1238 2798 1317 2879 quod
1340 2818 1400 2861 non
1422 2797 1531 2861 dicitur
1552 2797 1609 2859 ‘dc

315 2903 403 2961 domo
422 2904 536 2971 venio’,
560 2909 593 2961 ut
615 2885 772 2962 Terentius
792 2902 915 2963 ‘domo
937 2920 991 2964 me
1015 2904 1191 2979 eripuit'3
1215 2894 1219 2983 l
1243 2900 1289 2961 vel
1311 2909 1383 2961 tunc
1405 2902 1531 2963 dicimus
1553 2900 1608 2960 ‘de

315 3003 404 3063 domo
427 3004 541 3073 renio',
565 3003 683 3083 quando
705 3022 871 3084 pronomen
894 3002 1021 3073 additur,
1045 3009 1079 3065 ut
1100 3003 1158 3063 ‘de
1173 3002 1262 3063 domo
1276 3020 1343 3063 mea
1358 3004 1459 3063 venio’
1483 3001 1529 3063 vel
1551 3000 1607 3061 ‘de
1620 3018 1644 3059 av

314 3105 402 3165 domo
424 3110 503 3165 tua’.
530 3140 565 3149 -
590 3105 696 3166 Omnia
717 3105 871 3175 adverbia,
901 3124 977 3185 quae
1005 3104 1041 3165 ab
1063 3102 1310 3184 appellationibus
1334 3104 1518 3167 descendunt
1540 3112 1609 3165 ete

315 3206 412 3268 littera
442 3208 653 3278 terminantur,
681 3208 828 3287 producto
857 3216 981 3269 accentu
1003 3205 1221 3287 pronuntianda
1243 3204 1325 3277 sunl,
1349 3214 1383 3267 ut
1404 3208 1500 3286 prime
1522 3204 1610 3266 docte

315 3317 345 3369 et
366 3317 475 3369 cetera.
518 3326 590 3368 sane
611 3311 667 3369 ista
688 3311 745 3370 tria
767 3306 988 3394 corrillpienda,
1017 3308 1093 3369 benc
1116 3307 1191 3369 male
1214 3326 1337 3387 magum
1366 3307 1501 3371 anomala
1522 3325 1609 3385 repe·

315 3412 441 3471 rinntur.
480 3409 554 3470 lalso
577 3418 606 3472 et
628 3428 736 3489 magno
759 3420 788 3472 et
810 3414 929 3472 nomina
954 3418 984 3470 et
1005 3410 1143 3471 adverbia
1165 3418 1242 3471 sunt.
1282 3408 1334 3471 sed
1347 3409 1476 3490 quando
1498 3410 1609 3489 signiti-

315 3513 462 3573 cationem
492 3513 645 3572 nominum
673 3512 815 3590 perdunt,
843 3514 876 3572 in
903 3511 1042 3573 adverbia
1070 3519 1233 3573 transeunt.
1259 3546 1293 3556 -
1326 3512 1419 3572 Roma
1441 3512 1466 3571 si
1489 3528 1549 3571 non
1570 3512 1646 3571 sito
1730 3556 1731 3571 r

317 3632 440 3683 riomen,
464 3612 516 3673 sed
540 3615 602 3674 vice
625 3612 682 3673 loci
706 3616 758 3683 sit,
782 3614 955 3676 adverbium
972 3622 1030 3683 est,
1054 3622 1086 3674 ut
1099 3613 1192 3675 Roma
1208 3616 1309 3675 venio:
1334 3612 1516 3683 adverbium,
1540 3614 1610 3692 quia

248 3757 251 3772 ,
316 3716 416 3776 locum
449 3716 608 3793 significat,
643 3716 722 3776 unde
756 3720 880 3777 veneris.
926 3716 1046 3777 nomina
1082 3716 1243 3777 civitatium
1279 3716 1396 3795 quando
1434 3714 1610 3793 significant,

317 3817 415 3879 locum
432 3835 493 3877 non
511 3816 723 3881 demonstrant.
741 3812 746 3895 Ι
763 3836 832 3879 nam
855 3819 881 3878 si
902 3816 1001 3879 locum
1023 3816 1242 3887 demonstrant,
1267 3817 1405 3879 adverbia
1428 3817 1554 3887 iaciunt,
1578 3820 1612 3876 nt

386 4058 447 4109 0οά.
466 4058 548 4108 Bem.
560 4057 596 4107 Xl
613 4056 704 4110 3-5.
791 4060 806 4106 4
824 4057 953 4119 quaeritur
1023 4056 1039 4106 5
1055 4057 1129 4105 modo
1148 4072 1194 4108 om.
1264 4053 1455 4107 ddescendvmt
1470 4056 1501 4105 ab
1521 4070 1551 4105 en

320 4130 352 4181 10
369 4129 394 4178 lo
414 4128 535 4178 aduerbio
608 4128 639 4177 12
658 4128 765 4179 citeear,
838 4128 869 4177 15
891 4122 950 4193 elia]
1041 4140 1138 4177 acorr.
1158 4126 1254 4175 recenti
1268 4140 1408 4176 maavvnna
1477 4123 1548 4193 quia]
1567 4127 1610 4191 qrri

388 4200 420 4249 lli
439 4207 547 4263 possunt
564 4213 611 4251 orn,
684 4197 716 4246 lu
730 4205 801 4246 extra
818 4198 947 4263 extemplo
1002 4198 1180 4261 repperiuntur
1250 4195 1284 4246 20
1301 4195 1542 4262 depraelrcndantur

317 4271 348 4320 21
370 4264 450 4333 lorea]
471 4268 534 4318 loris
589 4269 621 4318 24
639 4265 695 4331 eri}
713 4266 752 4315 vel
823 4267 1075 4333 'lssappelatiouibus
1144 4267 1177 4316 27
1197 4266 1295 4331 primae
1366 4266 1399 4317 28
1418 4266 1484 4315 malo
1501 4280 1611 4331 magnae

385 4340 564 4404 repperiuntur
632 4337 666 4387 29
687 4336 753 4387 luiso
823 4334 855 4386 31
876 4339 952 4387 uenio
976 4352 990 4385 a
1010 4337 1069 4399 quio
1087 4336 1171 4385 locum
1194 4334 1322 4400 significat
1340 4336 1489 4385 aduerbium
1507 4336 1611 4398 quidem

318 4409 508 4459 monstratunde
532 4409 634 4458 ueneris
721 4405 754 4456 32
779 4406 905 4471 signifieat
930 4406 1013 4456 locum
1036 4421 1086 4457 non
1113 4408 1270 4456 demonstrat
1357 4403 1391 4457 33
1409 4405 1506 4455 iaciunt
1523 4407 1551 4454 in
1570 4422 1611 4455 cre
1706 4390 1731 4434 ,¹

319 4480 450 4531 ctaeiuaoit

389 4698 497 4767 diolco]
516 4700 580 4753 Sall.
600 4701 691 4767 lupi
777 4698 840 4750 dtu
859 4694 945 4765 modo]
972 4698 1136 4763 hepidan.
1157 4698 1256 4749 111150
1343 4698 1376 4749 14
1398 4705 1423 4747 et
1442 4694 1501 4763 cito]
1522 4696 1611 4750 quen.

318 4780 367 4823 cot.
388 4772 408 4833 l,
430 4770 464 4823 34
534 4775 568 4822 et
585 4766 726 4836 Terentius]
751 4769 1003 4833 Auetpt.111,tt
1074 4769 1108 4821 28
1129 4766 1231 4835 magne]
1261 4784 1334 4835 rrvoge
1352 4766 1494 4823 Poocttus.
1519 4782 1612 4835 magne

319 4844 392 4895 etiam
408 4857 489 4906 cupra
507 4841 551 4902 63,
571 4840 604 4892 19
619 4844 644 4891 in
661 4844 746 4892 codice
761 4848 800 4890 eat
