3525 5600
736 453 741 464 .
794 397 866 458 nus
1414 393 1476 458 381

1284 520 1305 558 p.
1318 509 1375 548 2069.
1388 509 1414 548 10
1428 507 1450 548 Ρ.

185 599 301 660 tenent,
325 592 473 671 passivum
496 608 566 650 vero
589 598 618 650 et
641 609 797 651 commune
820 595 850 649 et
873 590 1024 669 deponens
1051 587 1174 648 similes.
1218 596 1264 648 est
1287 607 1358 667 ergo
1380 592 1477 668 prima

185 697 353 772 coniugatio
380 712 455 773 quae
485 693 646 754 indicativo
674 692 761 753 modo
782 699 916 773 tempore
939 692 1091 771 praesenti
1113 709 1239 752 numero
1261 692 1406 769 singulari
1429 711 1475 752 se·

184 797 295 868 cunda,
324 798 401 858 siout
428 795 540 856 dietum
568 802 626 864 est,
655 812 781 874 persona
810 793 902 854 verbo
931 795 1026 854 activo
1054 800 1085 852 et
1106 794 1235 855 neutrali
1258 813 1274 854 a
1296 794 1387 855 babet
1408 803 1475 855 ante

183 901 374 960 novissimam
397 899 541 968 litteram,
565 899 683 978 passivo
705 899 853 958 communi
877 903 908 957 et
930 896 1089 976 deponenti
1113 904 1181 956 ante
1204 900 1395 958 novissimam
1417 898 1474 978 syl-

105 1036 109 1044 ·
158 1001 296 1070 stabam,
319 1009 352 1062 ut
374 1019 447 1061 voco
461 1019 563 1069 rocas,
587 1018 676 1061 vocor
691 1001 821 1070 vocaris;
845 999 969 1060 ethaeo
992 1017 1111 1078 semper
1132 998 1249 1070 littera,
1273 1019 1348 1081 quae
1371 1003 1473 1061 coniu-

181 1107 333 1182 gationem
357 1105 443 1164 istam
464 1105 591 1182 primam
606 1102 751 1171 ostendit,
775 1101 862 1180 longa
878 1108 941 1171 est;
964 1102 1158 1181 futurumque
1181 1108 1298 1181 tempus
1320 1102 1474 1164 indicativi

181 1205 260 1268 modi
284 1205 363 1286 quod
390 1205 426 1266 ad
455 1207 583 1266 activum
612 1211 641 1264 et
669 1205 801 1265 neutrale
825 1205 957 1283 pertinet
979 1205 1011 1262 iu
1033 1202 1085 1272 bo,
1112 1203 1190 1282 quod
1213 1205 1249 1264 ad
1273 1206 1421 1283 passivum
1444 1213 1475 1266 et

181 1327 337 1370 commune
367 1314 397 1368 et
425 1306 590 1386 deponens,
620 1308 651 1367 in
681 1306 736 1368 bor
763 1308 864 1368 mittit.
912 1325 980 1366 nam
1007 1323 1079 1365 voco
1102 1304 1213 1366 vocabo
1235 1306 1308 1367 iacit
1329 1307 1472 1378 futurum,

181 1418 211 1470 et
233 1428 323 1470 vocor
345 1411 477 1470 loturum
500 1410 572 1470 lacit
595 1408 732 1470 vocabor.
769 1417 799 1470 et
821 1417 957 1469 naturam
978 1406 1175 1485 longitudinis
1196 1426 1267 1467 suae
1290 1411 1321 1470 in
1344 1411 1473 1488 impera·

147 1529 169 1568 io
182 1516 240 1574 tivo
269 1520 301 1572 et
326 1513 473 1573 intinitivo
501 1519 608 1572 servat.
652 1513 781 1574 secunda
810 1512 980 1589 coniugatio
1007 1517 1053 1570 est
1085 1527 1160 1589 quae
1192 1510 1354 1572 indicativo
1386 1512 1474 1573 modo

181 1624 316 1695 tempore
333 1617 490 1694 ‚praesenti
512 1633 637 1676 numero
659 1614 803 1692 singulari
827 1632 955 1693 persona
971 1612 1101 1673 secunda
1117 1611 1208 1673 verbo
1231 1615 1326 1675 activo
1349 1621 1379 1675 et
1400 1633 1472 1676 nen·

182 1719 248 1779 trali
280 1737 297 1778 e
324 1718 498 1798 productam
526 1716 618 1778 babet
644 1723 712 1777 ante
741 1718 932 1777 novissimam
958 1714 1104 1784 litteram,
1132 1717 1250 1794 passivo
1272 1721 1420 1780 communi
1443 1729 1473 1781 et

180 1821 341 1900 deponenti
367 1827 434 1881 ante
458 1821 649 1881 novissimam
671 1818 830 1898 syllabam,
854 1825 887 1878 ut
909 1835 1015 1877 moneo
1037 1835 1156 1886 monce,
1179 1836 1302 1879 moneor
1324 1824 1471 1893 moneris;

179 1927 373 2004 futurumque
407 1930 524 2002 tempos
558 1922 710 1982 indicativi
745 1921 824 1982 modi
860 1922 957 1981 activo
990 1927 1021 1980 et
1048 1919 1175 1980 neutrali
1205 1919 1327 1998 quidem
1357 1924 1389 1983 in
1424 1924 1471 1995 bo,

145 2041 167 2080 ¹⁵
182 2028 299 2106 passivo
321 2027 469 2086 communi
494 2031 524 2084 et
546 2023 705 2102 deponenti
728 2025 759 2082 in
782 2023 837 2082 bor
859 2021 1002 2101 syllabam
1022 2023 1128 2091 mittit,
1151 2029 1185 2081 ut
1206 2041 1313 2083 moneo
1335 2025 1472 2093 monebo,

180 2148 305 2190 moneor
340 2127 498 2196 monebor;
532 2129 604 2186 item
632 2127 663 2186 in
692 2126 866 2204 imperativo
895 2131 926 2184 et
952 2125 1099 2184 inlinitivo
1125 2125 1247 2203 propria
1276 2125 1472 2204 productione

181 2239 330 2292 manente.
369 2231 457 2290 tertia
482 2229 651 2305 coniugatio
674 2227 781 2305 duplex
804 2233 860 2286 est.
887 2227 939 2286 sed
962 2226 1027 2286 eius
1051 2227 1145 2304 prima
1168 2244 1238 2305 pars
1261 2233 1306 2287 est
1327 2246 1402 2308 quae
1424 2232 1471 2290 in·

180 2334 309 2395 dicativo
331 2331 419 2394 modo
441 2329 583 2412 temlpore
606 2330 756 2408 praesenti
779 2346 903 2388 numero
925 2328 1070 2406 siugulari
1085 2329 1215 2389 secunda
1229 2347 1357 2408 persona
1380 2330 1472 2392 verbo

180 2438 276 2496 activo
304 2441 333 2494 et
362 2433 488 2494 neutrali
517 2434 526 2492 i
555 2437 723 2511 correptam
752 2429 844 2490 habet
871 2437 939 2490 ante
967 2431 1158 2490 novissimam
1181 2430 1327 2500 litteram,
1350 2436 1471 2511 passivo

144 2537 330 2596 recommuni
353 2542 382 2595 et
405 2535 563 2613 deponenti
587 2551 603 2593 e
627 2539 795 2611 correptam
817 2550 871 2611 pro
895 2535 905 2593 i
927 2532 1026 2592 littera
1055 2532 1165 2610 accipit
1188 2539 1254 2592 ante
1277 2535 1470 2607 novissimam

179 2639 338 2718 syllabam,
363 2644 395 2698 ut
417 2637 482 2715 lego
504 2636 595 2714 logis,
623 2635 706 2713 legor
728 2634 854 2710 legeris;
885 2640 915 2693 et
937 2635 1070 2694 luterum
1092 2639 1210 2712 tempus
1232 2637 1326 2695 activo
1348 2637 1470 2716 quidem

179 2749 207 2803 rt
230 2739 358 2803 neutrali
383 2741 412 2800 in
436 2758 497 2808 ain,
522 2740 639 2819 passivo
662 2757 732 2797 vero
755 2744 785 2796 et
807 2738 957 2796 eorrrmuni
985 2742 1015 2795 ct
1036 2736 1197 2816 deponenti
1220 2739 1251 2797 in
1273 2756 1306 2798 ar
1328 2738 1470 2819 syllabam

179 2847 285 2913 niittit,
315 2852 346 2903 ut
375 2843 440 2921 lego
468 2842 578 2919 legam,
607 2842 690 2919 legor
718 2840 809 2917 legar.
855 2840 948 2900 altera
974 2841 1091 2919 species
1117 2842 1224 2900 tertiae
1252 2844 1470 2919 coniugationis

179 2954 224 3008 est
251 2965 328 3026 ‹yuae
357 2946 522 3007 indicativo
549 2945 638 3005 modo
665 2950 799 3020 ternpore
825 2945 986 3019 praesenti
1010 2958 1136 3002 nummo
1162 2946 1316 3017 annulari
1340 2948 1469 3007 secunda

144 3063 166 3101 ²⁵
179 3068 307 3129 persona
331 3046 423 3107 verbo
446 3048 541 3107 activo
564 3054 594 3107 et
616 3045 745 3107 neutrali
768 3048 778 3105 i
800 3047 976 3125 productam
997 3044 1088 3105 babet
1116 3052 1183 3106 ante
1205 3050 1397 3110 novissimam
1419 3051 1468 3112 lit-

179 3159 288 3221 trram,
312 3152 429 3230 passivo
450 3152 599 3211 communi
623 3155 653 3209 et
675 3148 835 3228 deponenti
850 3154 918 3208 ante
934 3149 1124 3208 novissimam
1146 3148 1302 3227 syllabam,
1326 3158 1360 3211 ut
1381 3153 1470 3213 audio

179 3255 279 3323 nudis,
315 3252 420 3313 audior
452 3250 575 3312 audiris.
619 3251 695 3312 bano
724 3270 782 3311 non
815 3250 889 3311 nulli
920 3256 1057 3329 quartam
1084 3251 1325 3329 coniugationem
1352 3262 1467 3334 putant,

178 3356 255 3436 quod
285 3356 419 3415 lutururn
446 3362 563 3434 tempus
591 3361 621 3413 et
648 3356 679 3413 in
706 3372 753 3414 am
782 3359 813 3413 et
839 3356 869 3413 in
899 3352 938 3413 bo
964 3358 994 3413 et
1015 3354 1046 3412 in
1067 3369 1107 3413 ar
1127 3361 1158 3414 et
1178 3356 1210 3414 in
1230 3355 1286 3415 bor
1307 3359 1414 3426 mittit,
1437 3365 1470 3417 ut

178 3459 266 3519 audio
290 3457 375 3519 audis
397 3457 515 3517 audiam
538 3455 662 3526 audibo,
686 3458 783 3516 servio
805 3458 900 3516 servis
923 3458 1051 3516 serviam
1074 3456 1195 3517 servibo
1228 3464 1257 3517 et
1285 3459 1390 3519 audior
1417 3478 1468 3521 au-

144 3562 252 3623 oditis
275 3560 381 3622 audiar
403 3559 539 3620 audibor.
577 3558 629 3619 sed
661 3559 738 3619 hanc
766 3558 903 3638 plerique
931 3576 989 3618 non
1013 3559 1165 3637 accipiunt
1186 3567 1353 3640 negantque
1376 3565 1406 3622 in
1430 3562 1468 3623 bo

179 3672 207 3723 et
228 3668 260 3725 in
284 3662 340 3723 bor
362 3664 444 3722 exire
466 3680 553 3742 posse
575 3662 694 3721 tertiam
716 3662 804 3721 istam
827 3662 1080 3739 coniugationem,
1096 3662 1156 3721 nisi
1179 3663 1210 3722 in
1226 3680 1261 3721 eo
1276 3662 1367 3723 verbo
1388 3666 1467 3744 qnod

178 3768 327 3845 inprime
356 3783 485 3844 persona
513 3763 667 3824 indicativi
696 3764 776 3823 modi
808 3765 952 3842 temporis
979 3765 1146 3842 praesentis
1168 3767 1283 3825 numeri
1307 3766 1467 3843 singularis

178 3888 192 3927 ο
217 3874 285 3928 ante
314 3865 508 3934 obabuorit,
536 3872 569 3927 ut
598 3884 632 3925 eo
661 3885 746 3945 queo.
777 3872 848 3925 tuno
878 3866 958 3926 enim
984 3872 1066 3925 reete
1095 3865 1154 3925 dici
1184 3884 1249 3927 eam
1271 3884 1393 3945 queam,
1417 3868 1467 3928 ibo

178 3970 277 4050 quibo.

145 4115 167 4156 ³⁵
261 4104 339 4166 lllud
367 4110 467 4164 tamen
493 4103 788 4165 animadvertendum
816 4110 876 4173 est,
907 4103 986 4183 quod
1015 4104 1158 4183 quaedam
1189 4103 1277 4165 verba
1301 4112 1369 4167 sunt
1391 4126 1465 4185 quae

122 4284 130 4300 κ
179 4226 234 4268 nou
263 4206 390 4285 singulis
418 4206 679 4283 coniugationibus
706 4207 901 4267 inveniuntur
928 4206 1054 4267 addicta.
1099 4206 1249 4267 interdum
1275 4210 1356 4268 eninr
1378 4207 1466 4269 binae

247 4479 279 4531 10
297 4488 337 4528 est
355 4493 422 4541 qnae
437 4492 482 4527 om.
501 4477 557 4529 BL
629 4478 661 4528 12
679 4476 825 4543 productam
846 4493 859 4525 e
877 4476 940 4526 ΒΜ
1008 4478 1041 4529 16
1059 4477 1146 4526 itidem
1166 4478 1192 4527 in
1211 4478 1249 4541 (iu
1264 4494 1309 4529 om.
1329 4480 1367 4546 L)
1385 4482 1465 4547 impe-

181 4550 259 4600 ratiuo
273 4558 297 4599 et
313 4548 440 4599 infinitiuo
460 4550 559 4613 propria
580 4548 745 4613 productione
764 4556 880 4597 constant
897 4548 952 4597 BL
1022 4547 1054 4597 17
1069 4547 1115 4596 sed
1133 4548 1206 4597 cuins
1225 4548 1258 4597 M
1306 4550 1341 4601 20
1360 4567 1374 4600 e
1392 4566 1439 4616 pro
1458 4552 1465 4601 i

182 4621 215 4672 Ιίι.
237 4635 287 4673 cor.
306 4620 400 4684 ancipit
421 4620 450 4666 ,11
469 4634 482 4667 ο
500 4634 545 4685 pro
563 4619 572 4667 i
591 4628 732 4683 correptam
751 4616 858 4667 litteram
879 4617 971 4681 accipit
987 4616 1012 4665 L
1081 4616 1115 4668 23
1133 4617 1243 4685 species]
1263 4634 1323 4685 pars
1343 4620 1396 4670 BL

142 4736 147 4751 ,
179 4692 212 4739 'll
228 4690 335 4752 quaein
353 4688 467 4739 secunda
479 4686 504 4738 B
521 4704 586 4751 qnae
603 4688 715 4738 secunda
734 4686 795 4737 ML
863 4688 897 4737 27
915 4695 940 4735 et
958 4686 1025 4735 banc
1042 4687 1157 4737 nonnulli
1175 4698 1289 4751 quartem
1307 4691 1465 4757 coniugatio·

182 4774 236 4808 uem
255 4760 385 4825 appellant
396 4760 451 4809 BL
521 4758 555 4809 ’28
573 4757 684 4807 loturum
705 4765 804 4824 tempos
823 4765 847 4806 et
860 4758 885 4806 in
904 4772 945 4806 am
963 4766 989 4806 et
1003 4758 1029 4805 in
1049 4757 1079 4808 bo
1098 4759 1174 4808 mittit
1186 4757 1220 4806 M
1236 4758 1347 4809 futurum
1366 4770 1465 4827 tempus

182 4830 205 4876 in
223 4830 296 4880 boet
315 4830 340 4877 in
360 4844 400 4878 am
420 4830 457 4889 (οι
476 4843 516 4877 am
534 4831 570 4887 L)
590 4828 666 4878 mittit
686 4827 740 4877 BL
810 4824 845 4876 30
866 4828 1012 4891 acciperunt
1032 4838 1177 4893 negantque
1195 4836 1220 4878 et
1234 4830 1260 4879 in
1281 4830 1312 4879 bn
1331 4840 1356 4880 et
1375 4832 1401 4879 in
1421 4832 1466 4880 bor

71 4893 75 4903 '
169 4896 214 4947 dl
262 4899 297 4950 35
315 4898 378 4949 illud
396 4898 650 4949 animaduertendum
664 4909 701 4949 est
720 4898 789 4949 BL:
806 4898 887 4950 Diem.
903 4912 932 4959 p.
952 4896 1012 4961 381,
1032 4896 1065 4948 10
