3525 5600
251 380 315 445 320
754 479 759 491 1
828 387 966 450 lVLlANl

277 503 299 543 p.
314 493 351 533 109
365 490 391 530 li.

335 570 407 632 ltem
431 572 628 633 interiectioni
651 584 723 653 quot
745 574 901 637 accidunt?
923 574 1050 636 Tantum
1072 577 1256 654 significatio.
1293 578 1473 656 Signilicatio
1495 582 1544 640 in·

251 673 434 734 teriectionis
462 674 492 735 in
522 693 581 753 quo
610 677 674 736 est?
710 676 784 747 Quia
807 685 858 737 aut
887 675 1027 738 laetitiam
1056 679 1271 755 significamus,
1294 687 1327 740 ut
1348 698 1435 750 evax,
1460 680 1542 758 quod

252 784 296 836 est
317 776 483 837 interiectio
505 777 676 853 gaudentis;
701 786 750 840 aut
771 776 919 846 dolorem,
942 787 974 839 nt
995 780 1069 850 hen,
1092 779 1122 839 id
1144 789 1188 840 est
1209 782 1375 841 interiectio
1397 774 1541 861 lugentis;

251 884 300 938 aut
322 878 560 949 admirationem,
585 887 617 940 ut
638 898 747 960 papae,
771 882 847 941 sicut
869 880 989 959 quidam
1017 880 1121 942 scribit
1147 884 1295 963 ‘papae,
1321 885 1445 944 vivere
1468 903 1541 944 non

250 978 358 1049 licet,
382 986 417 1039 et
439 980 624 1041 fornicari
651 980 798 1053 libeti';
830 991 880 1044 aut
903 991 1029 1053 metum,
1059 984 1137 1043 sicut
1158 991 1232 1054 atat,
1255 984 1333 1044 sicut
1354 984 1471 1046 solitum
1495 992 1569 1045 ests

249 1080 370 1161 parvulo
387 1081 444 1142 dici
462 1090 549 1153 totto,
574 1084 691 1163 vynaudo
706 1082 885 1164 prohibetur
900 1084 1057 1145 comedere
1074 1092 1194 1145 terram.
1213 1120 1249 1128 -
1268 1086 1309 1146 Et
1325 1088 1430 1166 siqua
1453 1095 1542 1147 sunt

250 1183 404 1244 similia:
430 1194 457 1245 et
481 1203 556 1264 qnae
578 1193 647 1247 sunt
668 1185 793 1247 similia?
815 1185 921 1258 Multa,
945 1206 1020 1267 quae
1036 1186 1071 1247 ad
1087 1188 1331 1266 significationem
1348 1190 1439 1268 partis
1453 1188 1541 1248 istius

249 1288 409 1366 pertinent.

274 1402 360 1456 Μ·
777 1424 826 1486 ns
848 1424 1011 1488 nvvvum

332 1542 434 1603 Partes
462 1544 669 1619 grammaticae
697 1546 769 1605 artis
796 1552 868 1624 quot
895 1545 983 1605 sunt?
1015 1545 1114 1605 Prima
1145 1562 1213 1624 pars
1236 1554 1281 1605 est
1304 1563 1379 1623 qnae
1401 1546 1540 1606 scribitur
1556 1568 1583 1605 vo

248 1662 303 1723 per
325 1644 528 1723 metaphoram
552 1652 581 1704 et
602 1645 804 1724 antiphoram,
827 1645 857 1706 id
881 1652 925 1707 est
947 1664 1002 1725 per
1027 1648 1289 1724 interrogationem
1319 1654 1349 1707 et
1370 1651 1539 1728 responsio·

249 1765 332 1815 nem,
358 1764 431 1825 quae
454 1745 520 1807 data
544 1755 588 1807 est
610 1746 752 1826 parvulis,
776 1767 834 1828 quo
850 1748 938 1808 modo
953 1748 1083 1808 debeant
1103 1746 1276 1825 intellegere
1295 1756 1325 1807 ct
1346 1750 1537 1829 respondere,

248 1848 321 1907 nihil
351 1848 465 1908 habens
495 1848 684 1910 difficultatis.
730 1849 860 1911 secunda
889 1859 934 1910 est
961 1849 1083 1911 uberior
1112 1858 1142 1909 et
1172 1850 1264 1919 utilis,
1296 1868 1370 1927 qvvac
1400 1850 1465 1911 data
1494 1859 1539 1909 est

249 1949 408 2011 maioribus
431 1956 461 2009 et
484 1950 662 2021 minoribns,
686 1952 833 2012 modicum
856 1950 970 2013 babens
993 1951 1189 2021 dilticultatis,
1214 1952 1383 2029 utromodo
1411 1955 1538 2012 interro-

250 2070 320 2130 gare
345 2060 374 2112 et
395 2052 578 2132 respondere
600 2054 727 2133 possint,
752 2062 781 2114 et
803 2055 908 2133 incipit
929 2072 945 2113 a
967 2052 1073 2116 littera.
1554 2074 1580 2111 rs

802 2156 821 2194 ss
884 2150 903 2189 *
964 2152 983 2190 ξ

274 2300 294 2339 v·
310 2289 340 2326 ¹⁴-
354 2286 379 2327 1⁵
393 2286 416 2327 Η·
663 2308 711 2369 nu
734 2306 928 2369 vivatvovs
951 2308 1127 2370 svnmnvs

331 2426 456 2507 Quando
485 2428 681 2487 nominativus
708 2426 867 2504 singularis
897 2446 926 2487 m
950 2430 1140 2496 terminatur,
1166 2426 1271 2507 longus
1295 2437 1398 2488 eston
1422 2426 1537 2487 brevis?

248 2528 349 2589 Brevis
372 2537 430 2598 cst;
454 2528 524 2589 dicit
547 2537 644 2589 tamen
668 2529 798 2589 Donatus
820 2530 966 2612 ‘arduum
989 2537 1034 2590 est
1055 2529 1141 2590 buius
1164 2532 1207 2590 rei
1235 2528 1369 2608 exempla
1392 2530 1535 2607 reperire,

247 2649 282 2689 eo
306 2631 384 2707 quod
407 2631 482 2691 baec
504 2632 599 2691 littera
623 2650 710 2709 saepe
733 2634 811 2691 inter
833 2630 950 2691 vocales
970 2632 1066 2709 posita
1088 2630 1216 2690 delicit'.
1253 2648 1310 2708 quo
1333 2630 1439 2689 vnodo'l
1462 2632 1535 2701 Quia
1550 2653 1577 2691 ao

247 2729 366 2791 diihcile
389 2739 487 2793 estut
510 2731 677 2810 exemplum
701 2741 815 2793 certum
839 2733 1021 2802 inveniatur,
1046 2731 1152 2792 exinde
1176 2740 1274 2793 utrum
1298 2732 1402 2810 longus
1423 2724 1462 2791 'sit
1484 2750 1537 2791 uo·

247 2835 403 2895 miuativus
425 2853 462 2894 an
485 2834 584 2895 brevis
606 2835 712 2914 [quare
735 2853 763 2894 m
786 2837 864 2896 inter
888 2833 1002 2895 vocales
1023 2837 1121 2914 posita,
1140 2833 1289 2914 deiioiti],
1313 2837 1459 2894 incertum
1482 2843 1535 2894 est.

330 2939 373 2997 dn
396 2937 495 2996 linitus
517 2937 713 2996 nominativus
736 2935 895 3012 singularis
917 2937 1012 3015 qualis
1034 2938 1096 2997 esti
1119 2936 1252 3014 Longus,
1276 2945 1309 2996 nt
1331 2936 1427 2996 Titan.
1458 2937 1535 3005 Qua·

245 3037 281 3098 lis
302 3056 401 3098 sermo
425 3046 468 3100 est
482 3037 589 3098 Titan?
611 3037 752 3098 Graecus
782 3035 858 3108 Quid
880 3045 966 3098 sonat
987 3039 1019 3099 in
1041 3036 1149 3098 latino?
1173 3038 1223 3098 Sol
1247 3045 1291 3098 est
1312 3037 1390 3117 apud
1406 3037 1533 3098 Latinos.

245 3141 317 3200 dicit
339 3141 471 3201 Donatus
493 3139 634 3201 ‘latinum
663 3157 733 3199 vero
761 3139 791 3198 in
814 3138 870 3198 hac
893 3138 1002 3218 syllaba
1026 3158 1084 3200 non
1107 3147 1207 3218 potest
1228 3156 1337 3198 nomen
1359 3140 1484 3198 inveniri
1494 3144 1512 3198 ².
1548 3162 1576 3200 ss

330 3243 452 3313 Quando
481 3261 517 3303 en
547 3243 738 3308 terminatur,
767 3239 872 3317 longus
902 3249 946 3300 est
968 3260 1006 3301 an
1029 3240 1145 3301 brevis?
1181 3240 1214 3300 ln
1241 3241 1356 3300 neutris
1376 3239 1536 3317 generibus

247 3343 343 3404 bvevis
366 3353 423 3414 est,
448 3352 479 3403 ut
501 3363 635 3410 carmen:
667 3343 696 3402 in
720 3341 785 3402 aliis
808 3351 906 3402 autem
929 3341 1090 3419 generibus
1112 3341 1190 3421 apud
1212 3341 1332 3402 Latinos
1353 3341 1459 3420 longus
1481 3349 1534 3411 est,

244 3445 321 3524 apud
346 3447 477 3507 Graecos
499 3445 597 3506 brevis
620 3454 679 3512 est,
709 3451 740 3503 ut
762 3453 867 3522 pecten
891 3443 997 3503 llamen
1021 3444 1081 3504 lien
1103 3442 1216 3522 pollen.
1246 3445 1313 3521 qnia
1335 3452 1443 3520 pecten
1464 3462 1533 3521 pec-

246 3549 336 3606 tinem
358 3547 481 3617 dicitur,
505 3547 611 3607 llamen
636 3546 800 3614 llamincm,
829 3545 888 3605 lien
912 3544 1034 3614 lienem,
1059 3544 1157 3622 pollen
1180 3544 1332 3624 pollinem.

330 3648 453 3719 Quando
476 3667 514 3709 on
538 3649 728 3716 terminatur,
752 3647 860 3724 longus
883 3654 929 3706 cst
948 3664 987 3706 an
1011 3645 1124 3706 brevis?
1148 3647 1272 3726 Semper
1294 3645 1401 3724 longus
1423 3654 1478 3715 est,
1502 3656 1574 3710 utso

243 3751 391 3812 Memnon.

288 3855 289 3858 ’
328 3853 452 3923 Quando
480 3854 678 3914 nominativus
705 3850 862 3928 singularis
892 3851 1068 3911 terminatur
1091 3868 1138 3918 ar,
1163 3849 1270 3927 longus
1292 3860 1337 3910 est
1357 3869 1396 3910 an
1418 3850 1534 3910 brevis?

244 3955 275 4014 ln
299 3955 509 4034 monosyllabis
533 3955 639 4032 longus
661 3961 719 4020 ost,
744 3961 775 4013 ut
797 3969 850 4012 nav
873 3952 928 4012 lar.
972 3952 1048 4023 Quid
1072 3953 1144 4012 nari
1173 3950 1203 4011 ld
1227 3960 1272 4012 est
1294 3953 1388 4021 naris,
1412 3953 1456 4012 iar
1478 3970 1533 4031 pro

243 4058 346 4117 farina.
393 4057 424 4117 ln
453 4056 643 4137 polysyllabis
670 4053 764 4132 qualis
787 4055 848 4114 esti
882 4055 1013 4114 Donatus
1035 4053 1106 4113 dicit
1128 4052 1215 4113 ‘lieet
1235 4056 1267 4113 in
1288 4052 1335 4112 his
1358 4053 1464 4130 longus
1485 4054 1532 4120 sit,

243 4178 318 4237 qnae
340 4177 356 4218 a
379 4161 410 4220 in
431 4161 567 4237 genetivo
590 4165 658 4218 ante
675 4155 806 4216 nltimam
825 4156 1009 4234 producunt,
1033 4165 1131 4216 tamen
1146 4157 1322 4217 auctoritate
1344 4157 1531 4234 corripitur'.
1547 4176 1573 4216 ss

243 4263 308 4331 Quo
331 4261 436 4321 modo‘l
459 4261 597 4332 Quamvis
612 4259 707 4328 diem,
732 4259 763 4318 in
779 4260 915 4335 genetivo
930 4277 1001 4318 casu
1023 4256 1205 4337 paenvvltimo
1228 4255 1293 4315 loco
1316 4254 1406 4316 habet
1426 4274 1532 4316 accen-

243 4371 319 4430 tum,
343 4363 393 4441 qni
416 4372 461 4423 est
485 4360 605 4422 nltivnus
628 4361 657 4421 in
681 4361 875 4430 nominativo,
901 4367 933 4420 ut
947 4361 986 4420 sit
1000 4360 1064 4438 ipse
1080 4361 1278 4420 nominativus
1300 4358 1416 4436 longus,
1434 4367 1531 4418 tamen

309 4603 324 4652 4
344 4599 436 4668 papae]
459 4601 603 4664 Hieronpm.
624 4597 1177 4662 epi-et.adliustv'cummonnrhmucp.125,
1198 4597 1229 4648 13
1247 4599 1295 4649 ool.
1316 4598 1326 4646 l
1344 4597 1356 4648 1
1374 4612 1401 4659 p.
1421 4597 1470 4647 941
1489 4597 1530 4646 ed.

246 4673 362 4722 Vellera.
453 4669 484 4720 19
503 4667 622 4735 arduum]
645 4669 721 4722 Μαι,
747 4671 843 4721 Victor.
861 4670 975 4732 defined.
989 4684 1019 4731 p.
1035 4669 1086 4719 459
1104 4669 1144 4716 ert.
1161 4668 1268 4718 Vindob.
1358 4667 1392 4716 25
1412 4664 1528 4732 latinum]

241 4743 276 4805 cf.
294 4741 372 4796 Mox.
397 4744 492 4794 Victor.
513 4743 530 4792 l.
547 4758 568 4790 c.
640 4739 675 4790 28
695 4749 784 4806 pecten
806 4739 906 4803 pectino
932 4739 1022 4787 dieitur
1046 4739 1136 4786 llnmcu
1163 4738 1265 4786 dantiae
1291 4739 1340 4786 lien
1361 4737 1426 4786 liene
1445 4735 1530 4802 pollen

241 4827 288 4876 pro
307 4814 400 4878 polline
417 4813 446 4864 ll.
467 4799 819 4872 rvccrmutivvtnstndscvdpsisse
834 4811 932 4859 uidear
948 4812 1125 4873 prurnnrotirus
1138 4809 1173 4857 nd
1190 4825 1271 4872 gereres
1283 4809 1403 4858 pontinum
1419 4807 1531 4869 probun-

241 4882 310 4932 dum:
325 4883 360 4947 (s.
380 4883 480 4934 Clnnv's.
496 4897 524 4946 ρ.
544 4881 586 4943 87,
608 4881 638 4930 15
710 4880 742 4930 34
763 4876 830 4946 licet]
856 4887 879 4928 nt
897 4879 936 4928 R:
953 4879 989 4943 rs.
1010 4878 1086 4928 anax.
1110 4879 1208 4930 l't'rtor.
1229 4880 1244 4930 l.
1265 4893 1287 4932 c.
