3525 5600
748 393 820 455 lits
1381 391 1424 456 49

1231 513 1252 554 p.
1265 501 1323 544 reos.
1337 501 1362 543 oc
1375 499 1399 543 n.
1426 534 1430 540 .

630 579 679 640 DE
700 578 922 643 Pnououutu

214 697 426 769 Quaerendum
447 705 545 761 utrum
568 716 732 778 pronomen
755 717 794 761 an
808 700 985 778 pronomine
1001 698 1124 762 dicatur.
1142 701 1233 778 magis
1248 718 1423 780 pronomen,

135 801 206 860 sicut
226 809 414 880 procurator.
441 836 479 845 —
500 801 582 862 Inter
603 819 712 862 nomen
736 809 765 861 et
785 819 950 880 pronomen
970 803 974 879 Ι
994 801 1051 862 hoc
1065 803 1207 872 interest,
1231 803 1300 881 quia
1316 819 1425 862 nomen

135 899 250 980 plenam
280 901 476 964 elocutionem
506 901 609 973 habet,
639 921 805 983 pronomen
832 902 1036 983 semiplenam.
1072 904 1146 964 haec
1174 905 1252 965 enim
1281 901 1425 983 particula

113 1011 254 1083 spropter
282 1004 432 1066 fastidium
462 1007 581 1066 inventa
610 1013 669 1074 est,
698 1023 736 1066 ue
764 1004 809 1066 bis
831 1023 942 1066 nomen
964 1014 1125 1087 repetatur.
1163 1007 1244 1067 luter
1265 1024 1374 1066 nomen
1397 1015 1427 1065 et

134 1124 299 1184 pronomen
328 1107 384 1168 lroc
413 1109 551 1168 interest:
580 1109 701 1167 nomina
723 1110 950 1187 conparationes
972 1106 1096 1181 habent,
1125 1110 1301 1189 pronomina
1323 1127 1426 1188 perso-

135 1225 194 1268 nas.
233 1227 304 1268 nam
326 1226 425 1286 neque
448 1209 567 1270 nomina
590 1227 733 1288 personas
755 1218 878 1289 possunt
900 1209 1010 1272 hahere
1033 1229 1130 1292 neque
1153 1213 1330 1290 pronomina
1345 1229 1425 1271 com-

134 1311 311 1388 parationes.
337 1345 373 1354 -
398 1309 496 1380 Quae
523 1329 590 1390 pro
620 1313 768 1372 nomine
795 1313 915 1392 posita
943 1312 1159 1374 tantundem
1188 1329 1278 1392 pene
1306 1314 1543 1390 signiacum

134 1413 240 1472 licat:
267 1431 328 1473 non
351 1422 395 1473 est
417 1415 497 1473 enim
518 1420 646 1483 tantum,
671 1431 739 1474 cum
762 1413 828 1474 dico
852 1415 954 1485 GaiuS,
979 1433 1066 1495 quam
1089 1414 1206 1492 quando
1229 1415 1295 1474 dico
1318 1433 1372 1492 ego
1395 1421 1426 1474 tu

102 1513 190 1574 mille.
229 1514 396 1592 ‘Vergilius
418 1517 536 1594 scripsit
558 1515 708 1585 bucolica,
738 1519 800 1596 ipse
822 1524 852 1577 et
872 1519 1037 1595 georgica’:
1067 1516 1131 1594 ipsc
1153 1515 1251 1577 minus
1273 1516 1357 1596 plena
1381 1525 1427 1577 est

135 1617 243 1686 oratio;
268 1634 337 1677 nam
359 1617 562 1694 quaerendum
584 1617 659 1678 milri
680 1626 726 1678 est
747 1635 871 1687 nomen,
901 1619 967 1696 quis
989 1619 1028 1678 sit
1053 1618 1125 1697 ipse.
1147 1653 1190 1664 —
1209 1617 1472 1678 Personam-24

136 1736 200 1795 que
221 1719 415 1780 interdum
444 1719 597 1801 recipit:
621 1717 807 1800 aliquotiens.
845 1738 914 1780 nam
937 1727 1007 1780 tunc
1029 1721 1150 1800 accipit,
1174 1719 1293 1800 quando
1313 1719 1426 1780 linitum

136 1827 191 1888 est;
214 1821 335 1900 quando
356 1821 503 1881 infinitum
527 1828 584 1891 est,
609 1829 690 1882 caret
708 1817 715 1904 Ι
732 1840 869 1902 persona.
892 1857 934 1866 --
957 1821 1093 1882 Finita:
1116 1827 1222 1882 cuncta
1245 1819 1377 1883 absoluta
1400 1827 1473 1880 etat

135 1922 281 2001 perlecta,
305 1924 434 1984 maxime
456 1925 487 1984 in
509 1924 604 2003 prima
625 1933 656 1984 et
676 1924 808 1986 secunda
828 1942 973 2005 persona;
997 1925 1083 1984 tertia
1106 1925 1189 2003 quasi
1209 1924 1338 1993 incerta,
1361 1925 1428 2003 quia

103 2032 231 2104 upotest
254 2043 323 2086 esse
345 2033 375 2085 et
396 2023 535 2085 absentis.
561 2022 684 2104 [primax
708 2027 803 2104 prima
826 2034 856 2086 et
876 2024 1005 2086 secunda
1028 2045 1155 2106 persona
1178 2043 1296 2105 semper
1310 2027 1428 2104 generis

135 2133 201 2186 sunt
222 2129 333 2187 omnis.
371 2133 399 2186 et
427 2125 513 2187 multi
533 2125 638 2189 volunt
658 2129 775 2189 tertiam
797 2145 956 2207 personam
979 2128 1091 2188 linitam
1114 2144 1175 2188 nou
1199 2145 1278 2197 esse,
1308 2129 1376 2206 quia
1399 2135 1429 2187 et

135 2227 170 2286 de
184 2211 312 2287 absente
327 2226 452 2290 dicimus
473 2227 548 2310 ille]
570 2264 613 2274 -
628 2229 713 2291 Cuias
736 2237 766 2290 et
786 2231 905 2290 cuiatis:
929 2229 986 2290 duo
1008 2229 1065 2290 ista
1087 2248 1178 2290 unum
1193 2231 1369 2308 significant.
1386 2239 1474 2286 -3o

135 2329 263 2391 linitum
287 2347 303 2388 a
326 2331 421 2408 prima
435 2349 563 2410 persona
579 2333 741 2392 vocativum
758 2331 939 2412 singularem
954 2350 1014 2392 non
1030 2330 1133 2402 habet,
1158 2333 1189 2391 in
1204 2331 1312 2412 plurali
1326 2329 1425 2401 habet,
1439 2339 1471 2388 27

136 2433 199 2508 quia
222 2430 299 2493 alios
321 2449 422 2492 secum
443 2431 578 2494 includit
594 2467 635 2479 —
651 2434 731 2494 lntcr
752 2434 833 2494 linita
857 2440 887 2494 et
900 2433 1015 2495 infinita
1029 2433 1086 2495 hoc
1100 2435 1238 2494 interest:
1262 2435 1344 2495 finita
1359 2441 1430 2496 sunt
1461 2457 1462 2462 ¹

103 2551 208 2613 oquae
229 2531 344 2594 habent
365 2542 477 2595 certam
498 2553 671 2614 personam,
694 2537 808 2596 infinita
830 2555 906 2616 quae
928 2537 1036 2616 cuique
1057 2538 1178 2614 aequari
1199 2541 1331 2616 possunt.
1376 2534 1429 2596 sed

135 2635 206 2696 haec
229 2634 309 2716 apud
332 2635 463 2696 Graecos
484 2639 604 2697 nomina
625 2645 695 2698 sunt
716 2639 927 2716 interrogativa
952 2638 998 2699 vel
1020 2639 1230 2718 comparativa.
1252 2673 1293 2682 -
1316 2637 1428 2698 Prono·
1442 2647 1475 2698 23

137 2757 217 2813 men,
242 2739 313 2816 quia
335 2755 396 2798 noa
418 2739 551 2817 iungitur
578 2738 675 2801 officio
702 2740 759 2801 nisi
785 2742 951 2820 praemisso
974 2742 1103 2803 nomine.
1136 2739 1204 2801 ideo
1226 2740 1300 2801 haec
1322 2758 1391 2821 pars
1413 2759 1430 2803 a

136 2840 266 2903 Varrone
286 2839 292 2922 Ι
310 2839 494 2901 succedanea
516 2841 636 2911 dicitur,
660 2844 728 2923 quia
750 2860 811 2904 non
825 2850 925 2924 potest
938 2846 970 2904 in
985 2843 1088 2904 eadem
1103 2843 1252 2905 locutione
1267 2861 1349 2912 esse,
1373 2841 1430 2902 hoc

138 2949 180 3002 est
200 2944 270 3019 quia
291 2941 338 3003 bis
360 2960 470 3003 nomeu
491 2945 588 3023 repeti
609 2962 669 3005 non
693 2953 800 3025 potest
839 2944 913 3006 ordo
936 2945 1105 3007 tamenhic
1129 2944 1340 3007 custodiendus
1357 2942 1428 3024 estll

104 3052 170 3104 aaut
189 3062 301 3106 nomeu
323 3046 356 3105 in
376 3045 568 3125 praecedenti
589 3047 628 3105 sit
647 3044 728 3117 loco,
746 3063 918 3129 pronomen
940 3050 972 3108 in
993 3046 1135 3108 subiecto.
1174 3047 1241 3107 idco
1263 3064 1429 3126 pronomen

138 3148 298 3207 vocativum
327 3166 426 3207 casum
454 3166 514 3208 non
542 3146 645 3216 habet,
675 3165 724 3209 res
750 3166 827 3227 quae
850 3168 960 3211 nomen
981 3157 1164 3229 praesentat,
1193 3150 1261 3229 quia
1288 3168 1338 3210 res
1360 3148 1429 3209 sub-

138 3249 211 3309 iecta
231 3250 398 3309 vocativum
420 3248 531 3311 habere
552 3267 613 3310 non
634 3257 741 3330 potest.
758 3285 798 3295 —-
822 3251 918 3322 Ouae
940 3253 1129 3331 recipiunt
1150 3268 1346 3331 personas:
1370 3249 1475 3311 Ρ11-27

139 3352 204 3411 nius
226 3350 414 3431 artigraphos
436 3352 569 3415 dicentes
590 3352 818 3433 pronominibus
839 3353 931 3415 linitis
953 3354 1088 3415 accidere
1107 3338 1252 3433 personas
1267 3354 1430 3435 reprehen-

139 3451 187 3511 dit.
226 3460 297 3513 umc
321 3456 401 3515 enirn
422 3452 500 3514 irene
521 3454 679 3525 diceretur,
702 3457 727 3517 si
749 3455 828 3517 aliud
843 3465 921 3517 esset
934 3473 1100 3535 pronomen
1116 3457 1245 3526 linitum,
1269 3454 1347 3517 aliud
1363 3474 1431 3537 per-

107 3572 219 3614 sosoua.
268 3556 440 3617 nonenim
468 3574 526 3616 una
553 3575 603 3617 res
630 3564 727 3637 potest
755 3576 819 3619 esso
846 3576 921 3638 quae
943 3557 1051 3619 accidit
1073 3563 1103 3617 et
1124 3559 1170 3618 cui
1199 3557 1315 3619 accidit.
1359 3576 1431 3637 ergo

130 3646 244 3717 'melius
264 3658 307 3717 ita
323 3656 482 3718 dicendum
497 3666 555 3727 est,
579 3660 633 3728 ait,
658 3658 762 3719 eadem
777 3678 842 3721 esse
855 3660 937 3721 linita
953 3660 1145 3740 pronomina,
1169 3676 1244 3737 quae
1259 3669 1328 3721 sunt
1342 3662 1430 3721 etiam

138 3776 292 3837 personae.
315 3794 358 3803 -
381 3761 422 3820 vt
444 3776 511 3837 ego
534 3768 569 3820 tu
591 3760 672 3821 ille:
695 3763 758 3841 ipsa
780 3758 873 3843 suntl
894 3763 972 3823 linita
996 3771 1026 3823 ct
1047 3779 1123 3840 quae
1139 3779 1175 3822 ex
1188 3760 1236 3822 his
1251 3761 1430 3831 derivantur,

147 3896 439 3905 --....—.--...-.-

207 3950 268 4000 God.
285 3949 366 3999 Beria
386 3948 446 3998 Vlll
462 3946 553 3999 4-0.
626 3949 690 3999 lun
709 3962 857 4000 ruosorsmr
874 3948 920 3998 lloc
944 3950 999 3999 loeo
1022 3950 1135 4000 amisum
1157 3956 1216 4012 post
1243 3948 1258 3999 3
1281 3958 1429 4016 procurator

139 4020 309 4081 scriptumest
378 4016 462 4068 dhoc
477 4014 528 4065 hoc
545 4018 650 4067 interest
718 4019 893 4085 droppetatur
963 4018 995 4069 10
1013 4018 1114 4069 scribsit
1133 4018 1248 4069 uocolica
1319 4019 1432 4081 liquid

142 4088 172 4136 sit
241 4088 274 4139 15
292 4096 367 4154 potes
439 4084 472 4138 10
490 4088 559 4136 omni
639 4090 672 4139 21
690 4097 752 4154 aput
821 4090 855 4138 22
873 4104 923 4138 non
943 4104 989 4139 om.
1062 4091 1199 4139 abamoue
1217 4090 1336 4139 sticccdat
1355 4089 1378 4137 in
1402 4102 1431 4136 en

207 4158 243 4210 23
258 4168 332 4224 potes
350 4165 375 4207 et
391 4158 419 4207 in
488 4158 523 4208 24
537 4165 635 4223 potes-
680 4158 714 4209 25
729 4160 755 4208 in
773 4157 900 4209 subiectus
970 4158 1153 4225 adpraesens
1171 4174 1240 4211 corr.
1258 4161 1291 4209 al.
1309 4174 1373 4211 man.
1393 4166 1432 4206 -at

209 4229 243 4279 27
260 4227 363 4296 plenius
381 4225 520 4293 artigralus
589 4227 624 4278 23
641 4228 744 4277 intlnitis
814 4226 994 4295 repraehendit
1063 4227 1098 4279 29
1115 4230 1178 4279 aliut
1196 4237 1264 4279 esset
1281 4243 1372 4278 nomen

143 4298 202 4349 aliut
270 4297 303 4350 31
322 4297 489 4365 praenomina

208 4470 243 4521 15
258 4471 341 4536 prima
360 4498 390 4507 -
412 4470 444 4521 16
458 4470 540 4519 omnis
562 4470 600 4519 ud
620 4485 652 4519 ea
669 4486 734 4535 quae
753 4472 868 4533 proxime
887 4470 1035 4521 antecedrurt
1053 4470 1207 4533 captivando
1229 4470 1360 4533 adscripta
1377 4484 1433 4519 esse

144 4540 266 4602 udatur,
288 4549 316 4590 ut
336 4541 419 4606 prima
439 4542 558 4590 lamatio
577 4544 633 4590 loco
649 4544 780 4605 repetitum
796 4544 830 4591 sit
898 4541 933 4592 20
952 4556 1017 4603 quae
1037 4542 1187 4604 cuicumque
1207 4553 1329 4603 personae
1347 4540 1430 4605 aptari

145 4619 247 4673 possunt
262 4612 367 4663 Seruius
379 4614 404 4659 iu
420 4612 486 4663 Don.
501 4626 529 4673 p.
550 4610 610 4674 110,
631 4611 663 4661 10
680 4610 755 4676 Serp.
769 4614 874 4674 explan.
893 4626 919 4674 p.
937 4610 997 4675 500,
1018 4612 1050 4661 17
1119 4612 1153 4660 22
1171 4611 1230 4673 quia
1248 4624 1298 4658 non
1317 4609 1432 4675 iungitur

146 4680 275 4731 Pntscltius
326 4680 361 4730 23
377 4680 535 4731 succedanea
551 4680 763 4731 Boudarmssoar.
780 4685 835 4737 lect.
852 4698 881 4747 p.
900 4682 949 4733 115
1005 4681 1119 4742 sortasse
1138 4680 1197 4743 quia
1215 4680 1254 4729 bis
1272 4694 1362 4729 nomeu
1382 4694 1432 4728 non

148 4760 226 4814 potest
240 4752 266 4800 in
336 4752 370 4801 25
388 4750 548 4800 insanientis
567 4750 698 4802 Putscldua
768 4752 802 4801 20
815 4751 930 4816 sortasse
944 4750 1088 4801 vocativum
1107 4764 1194 4799 casum
1208 4748 1354 4811 nonhabet,
1372 4750 1432 4812 quia

148 4834 186 4870 res
200 4821 324 4885 subiecta,
343 4836 408 4884 quae
424 4835 515 4871 nomeu
533 4830 687 4887 praesentat,
706 4822 849 4872 vocativum
868 4822 960 4871 habere
986 4836 1035 4871 non
1053 4826 1137 4887 potest
1206 4820 1239 4871 27
1263 4817 1371 4886 Plinius]
1396 4819 1432 4881 cs.

149 4889 255 4954 Pompei.
271 4909 299 4957 p.
313 4889 365 4941 237
381 4892 422 4942 ed.
440 4892 518 4941 Liud.

196 4980 371 5024 ommmrrtr
385 4980 476 5023 mrrru
489 4982 516 5023 v.
1209 4972 1230 5037 4
