3525 5600
541 334 740 397 ninnium
764 333 938 396 PlllllSlNA
963 332 1106 395 Vl-Vlll
1409 333 1471 396 607

1274 455 1296 496 p.
1311 443 1369 484 27³8.
1383 445 1408 484 ta
1422 442 1445 486 l'.

179 531 228 585 est
249 524 310 585 tulo
331 523 417 604 quasi
439 542 455 583 a
477 522 607 584 themate
630 521 705 584 tulat
726 522 873 593 declinat,
902 523 994 584 ‘nisi
1022 523 1116 604 qnod
1140 529 1200 584 tua
1222 519 1384 584 facultas
1406 542 1470 584 no-

180 626 241 688 bis
268 627 364 690 tulat
391 627 579 706 operam’:
613 632 713 687 vertor
741 633 771 687 et
798 643 901 686 rerror
931 643 1035 686 versus
1061 645 1143 698 snm;
1171 628 1269 706 patior
1296 635 1326 688 et
1357 627 1471 708 pandor

178 746 286 809 passus
300 747 381 798 sum,
404 746 464 788 non
479 745 604 807 pansus:
626 727 777 806 Vergilius
799 730 940 807 ‘passis
962 727 1168 790 crinibus’:
1192 730 1308 810 explico
1330 720 1470 811 explicui,

179 833 251 912 quia
272 830 350 910 plico
372 828 481 910 plicui;
503 829 557 890 sed
578 829 684 891 Cicero
704 847 760 910 pro
782 828 880 891 Tullio
903 830 1111 910 explicavit
1133 832 1184 892 ait.

152 947 166 987 s
264 932 307 994 lle
329 932 632 1012 plusquamperfecto.
662 935 694 993 in
709 933 826 1010 graecis
848 929 949 992 verbis
971 949 1046 1011 qnae
1068 933 1100 992 in
1123 950 1149 992 ω
1163 941 1273 994 exeunt
1294 952 1381 995 omne
1403 953 1469 1014 per-

178 1037 293 1098 fectum
314 1042 432 1114 tempus
453 1041 547 1096 mutat
569 1036 599 1094 in
621 1035 679 1094 fine
702 1053 724 1094 α
746 1035 778 1094 in
801 1052 853 1094 ειν
874 1042 904 1094 et
934 1035 1006 1095 facit
1031 1031 1367 1114 plusquamperfectum,
1391 1037 1470 1117 qnod

178 1138 224 1200 illi
244 1130 535 1216 ὖιιερσνντελικόν
555 1143 671 1198 vocant.
714 1137 865 1215 incapite
889 1153 973 1206 vero,
1003 1138 1027 1197 si
1050 1136 1217 1216 perlectum
1240 1156 1256 1198 a
1278 1139 1370 1200 vocali
1394 1140 1469 1199 inci-

176 1243 239 1321 pit,
264 1239 301 1301 ab
323 1238 428 1301 cadem
450 1237 544 1300 vocali
567 1245 599 1298 et
612 1238 936 1319 plusquamperfectum
952 1239 1075 1318 incipiat
1089 1255 1212 1300 necesse
1228 1249 1288 1310 est,
1312 1237 1470 1321 dpbnpxo

177 1337 386 1422 ἑφθάριιειν,
410 1340 528 1421 εἴρηκα
550 1336 713 1420 εἰρήκεινι
748 1343 774 1402 si
796 1358 867 1400 vero
889 1341 1010 1402 initium
1031 1341 1157 1420 perfecti
1179 1358 1344 1404 consonans
1366 1344 1467 1413 fuerit,

136 1458 163 1496 1⁰
177 1451 251 1506 tunc
280 1435 566 1523 inconveniencia
598 1441 636 1503 ab
667 1443 783 1504 adiecta
805 1442 863 1503 sibi
885 1442 980 1503 vocali
1002 1443 1122 1522 incipit,
1145 1439 1310 1523 πεποίηκα
1333 1440 1468 1506 ἐπιποι-

175 1541 291 1626 ήκειν,
317 1542 472 1624 γέγραφα
500 1537 714 1624 ἐγιγράσειν.
749 1562 804 1604 nec
832 1546 988 1607 inmerito:
1018 1543 1086 1606 bina
1109 1546 1189 1604 enim
1211 1551 1359 1625 tempora,
1384 1556 1416 1608 nt
1438 1555 1469 1608 et

176 1646 435 1726 supradiximus,
462 1645 607 1707 naturalis
632 1646 777 1727 quaedam
805 1648 943 1725 cognatio
971 1645 1136 1726 copulavit,
1159 1663 1226 1706 cum
1248 1652 1398 1726 praesenti
1421 1652 1467 1711 in·

175 1751 357 1830 perfectum,
380 1767 450 1810 curn
471 1749 605 1828 perfecto
627 1749 965 1829 plusquamperfectum,
995 1766 1062 1808 cum
1085 1750 1194 1809 norisio
1217 1747 1398 1812 Graecorum
1421 1753 1466 1812 fu-

175 1861 289 1914 turum.
332 1851 402 1912 ideo
429 1850 507 1932 apud
536 1850 606 1912 illos
634 1852 711 1912 sicut
737 1853 901 1932 incipiente
929 1852 1080 1931 praesenti
1109 1870 1124 1912 a
1153 1851 1245 1913 vocali
1267 1853 1465 1932 inperfectum
1548 1901 1551 1914 .

136 1965 162 2006 1⁵
175 1954 314 2016 similiter
337 1973 353 2015 a
375 1953 469 2014 vocali
491 1955 611 2032 incipit,
640 1954 665 2013 si
693 1971 764 2012 vero
790 1971 973 2032 praesensa
999 1960 1178 2014 consonante
1207 1955 1323 2034 coepit,
1347 1953 1466 2017 additur

174 2057 344 2136 inperfecto
370 2055 495 2125 vocalis,
528 2052 661 2135 φθείρω
686 2051 867 2134 ἔφθειρον,
895 2056 936 2114 ita
964 2060 994 2114 et
1021 2053 1346 2136 plusquamperfectum
1374 2056 1465 2120 simili

175 2159 385 2220 observatione
407 2157 445 2218 de
468 2159 554 2219 initio
576 2158 703 2237 perfecti
726 2156 841 2234 cognati
856 2155 915 2218 sibi
936 2157 1020 2234 leges
1035 2159 1173 2228 assumit,
1197 2165 1321 2239 excepto
1337 2177 1372 2219 eo
1387 2160 1464 2239 qnod
1492 2146 1498 2160 '

176 2261 298 2322 brevem
319 2278 409 2339 quam
435 2261 467 2320 in
495 2259 643 2338 principio
664 2259 792 2338 perfecti
819 2260 954 2338 repperit
981 2276 1040 2318 non
1063 2265 1156 2320 mutat
1178 2261 1209 2319 in
1231 2259 1365 2338 longam,
1389 2263 1466 2322 sicut

174 2369 271 2425 mutat
290 2363 489 2442 inperfectum
512 2360 549 2420 dc
571 2363 668 2440 capite
696 2360 861 2440 praesentis
882 2365 1048 2438 acceptam,
1072 2353 1142 2439 ἄγω
1156 2346 1252 2440 ήγον.
1297 2370 1364 2442 post
1384 2363 1464 2442 plus·

132 2466 432 2545 wquampcrfectum
459 2480 643 2543 consequens
674 2469 740 2522 erat
776 2469 810 2522 nt
842 2460 879 2521 de
912 2462 1027 2522 infinito
1061 2469 1208 2542 tempore,
1244 2463 1274 2523 id
1309 2471 1355 2524 cst
1387 2461 1465 2544 accpi

173 2561 350 2647 ἀορίστου,
373 2561 378 2642 Ι
400 2573 613 2634 tractaremus;
636 2564 687 2625 sed
703 2564 771 2625 ideo
785 2565 1068 2645 praetermittimus,
1084 2565 1153 2642 quia
1169 2581 1204 2624 eo
1226 2565 1356 2628 latinitas
1372 2573 1462 2627 caret.

260 2668 303 2730 lle
326 2670 436 2729 futuro.
478 2674 542 2729 tres
562 2673 633 2728 sunt
653 2669 775 2728 omnino
797 2664 928 2746 syllabae
951 2683 1026 2744 quae
1049 2667 1079 2725 in
1102 2668 1219 2744 graecis
1240 2667 1341 2728 verbis
1362 2668 1463 2730 futuro

173 2773 303 2851 tempori
332 2773 494 2832 terminum
521 2771 649 2832 faciunt:
679 2775 729 2831 aut
757 2769 838 2829 enim
866 2769 897 2828 in
926 2778 973 2829 σω
994 2768 1055 2829 exit
1084 2775 1134 2830 aut
1154 2770 1187 2830 fn
1210 2765 1254 2843 ξω
1274 2777 1325 2831 aut
1345 2770 1375 2831 in
1399 2777 1462 2851 ψω,

172 2868 310 2954 λαλήσω
334 2868 449 2953 πράξω
473 2868 606 2952 γράψω,
629 2873 689 2932 nisi
711 2870 790 2951 quod
818 2872 921 2951 quinta
949 2865 1147 2949 βαρυτόνων
1175 2880 1242 2934 ante
1271 2892 1297 2932 ω
1322 2873 1463 2953 liquidam

130 2988 160 3027 ²⁵
173 2994 259 3035 snam
280 2977 402 3036 retinet.
446 2976 518 3035 item
539 2992 646 3052 graeca
667 2972 776 3043 verba,
799 2974 825 3032 si
846 2974 1054 3052 perispomena
1077 2974 1137 3034 sint
1158 2975 1370 3056 cuiuscumque
1392 2994 1461 3037 con-

171 3079 350 3155 iugationis,
379 3077 457 3139 ultra
484 3094 641 3137 numerum
669 3074 851 3155 syllabarum
877 3077 1045 3153 praesentis
1072 3085 1180 3153 augent
1202 3093 1261 3136 nna
1282 3076 1394 3156 syllaba
1416 3078 1461 3138 1-

171 3186 290 3249 turum,
313 3178 399 3239 ιιοιιῑ
421 3173 563 3257 ποιήσω,
591 3176 675 3258 repsi
697 3170 841 3256 τιμήσω,
869 3171 961 3255 dni-ri
983 3171 1135 3257 dqloa'om:
1162 3176 1314 3257 'barytnna
1336 3180 1367 3239 in
1390 3198 1461 3259 qua·

171 3300 299 3361 cumque
327 3280 534 3357 coniugatione
562 3278 690 3339 eundem
712 3295 870 3339 numerum
892 3285 1024 3348 serrant,
1048 3274 1132 3356 λέγω
1158 3272 1260 3359 λέξω,
1283 3272 1354 3357 ἄγω
1379 3274 1460 3360 ἄξω,

171 3380 293 3463 ἐγείρω
320 3380 438 3461 ἐγερῶ,
461 3374 626 3461 ήνιοχεύω
651 3372 853 3460 ήνιοχεύσω.
884 3380 917 3440 in
939 3380 1054 3457 graecis
1076 3380 1234 3462 latinisque
1250 3381 1350 3444 verbis
1370 3402 1461 3463 paen-

128 3499 158 3541 ae
172 3485 277 3547 ultima
299 3484 467 3563 praesentis
487 3488 588 3543 manet
609 3484 641 3542 in
664 3483 780 3552 futuro,
803 3475 922 3560 ἀγαπῶ
945 3474 1120 3563 α’γριπήσω,
1142 3502 1186 3561 yn
1208 3486 1332 3555 mansit;
1354 3486 1457 3563 θερα-

170 3582 265 3647 πεύω
288 3581 510 3667 θεραπεύσω,
539 3601 605 3645 τευ
626 3585 751 3654 mansit;
780 3585 878 3662 cogito
901 3583 1050 3661 cogitabo,
1073 3584 1103 3662 gi
1126 3586 1244 3645 mansit.
1290 3588 1314 3646 si
1337 3585 1460 3647 verbnm

171 3688 336 3768 barytonon
364 3689 403 3748 sit
429 3685 544 3748 babens
572 3688 603 3747 in
629 3687 781 3765 praesenti
808 3679 996 3765 pernitiosiora
1022 3694 1089 3747 ante
1118 3706 1158 3765 ω,
1187 3686 1218 3747 id
1245 3694 1290 3747 est
1316 3688 1458 3767 liquidam

169 3795 400 3858 consonantem,
430 3797 502 3849 tunc
527 3788 726 3868 paenultima,
755 3806 831 3867 qnae
858 3790 890 3849 in
918 3791 1067 3867 praesenti
1095 3788 1182 3866 longa
1210 3788 1281 3859 fnit,
1305 3792 1338 3850 iit
1360 3790 1460 3851 brevis

168 3893 200 3952 in
221 3892 339 3961 futuro,
362 3885 479 3950 πλύνω
494 3889 625 3967 ninam,
648 3888 775 3969 χραίνω
789 3890 916 3969 yprensi,
939 3886 1058 3969 ἐγείρω
1073 3888 1188 3969 ἐγερῶ.
1218 3890 1349 3952 diximus
1363 3894 1458 3971 peris-

126 4011 156 4049 se
169 4010 297 4073 pomena
319 4010 430 4071 augere
453 4010 511 4053 nna
533 3992 643 4072 syllaba
665 3993 812 4059 futurum,
836 3994 906 4071 quia
929 3994 1037 4053 crescit
1059 3991 1176 4062 ultima,
1200 3991 1290 4071 φιλῶ
1312 3988 1459 4073 φιλήσω,

168 4094 255 4155 νικῶ
276 4088 418 4173 νικήσω,
442 4094 597 4173 στεφανῶ
620 4087 839 4172 στεφανωσω.
870 4093 923 4154 sed
947 4113 1005 4154 non
1028 4110 1145 4174 semper
1168 4089 1222 4154 sub
1245 4092 1349 4154 eadem
1371 4112 1456 4174 prae-

168 4196 303 4257 cedentis
330 4196 447 4256 litterae
476 4196 684 4258 observatione
711 4195 843 4256 succedit
870 4195 1010 4257 adiectio.
1054 4198 1175 4256 namin
1199 4197 1295 4275 prima
1318 4196 1456 4275 coniuga-

157 4402 229 4455 tollo
253 4400 358 4463 sustuli,
384 4399 464 4451 affero
482 4400 554 4451 attuli
576 4409 602 4450 et
622 4400 709 4450 attollo
728 4399 814 4453 attuli:
839 4399 874 4460 cs.
893 4400 973 4449 Diem.
990 4415 1018 4463 p,
1035 4400 1095 4462 372,
1115 4403 1140 4452 4.
1160 4398 1221 4459 380,
1242 4401 1283 4451 ll.
1310 4398 1408 4451 Oltam.
1427 4416 1457 4463 p.

166 4473 229 4531 247,
248 4472 291 4524 27.
308 4471 387 4523 Prob.
403 4469 470 4525 crib.
485 4488 513 4537 p.
531 4470 575 4531 39,
593 4472 619 4524 5.
638 4470 723 4521 Prisc.
736 4471 754 4521 i.
774 4469 832 4517 Vlll
846 4484 874 4531 p.
889 4469 949 4529 alt,
967 4472 1015 4519 71.
1037 4469 1058 4520 X
1075 4486 1102 4534 p.
1118 4469 1179 4534 526,
1199 4471 1231 4521 14
1282 4470 1295 4521 1
1316 4470 1360 4517 tuli
1379 4470 1458 4519 decli-

167 4549 213 4590 nat
232 4541 257 4590 P
307 4540 358 4591 nisi
377 4540 438 4601 quid
456 4539 566 4591 facultas
581 4549 624 4589 tna
641 4540 706 4590 tolet
722 4540 795 4589 nobis
809 4553 883 4603 opem
903 4538 1007 4592 Bofiins
1022 4548 1091 4605 poet.
1111 4543 1155 4591 fef.
1172 4556 1240 4591 acen.
1258 4540 1352 4605 [ναρνι.
1366 4555 1393 4602 p.
1408 4540 1457 4590 1⁷2

167 4610 219 4661 nisi
238 4611 300 4673 quid
314 4619 358 4659 tua
370 4609 478 4660 facultas
495 4611 569 4661 nobis
586 4610 649 4660 tnlat
666 4624 740 4675 opem
758 4609 807 4658 cito
825 4607 977 4660 liidbeclrius
995 4620 1063 4675 trop.
1083 4608 1128 4664 int.
1149 4613 1197 4662 rel.
1216 4628 1242 4674 p.
1265 4612 1314 4662 leo
1357 4610 1373 4661 3
1393 4611 1457 4659 Ver·-

165 4678 257 4747 gilios]
277 4679 342 4730 Aen.
361 4678 450 4733 1480.
471 4679 559 4731 11403
645 4679 764 4729 dcicero
783 4692 828 4745 pro
848 4676 943 4745 Tullio]
964 4683 1045 4731 Diem.
1061 4696 1089 4743 p.
1107 4680 1169 4742 372,
1189 4682 1220 4732 al
1293 4677 1326 4730 10
1340 4680 1455 4746 ypersin·

166 4750 277 4799 rheticus
295 4750 320 4798 P
408 4749 440 4801 16
455 4746 596 4817 ἔφθειρον
612 4751 717 4801 contero
734 4748 879 4815 Opeopoens
898 4748 1034 4817 εφθαριια
1048 4752 1073 4801 P
1155 4750 1189 4803 34
1210 4745 1423 4819 pestrepent
1438 4764 1456 4814 p

165 4836 261 4887 zevvw
274 4835 368 4887 arvae
385 4817 410 4868 P
