3525 5600
347 398 407 495 138
916 401 1069 466 ΡΟΜΡΕΙΙ

369 523 389 562 p·
403 509 516 552 92-911.
1716 561 1717 576 Ξ

343 591 420 650 scire
450 589 541 651 debes
568 594 706 672 quoniam
735 592 855 671 proprie
876 589 992 650 locutus
1021 596 1065 650 est
1092 588 1205 650 nullum
1234 607 1343 650 nomen
1374 607 1438 649 esse
1465 591 1530 649 sine
1552 607 1629 650 casu.
1716 577 1717 668 Ξ

343 711 381 753 ne
397 692 479 754 dicas
494 694 567 754 mibi
590 693 654 754 ‘sed
678 703 748 753 sunt
769 692 866 770 aliqua
891 694 1011 753 nomina
1034 710 1109 772 quae
1132 691 1249 752 casibus
1270 693 1414 752 careant’
1451 697 1549 770 potest
1569 692 1631 752 lieri

342 804 375 857 ut
402 795 551 876 aliquibus
579 802 714 865 careant,
745 814 805 855 non
833 803 933 856 tamen
960 801 992 854 ut
1019 793 1159 856 omnibus
1187 800 1315 856 careant
1360 812 1429 854 nam
1457 794 1629 877 invenitur!
1716 781 1717 872 Ξ

342 917 466 968 nomen,
494 898 545 958 ubi
569 916 628 959 non
652 906 697 957 est
716 899 749 958 iu
771 915 826 958 usu
853 898 1067 963 nominativus,
1095 905 1127 958 ut
1154 904 1197 958 est
1224 897 1325 959 lateris
1352 896 1439 958 lateri
1465 894 1590 957 laterem
1616 915 1630 955 a

341 999 450 1061 latere:
473 1001 652 1061 nominativo
674 999 748 1062 later
764 1019 823 1060 non
848 999 965 1070 dicitur,
990 1001 1122 1080 quamvis
1144 999 1222 1080 apud
1242 997 1374 1076 'Probum
1397 999 1565 1059 invenimus
1586 998 1652 1059 ures
1716 991 1717 1086 Ξ

341 1102 430 1164 later:
455 1121 511 1164 uec
533 1102 610 1164 lovis
632 1104 663 1162 in
686 1103 867 1162 nominativo
890 1101 1043 1172 similiter,
1066 1103 1140 1164 lovis
1162 1103 1222 1162 lovi
1244 1100 1342 1162 lovem
1365 1119 1381 1161 a
1404 1100 1480 1162 love.
1520 1101 1632 1160 inveni·
1716 1101 1717 1156 l

339 1211 430 1266 untur
452 1207 587 1275 nomina,
616 1212 731 1266 tantum
760 1202 848 1264 modo
877 1202 928 1264 ubi
949 1210 1011 1264 tres
1039 1213 1107 1264 sunt
1135 1221 1233 1274 casus,
1262 1203 1306 1264 las
1333 1201 1416 1264 nelas
1438 1221 1551 1282 nugas:
1580 1203 1632 1264 boc
1716 1193 1717 1280 3

341 1305 400 1376 las,
424 1305 562 1375 beclas,
587 1327 604 1367 o
626 1306 683 1374 las;
706 1305 762 1367 boc
786 1307 885 1375 nelas,
910 1305 967 1366 hoc
989 1307 1085 1373 nelas,
1110 1325 1127 1366 o
1151 1307 1248 1376 nelas;
1272 1323 1365 1385 nugas
1386 1305 1533 1366 similiter.
1559 1313 1631 1375 suut,

339 1408 392 1470 ubi
413 1408 486 1480 duo,
510 1408 559 1468 hic
580 1409 725 1490 luppiter,
750 1428 767 1468 o
789 1408 937 1489 luppiter;
973 1409 1023 1468 ubi
1044 1427 1120 1470 unus
1143 1411 1181 1470 sit
1203 1415 1331 1478 tanturn,
1354 1415 1461 1487 sponte
1476 1414 1549 1468 natu
1568 1407 1632 1468 tabo
1716 1427 1717 1492 Ξ

340 1511 466 1572 dicione.
513 1529 584 1588 ergo
607 1519 705 1589 potest
727 1510 791 1571 lieri
813 1517 845 1570 ut
867 1509 958 1588 aliqui
981 1529 1065 1572 casus
1087 1511 1190 1572 deesse
1213 1510 1380 1582 videantur,
1405 1529 1464 1572 non
1486 1517 1589 1594 tamen
1605 1517 1633 1570 ut
1645 1525 1665 1562 10

340 1631 444 1674 omnes
466 1612 572 1674 desint.
1237 1695 1241 1702 Ι
1716 1599 1717 1688 Ξ

430 1717 548 1777 Nemini
577 1714 715 1776 accidunt
743 1733 810 1785 ser,
839 1713 965 1796 qualitas
993 1717 1165 1795 conparatio
1188 1733 1282 1795 genus
1304 1731 1447 1776 uumerus
1467 1717 1565 1793 ligura
1588 1733 1632 1774 ca·
1716 1695 1717 1788 Ξ

339 1837 402 1880 sus:
447 1816 531 1879 multi
562 1817 801 1898 vituperaverunt
827 1819 857 1878 iu
886 1818 942 1877 bac
964 1837 998 1878 re
1026 1816 1100 1878 tales
1128 1817 1323 1880 definitiones.
1370 1819 1420 1898 qm
1443 1817 1550 1878 delinit
1571 1815 1633 1877 illas

340 1939 390 1981 res
412 1918 502 1980 debet
523 1919 637 1989 dicere,
661 1938 737 1998 quae
759 1938 877 1999 semper
901 1921 1092 1998 contingunt,
1117 1927 1166 1980 aut
1186 1919 1250 1980 illas
1266 1939 1316 1982 res
1331 1919 1440 1988 dicere,
1457 1939 1534 1999 quae
1550 1938 1632 1980 num-

341 2041 430 2102 quam
454 2023 637 2099 contingunt
684 2021 750 2082 vide
779 2023 869 2098 nequi
898 2021 951 2081 tibi
980 2021 1068 2081 iaciat
1090 2024 1294 2102 quaestionem
1317 2023 1349 2082 iu
1371 2020 1426 2083 bae
1447 2040 1481 2081 re
1504 2028 1537 2082 et
1559 2019 1634 2082 dicat
1646 2035 1665 2072 1⁵

341 2124 411 2184 tibi:
435 2143 527 2205 quare
551 2124 681 2184 Donatus
703 2125 742 2184 ita
766 2123 852 2191 dixit,
880 2120 885 2204 Ξ
911 2125 1024 2184 nomini
1047 2123 1183 2186 accidunt
1205 2123 1261 2184 bae
1284 2142 1346 2192 res,
1377 2122 1501 2202 qualitas
1527 2141 1633 2202 conpa-

272 2301 275 2306 .
339 2227 415 2287 ratio
438 2244 530 2304 genus
552 2243 694 2286 numerus
716 2227 809 2304 ligura
832 2228 936 2287 casus?
965 2227 1003 2286 ita
1033 2226 1163 2287 delinivit
1187 2227 1331 2297 Donatus,
1356 2225 1468 2287 nomini
1496 2225 1635 2286 accidunt
1716 2295 1717 2318 Ξ

339 2327 396 2388 bae
429 2347 491 2398 res,
527 2327 651 2405 qualitas
684 2329 856 2407 conparatio
887 2345 983 2406 genus
1015 2347 1160 2390 numerus
1193 2330 1287 2408 ligura
1320 2347 1414 2389 casus.
1459 2336 1489 2388 et
1519 2325 1634 2388 Probus

339 2429 448 2491 adiecit
470 2429 540 2490 ‘sed
563 2430 704 2491 accidunt
726 2432 814 2490 etiam
838 2435 1001 2492 accentus?
1032 2430 1176 2492 habemus
1199 2433 1229 2491 in
1244 2429 1343 2492 Probo
1366 2437 1522 2490 accentum
1547 2431 1632 2490 etiam

340 2534 454 2594 nomini
480 2532 631 2601 accidere;
661 2533 751 2612 legite
778 2541 873 2594 artem
900 2532 991 2594 Probi
1020 2541 1049 2594 et
1076 2535 1243 2594 invenietis.
1287 2520 1454 2612 quaeritur,
1483 2533 1537 2611 qui
1560 2531 1667 2592 henes

340 2634 496 2696 delinierit.
542 2637 568 2696 si
596 2654 698 2696 verum
727 2653 868 2714 quaeras,
899 2641 928 2694 et
955 2637 1009 2695 iste
1037 2637 1185 2714 peccavit,
1215 2634 1268 2695 sed
1300 2635 1331 2694 in
1364 2653 1422 2694 una
1449 2652 1498 2702 re,
1530 2641 1562 2694 et
1589 2632 1635 2693 ille

339 2737 371 2796 iu
404 2733 460 2796 alia
495 2755 536 2796 re.
582 2737 632 2797 ille
662 2738 693 2796 in
727 2736 784 2796 lroc
821 2739 967 2817 peccavit,
1010 2737 1089 2815 quod
1124 2737 1239 2798 adiecit.
1285 2737 1361 2815 siqui
1394 2744 1493 2796 tamen
1527 2737 1636 2796 obiciat

341 2840 369 2899 ei
401 2838 458 2899 lroc
485 2840 597 2918 ipsum,
632 2846 729 2919 potest
756 2838 855 2900 dicere
882 2838 1000 2901 Probus
1027 2839 1111 2900 ‘ideo
1142 2839 1202 2900 dixi
1231 2848 1388 2901 accentum
1417 2838 1557 2901 accidere
1586 2858 1635 2899 no·
1716 2844 1717 2855 ¹

340 2942 429 3010 mini,
457 2942 540 3020 quia,
575 2958 662 3019 quem
690 2941 725 3002 ad
761 2940 882 3003 niodum
916 2940 1041 3021 qualitas
1073 2961 1191 3021 semper
1223 2944 1356 3020 sequitur
1390 2958 1515 3009 nomen,
1545 2958 1635 3018 quern
1716 3008 1717 3019 Ξ

340 3042 378 3103 ad
407 3042 526 3103 modurn
559 3061 652 3121 genus
679 3060 798 3123 semper·
832 3046 968 3123 sequitur
1002 3033 1124 3115 uom'eu,
1154 3063 1242 3125 quern
1275 3044 1310 3105 ad
1345 3042 1466 3105 modum
1493 3058 1669 3105 numerosas

339 3163 457 3225 semper
479 3146 613 3222 sequitur
635 3164 760 3216 nomen,
790 3147 833 3207 sic
856 3164 975 3226 semper
997 3154 1137 3207 accentus
1168 3149 1301 3225 sequitur
1330 3149 1463 3207 nomeu'
1508 3154 1637 3207 nonest

340 3245 412 3317 hoc,
436 3245 514 3308 male
535 3247 658 3308 definiit.
704 3266 772 3309 uana
796 3250 821 3308 si
843 3247 980 3327 placebat
1001 3250 1029 3307 ei
1052 3266 1086 3309 ea
1109 3248 1225 3318 dicere,
1249 3266 1326 3327 quae
1348 3266 1467 3327 semper
1482 3247 1635 3316 accidunt,

340 3348 444 3410 debuit
465 3350 566 3410 dicere
587 3349 744 3411 ‘accidunt
766 3353 880 3411 nomini
903 3350 1028 3430 qualitas
1045 3368 1138 3429 genus
1161 3370 1305 3412 uumerus
1320 3352 1413 3428 ligura
1428 3368 1516 3411 casus
1531 3369 1636 3412 arceu-
1716 3352 1717 3439 Ξ

339 3455 411 3513 tus?
450 3460 606 3513 accentum
634 3451 721 3521 dixit3
751 3451 830 3515 dicat
857 3460 982 3531 ergoet
1008 3451 1151 3513 litteram:
1182 3472 1249 3515 narn
1274 3450 1425 3533 numlquid
1449 3460 1548 3533 potest
1572 3472 1636 3513 esse

340 3572 448 3614 nornen
472 3556 538 3615 sine
559 3552 682 3614 litteris?
704 3552 859 3634 syllabam:
890 3574 958 3615 nam
981 3554 1125 3635 numquid
1148 3564 1245 3635 potest
1268 3574 1333 3617 esse
1356 3572 1465 3617 nomen
1490 3556 1555 3616 sine
1580 3555 1669 3634 syl-s
1716 3592 1717 3625 Ξ

341 3655 424 3717 labai
449 3664 479 3717 et
499 3655 556 3716 boc
579 3654 680 3716 debuit
702 3656 812 3726 dicere,
835 3664 867 3717 et
887 3658 985 3717 omnia
1009 3674 1084 3735 quae
1107 3676 1226 3737 semper
1248 3656 1384 3719 accidunt
1406 3656 1509 3718 debuit
1524 3656 1635 3719 dicere.

340 3757 392 3819 sed
414 3756 618 3819 stultissimum
631 3770 694 3828 ‚est
725 3777 783 3839 qua
805 3760 922 3820 ratione
944 3758 1147 3821 stultissimum
1172 3762 1234 3821 esti
1257 3760 1398 3839 quoniam
1419 3758 1468 3820 illa
1492 3758 1637 3819 debemus

291 3914 295 3922 .
340 3858 440 3920 dicere
463 3859 641 3929 accidentia,
671 3879 746 3941 quae
774 3859 942 3939 specialiter
970 3861 1117 3923 accidunt.
1162 3862 1275 3923 litteras
1303 3868 1403 3922 autem
1430 3868 1482 3924 aut
1508 3860 1636 3941 syllabas
1716 3848 1717 3931 Ξ

340 3980 401 4022 non
423 3959 556 4023 videmus
578 3962 713 4023 accidere
735 3962 904 4041 specialiter
926 3964 1053 4034 nomini,
1084 3963 1136 4025 sed
1158 3962 1338 4043 generaliter
1360 3969 1439 4024 totae
1463 3962 1635 4024 elocutioni.

342 4062 467 4145 [nomini
494 4066 592 4126 omnio
620 4062 788 4143 specialiter
815 4064 952 4126 accidere
974 4064 1094 4137 volunt‚·
1119 4085 1179 4128 non
1202 4064 1394 4145 generaliter:
1431 4083 1500 4126 nam
1521 4066 1636 4127 btteras
1649 4080 1671 4119 ³⁵
1716 4092 1717 4133 ς

342 4183 463 4246 semper
484 4165 621 4227 accidere
643 4168 756 4227 nomini
778 4169 903 4237 scimus,
934 4165 1061 4247 syllabas
1087 4186 1207 4248 semper
1229 4168 1365 4229 accidere
1388 4166 1525 4247 scimus]
1565 4185 1637 4245 ergo

410 4358 427 4404 4
445 4369 460 4403 a
477 4353 556 4403 lutere
575 4354 692 4417 quamuis
706 4354 776 4421 apud
795 4356 902 4421 probum
920 4356 1063 4406 inuenlmus
1081 4355 1123 4406 bio
1138 4354 1201 4406 later
1215 4356 1372 4406 nominatiuo
1390 4351 1448 4419 (-uo
1465 4369 1535 4408 corr.
1549 4358 1586 4407 αὖ
1600 4354 1636 4418 Β)
1716 4348 1717 4353 ’

341 4424 404 4475 later
423 4440 474 4473 nou
495 4424 557 4473 dicit
575 4424 723 4475 neoABC
790 4425 894 4489 bapud
914 4424 1032 4490 Probum]
1051 4428 1143 4480 cathol.
1160 4444 1188 4491 p.
1209 4425 1286 4485 lut
1357 4426 1389 4475 14
1412 4440 1475 4487 quae
1495 4440 1635 4488 numquam
1716 4420 1717 4459 ἒ

342 4496 384 4547 Oa
402 4510 468 4557 quae
485 4508 676 4557 nonnumquam
693 4495 749 4545 AB
820 4496 851 4545 17
870 4496 905 4543 itu
924 4494 1038 4545 definiuit
1056 4496 1125 4546 Cito
1142 4496 1230 4547 defluit
1247 4496 1285 4544 A:
1306 4497 1340 4545 lta
1358 4494 1438 4546 -18
1456 4508 1532 4545 casus
1550 4510 1598 4548 om.
1610 4494 1637 4544 B

413 4565 446 4615 18
464 4562 572 4630 Probus]
593 4567 651 4617 inat.
670 4574 720 4618 ort.
739 4580 766 4627 ρ.
787 4566 831 4629 51,
846 4566 878 4616 21
932 4563 967 4614 ‘20
984 4566 1119 4626 inuenietis
1133 4565 1207 4617 Rea
1226 4566 1344 4615 inuenitis
1363 4566 1387 4613 Α
1457 4564 1492 4616 23
1508 4565 1566 4615 ideo
1581 4565 1636 4614 dlxi
1716 4564 1717 4569 ’

342 4635 367 4683 Α
384 4636 441 4684 ideo
458 4634 523 4683 dixit
536 4632 601 4684 Ba*
616 4635 673 4685 ideo
692 4635 740 4685 dix·
758 4636 779 4685 G
845 4635 880 4686 29
900 4643 1030 4683 accentum
1046 4635 1111 4685 dixit
1127 4637 1149 4685 G
1167 4646 1287 4685 accentus
1309 4636 1375 4685 dixit
1392 4634 1417 4683 Α
1437 4636 1497 4699 quia
1516 4644 1636 4685 accentus
1716 4696 1717 4699 Ξ

340 4704 424 4766 (corr.
441 4706 517 4765 tum)
536 4704 601 4754 dixit
617 4704 642 4754 B
712 4715 736 4755 et
756 4702 891 4755 litteramb
909 4712 933 4752 et
951 4703 1131 4756 litteraABG
1198 4706 1232 4757 30
1247 4706 1370 4769 syllabam
1387 4720 1445 4755 uam
1463 4721 1511 4756 ont·
1531 4706 1586 4757 BG
1716 4702 1717 4725 ³

342 4772 374 4823 31
395 4774 542 4823 diceresed
562 4776 686 4825 etomnia
705 4774 729 4823 Α
800 4774 834 4825 33
851 4788 916 4838 quae
934 4775 1055 4837 specialia
1072 4776 1156 4825 ABG
1224 4774 1257 4825 34
1274 4786 1341 4826 totae
1354 4776 1490 4827 elocutioni
1508 4774 1571 4827 Cot
1591 4776 1635 4824 toti
1716 4820 1717 4823 ,

342 4843 479 4893 elocutioni
492 4842 517 4891 B
531 4850 583 4893 tota
601 4844 742 4894 elocutione
759 4844 784 4895 A
852 4844 887 4895 35
906 4844 1008 4893 nomine
1024 4846 1048 4896 A
1068 4860 1136 4903 corr,
1152 4846 1191 4897 ·ui
1210 4862 1241 4898 a:
1260 4848 1355 4898 nomini
1369 4872 1404 4886 -
1420 4845 1574 4914 generaliter
1591 4844 1637 4894 lroc

340 4916 396 4968 Ioco
415 4913 505 4966 emissa
519 4914 545 4963 in
563 4930 642 4985 toury.
660 4915 697 4964 od
711 4929 773 4985 ergo
789 4915 851 4971 edd.
870 4913 924 4971 Be
1716 4918 1717 4921 ’
