3525 5600
336 421 401 488 474
889 424 1074 486 evurtius

359 547 380 587 p.
394 537 438 575 ron.
452 533 514 574 san.
1435 530 1586 581 cursor.

337 615 381 674 sic
414 615 502 674 etiam
534 613 623 672 crede
657 611 751 673 vendo
779 632 796 673 a
823 619 938 672 cretum
967 612 1005 672 do
1033 620 1064 672 et
1090 630 1197 672 venum
1225 612 1278 682 do,
1307 620 1340 673 ut
1361 611 1483 692 quidam
1508 619 1604 691 putant

337 717 509 795 composita.
553 713 605 774 sed
633 716 767 793 quamvis
794 720 914 793 practer
935 713 1184 774 consuetudinem
1206 715 1246 774 sit
1273 715 1435 775 latinorum
1458 713 1604 783 verberum,

337 825 371 879 ut
392 816 494 878 eedem
516 823 654 876 manente
675 816 817 876 finalitate
841 817 1017 895 compositio
1037 815 1099 876 sola
1120 823 1215 876 mutet
1236 819 1485 894 coniugationem,
1506 815 1606 876 ridetur

338 927 436 980 umen
463 918 519 978 hoc
548 919 712 978 imitatione
741 916 924 979 Graecorum
951 923 1111 988 mutatum,
1140 918 1218 998 apud
1244 936 1319 998 quos
1346 917 1473 998 simplex
1502 917 1606 998 quidem

336 1019 460 1081 verbum
488 1017 710 1080 circumflexum
738 1010 830 1100 dpxni
857 1012 973 1099 ὁρκοῑς
1000 1021 1124 1088 tertiae,
1153 1022 1350 1100 compositum
1372 1027 1473 1080 autem
1492 1014 1626 1097 εὔορκοι
1699 1042 1700 1085 3

337 1115 487 1203 εὐορκεῑς
509 1117 655 1201 ἐπιορκῶ
679 1116 846 1201 ἐπιορκεῖς
867 1125 981 1200 primae
1004 1130 1066 1192 est,
1089 1120 1215 1202 simplex
1236 1139 1378 1201 graccum
1400 1120 1492 1182 coto
1516 1121 1608 1201 συλᾷς

336 1223 501 1293 secundae,
524 1225 721 1303 compositum
745 1241 814 1308 rere
838 1219 1004 1302 lepeootoi
1027 1219 1213 1304 ἱεροσυλεῖς
1234 1226 1351 1304 primae
1366 1223 1606 1283 circumflexorun
1699 1248 1700 1251 ¹

336 1333 382 1386 est
408 1327 634 1403 coniugatiouis.
679 1325 757 1406 quod
786 1327 1022 1406 perspicaciores
1054 1325 1235 1387 Graecorum
1270 1327 1436 1387 refutantes
1470 1324 1607 1386 adfirmant

336 1427 425 1489 huius
452 1427 531 1488 modi
558 1426 717 1487 verborum
745 1426 960 1487 declinationes
988 1446 1049 1488 nen
1077 1446 1094 1488 a
1122 1427 1222 1488 verbis
1250 1425 1438 1508 simplicibus
1464 1445 1540 1496 esse,
1564 1425 1606 1486 sod

336 1531 430 1607 magis
453 1547 468 1589 a
491 1527 663 1590 nominibus
686 1531 858 1608 compositis
881 1521 1022 1610 εὕορκος
1046 1525 1203 1608 ἐπίορκος
1231 1524 1421 1610 ἱερόσυλος,
1444 1529 1634 1589 undecune

336 1633 432 1711 posita
459 1631 550 1692 verba
578 1631 655 1692 lacta
684 1629 784 1692 verbis
806 1633 838 1690 in
867 1631 1064 1691 declinatione
1086 1649 1147 1691 nen
1168 1631 1350 1711 respondere
1372 1632 1540 1710 primitivis.
1578 1649 1606 1689 er

336 1752 394 1813 quo
417 1733 489 1794 mibi
512 1751 628 1814 quoquc
651 1731 768 1794 videtur
796 1731 834 1792 do
861 1733 985 1793 verbnm
1013 1735 1044 1792 in
1066 1732 1255 1813 simplicitate
1276 1741 1399 1812 praeter
1421 1731 1546 1810 regulam
1564 1732 1606 1790 de
1700 1790 1701 1801 ,

336 1836 477 1896 clinatum
505 1854 588 1896 suam
615 1837 648 1895 in
676 1837 889 1915 compositione
917 1837 1033 1914 cepisse
1062 1837 1288 1916 proprietatem.
1332 1836 1515 1915 primitivum
1540 1835 1607 1894 emm

336 1940 467 1998 existens
494 1939 601 1998 tertiae
632 1935 736 1998 debuit
762 1955 828 1997 csse
857 1938 1090 2014 coniugationis,
1119 1939 1189 2016 quia
1217 1939 1249 1997 in
1277 1937 1315 1997 do
1343 1937 1507 1997 desinentia
1531 1935 1607 1995 rerba

336 2046 407 2100 tunc
429 2046 543 2100 tantum
565 2038 651 2098 medo
673 2039 786 2118 primae
809 2045 878 2098 sunt
900 2040 1134 2116 coniugationis,
1164 2056 1232 2099 cum
1254 2057 1270 2098 a
1292 2037 1466 2100 nominibus
1486 2038 1634 2098 derium-¹⁵

337 2148 401 2211 tur,
434 2142 584 2220 primitiva
615 2159 686 2201 vere
718 2141 823 2200 tertiae
857 2139 961 2209 solius,
996 2147 1029 2200 ut
1057 2146 1125 2200 ante
1152 2139 1211 2200 lata
1243 2139 1449 2200 demonstrant
1480 2139 1606 2219 exempla.
1701 2134 1702 2185 5

336 2242 414 2323 quod
437 2244 541 2320 igitur,
566 2260 634 2303 cum
655 2249 735 2303 esset
755 2239 1005 2321 monosyllabum,
1028 2241 1170 2321 perdidit,
1193 2249 1307 2302 utnon
1329 2249 1411 2303 esset
1432 2245 1544 2310 tertiae,
1564 2241 1606 2300 sed

336 2347 450 2424 primae
464 2345 703 2421 ‘coniugationis
727 2361 808 2404 more
825 2343 942 2403 scilicet
961 2344 1088 2404 aliorum
1103 2342 1388 2423 monosyllaborum,
1412 2346 1490 2403 sicut
1509 2362 1545 2403 uo
1563 2361 1607 2402 nas
1701 2358 1702 2437 ρ

337 2455 400 2518 nat,
424 2447 477 2516 llo,
501 2452 560 2516 sto,
583 2445 630 2506 lor
653 2439 657 2520 Ι
680 2447 754 2506 laris
775 2447 872 2514 latur,
903 2445 933 2505 id
955 2447 987 2505 in
1009 2447 1223 2524 compositione
1245 2447 1367 2524 recipit,
1391 2454 1425 2506 ut
1446 2445 1482 2506 ad
1504 2447 1607 2505 tertiam

336 2548 427 2610 solam
449 2549 598 2627 pertineat
620 2549 871 2625 coniugationem,
896 2545 1008 2626 absque
1023 2547 1139 2608 duabus
1153 2546 1435 2627 compositionibus,
1459 2545 1489 2607 id
1503 2549 1636 2607 osten-e

337 2649 443 2711 oumdo
465 2649 647 2718 circumdas,
670 2648 831 2728 pessumde
853 2648 1042 2727 pessumdes,
1066 2652 1097 2710 in
1119 2649 1229 2730 quibus
1250 2650 1369 2710 videtur
1390 2653 1536 2727 integrum
1554 2667 1607 2709 ser·

336 2755 413 2823 rari,
437 2769 505 2813 cum
527 2749 703 2812 naturaliter
725 2749 772 2811 bis
795 2753 826 2812 in
848 2752 992 2812 unitatem
1014 2769 1073 2812 non
1095 2754 1140 2813 sic
1161 2752 1310 2814 cohaeret.
1354 2754 1387 2814 iu
1410 2753 1465 2814 dor
1485 2752 1606 2813 desinon
1702 2807 1703 2832 y

336 2858 377 2917 tia
399 2856 512 2934 primae
535 2861 604 2915 sunt
627 2849 641 2935 11
665 2854 896 2931 coniugationis,
919 2860 954 2914 ut
975 2854 1065 2914 vador
1086 2854 1215 2934 praedor
1236 2854 1432 2916 verecundor.

421 2954 455 3017 ln
484 2973 521 3034 go
548 2954 595 3015 vel
624 2956 655 3015 in
683 2972 737 3032 gor
758 2955 926 3016 desinentia
953 2954 1044 3017 rerba
1066 2974 1102 3017 ex
1125 2957 1371 3019 antecedentibus
1392 2958 1501 3019 litteris
1520 2956 1606 3016 dines·

337 3066 454 3121 cuntur.
499 3078 516 3119 a
538 3059 630 3136 igitur
651 3064 719 3119 ante
742 3056 858 3117 finalem
880 3055 1021 3117 babentia
1048 3057 1190 3137 syllabam
1211 3062 1325 3139 primae
1348 3067 1419 3119 sunt
1440 3060 1635 3135 couiogauoz

336 3163 399 3231 uis,
422 3166 455 3221 ut
476 3176 607 3239 propago
628 3175 789 3239 propagas,
812 3175 903 3236 vagor
925 3160 1055 3236 vagaris,
1078 3159 1204 3238 indagor
1226 3160 1394 3237 indagaris,
1419 3161 1546 3237 refragor
1564 3176 1605 3217 rc

336 3264 473 3339 lragaris
517 3268 657 3322 notantur
686 3262 792 3321 tertiae
821 3278 875 3339 ago
899 3262 977 3338 agis,
1006 3267 1039 3320 ut
1060 3263 1259 3339 primitivum,
1282 3270 1313 3322 ct
1335 3261 1371 3321 ab
1394 3280 1431 3321 eo
1452 3262 1604 3340 composita,

337 3366 400 3425 sire
428 3372 548 3425 seruent
574 3382 590 3423 a
618 3364 650 3422 iu
679 3363 907 3443 compositione,
936 3369 969 3422 ut
989 3380 1101 3441 perago
1121 3364 1307 3441 circumage,
1337 3382 1391 3424 scu
1413 3370 1524 3423 mutent
1542 3378 1603 3427 eam,

337 3472 370 3525 ut
392 3466 478 3541 exigo
501 3463 625 3541 subigo,
655 3482 708 3523 seu
730 3466 848 3544 penitus
871 3463 1043 3533 excludant,
1072 3471 1105 3523 ut
1126 3464 1201 3541 dego
1222 3482 1306 3542 cogo.
1351 3484 1367 3525 e
1390 3474 1459 3526 ante
1479 3482 1514 3542 ge
1532 3480 1604 3543 prae·

338 3566 462 3628 cedente
485 3567 592 3625 tertiae
615 3571 698 3634 sunt,
722 3573 755 3625 ut
775 3564 841 3641 lego
862 3564 953 3642 legis,
977 3564 1053 3642 dego
1075 3565 1160 3642 degis
1179 3568 1269 3626 etiam
1284 3566 1322 3627 ab
1338 3584 1393 3645 ago
1414 3567 1633 3647 compositumtt

338 3670 528 3747 excipiuntur
550 3685 626 3744 nege
648 3683 747 3744 negas,
772 3666 837 3744 loge
859 3667 941 3745 legas
963 3688 979 3729 e
1008 3668 1124 3745 longam
1146 3666 1259 3727 babens
1281 3668 1317 3728 ad
1340 3668 1534 3729 dillcrentiam
1553 3668 1602 3745 pri·

336 3792 639 3805 ——————

407 3858 423 3906 4
439 3852 601 3919 Graecorum]
614 3868 707 3919 greces
716 3852 766 3903 BP
798 3853 881 3904 nesse
893 3853 1011 3915 ecastr!
1044 3852 1075 3904 10
1084 3852 1240 3903 breroerxoc
1249 3854 1308 3903 inde
1322 3857 1454 3920 conposita
1466 3856 1540 3905 uerba
1549 3852 1602 3901 iactr

339 3927 423 3977 uerbis
438 3926 463 3976 B
480 3937 619 3975 taaocruec
641 3925 680 3973 ido
701 3923 767 3973 unde
785 3924 917 3989 conposita
934 3924 1012 3973 uerba
1030 3922 1096 3973 locta
1112 3932 1170 3973 sunt
1188 3924 1273 3973 uerbis
1291 3924 1316 3971 P
1333 3940 1470 3975 reroerxroc
1483 3922 1603 3974 immolator

337 3996 405 4047 unde
424 3996 542 4045 uidentur
559 3994 886 4059 compesitagracrnuerbc
904 3992 972 4042 lacta
988 3994 1073 4043 uerbis
1090 4001 1101 4042 t
1151 3994 1184 4043 12
1202 4008 1359 4057 quoqucora.
1374 3994 1401 4043 B
1454 3993 1486 4045 ld
1498 3994 1559 4043 'enim
1566 4008 1601 4043 οι.

338 4064 363 4115 Β
417 4064 604 4116 insinuentur
620 4064 645 4113 P
695 4064 726 4113 lt
743 4063 811 4124 qued
829 4064 1063 4128 igiturcnmesset
1080 4062 1282 4129 monosyllabum
1302 4070 1313 4111 t
1330 4066 1398 4126 quod
1417 4064 1536 4130 igitnrde
1552 4074 1603 4112 essu

339 4134 539 4199 monosyllabum
558 4132 583 4181 1³
600 4132 667 4197 quod
686 4134 765 4199 igitur
776 4148 833 4182 curu
849 4132 1039 4182 circumflexum
1058 4143 1128 4183 esset
1146 4142 1171 4182 ct
1189 4132 1391 4197 monosyllabum
1408 4134 1433 4185 B
1501 4132 1603 4197 adpert-

340 4214 381 4254 uet
398 4204 424 4253 P
490 4204 522 4253 21
543 4202 660 4252 uidentur
678 4204 777 4269 integre
794 4203 893 4251 seruari
911 4202 985 4253 BPt
1000 4202 1101 4251 uidetur
1119 4204 1218 4269 integra
1237 4204 1383 4268 coniugatio
1401 4203 1558 4266 obseruatis

336 4274 370 4324 ta
388 4274 414 4322 in
432 4274 587 4322 nocuitatem
606 4272 632 4321 P
682 4272 718 4322 sic
736 4274 771 4325 el.
786 4288 818 4321 m.
835 4272 898 4324 edd.
913 4272 939 4322 Β
995 4270 1030 4323 td
1049 4286 1131 4337 nagor
1148 4273 1251 4339 ungatis
1264 4272 1374 4339 indagor
1391 4271 1507 4339 nebegor
1522 4280 1603 4321 notam

338 4344 363 4394 P
380 4358 460 4410 uager
481 4343 584 4407 ungaris
602 4342 744 4409 (ruperam.
764 4345 799 4392 ul.
817 4358 847 4392 aa
867 4342 976 4407 indagor
994 4340 1059 4407 aris)
1078 4340 1194 4409 refragor
1213 4344 1282 4408 garis
1300 4353 1402 4393 notatur
1418 4342 1471 4391 Bu
1506 4358 1534 4392 or
1547 4340 1602 4407 gatis

336 4412 450 4479 relragor
467 4413 537 4479 garis
554 4412 662 4477 indagor
675 4412 745 4479 garis
764 4411 887 4461 Notantur
900 4419 924 4463 t.-
941 4412 977 4474 es.
992 4428 1021 4477 p.
1032 4410 1091 4473 459,
1104 4412 1139 4462 32
1185 4411 1220 4463 ts
1237 4426 1332 4479 perago
1350 4414 1494 4479 circumage
1524 4424 1601 4476 pergo

335 4498 404 4536 corr.
424 4484 569 4546 circumage
587 4481 612 4532 B
626 4482 771 4549 circumage
789 4482 815 4529 P
882 4479 917 4531 29
929 4490 957 4530 ut
971 4496 1037 4546 coge
1053 4488 1194 4547 (ruperam,
1209 4484 1245 4532 al.
1261 4498 1293 4532 rra.
1310 4482 1390 4547 dego)
1410 4482 1435 4531 Β
1499 4479 1529 4530 at
1546 4479 1601 4529 exd-

337 4554 441 4619 piuntur
458 4566 524 4619 nego
543 4566 572 4601 ae
592 4552 651 4619 lego
670 4566 698 4601 as
718 4551 776 4617 lege
795 4550 861 4599 enim
879 4552 976 4616 primae
998 4560 1037 4601 cst
1054 4566 1069 4601 e
1089 4550 1193 4617 longam
1211 4550 1308 4601 babens
1326 4552 1360 4601 ad
1382 4550 1544 4601 diderencianr
1559 4548 1600 4614 pri·

337 4622 418 4673 mltiui
436 4632 461 4672 et
479 4622 610 4673 aucurino
628 4623 698 4685 quod
709 4630 747 4671 est
761 4623 802 4669 tex
819 4620 957 4670 diductum
975 4619 1033 4685 lego
1048 4620 1114 4670 enlm
1132 4636 1147 4671 e
1163 4622 1276 4687 legitime
1293 4627 1319 4671 et
1342 4622 1399 4671 turc
1416 4636 1517 4672 cernam
1531 4634 1544 4667 e
1558 4618 1600 4666 lor»

336 4706 395 4757 gam
417 4692 525 4742 neminie
547 4692 643 4758 primae
664 4700 703 4743 cst
728 4690 915 4756 coniugationis
933 4698 944 4740 t
966 4691 1093 4755 excipitur
1116 4705 1183 4757 nego
1201 4706 1231 4740 as
1248 4691 1307 4757 lego
1326 4705 1355 4740 as
1373 4706 1389 4739 e
1408 4689 1598 4759 longanimem

336 4762 368 4811 ad
382 4760 541 4811 dilorentiam
553 4761 675 4826 primitiui
693 4770 718 4811 et
736 4776 751 4811 a
767 4760 868 4811 nominc
882 4759 951 4823 qnod
969 4768 1008 4811 cst
1021 4760 1062 4810 lex
1077 4762 1100 4810 is
1117 4761 1258 4811 deriuatum
1275 4760 1390 4827 legitime
1409 4768 1433 4810 et
1444 4763 1495 4811 iure
1510 4769 1599 4808 sumat

336 4831 466 4897 elongem
487 4830 597 4881 uemluls
615 4832 713 4897 primae
730 4831 918 4896 coniugationis
936 4830 1005 4894 ests
1050 4831 1107 4897 lego
1125 4832 1191 4879 rnim
1210 4830 1405 4896 legas(primae
1420 4839 1459 4881 cet
1470 4824 1597 4883 armoe

335 4900 478 4961 PlePB
