3525 5600
654 371 725 440 llis
754 372 794 438 ιιι
817 375 933 440 e-rc
1378 367 1441 442 425

184 482 346 538 μυρίαι.
1258 485 1416 540 passari.

163 563 275 625 ooontis.
320 569 350 623 et
377 581 451 642 quae
478 564 509 622 in
538 582 574 636 ος
600 565 760 643 genitivum
788 567 925 636 mittunt,
955 566 1136 646 paenultima
1158 562 1309 645 syllabae
1331 565 1440 645 produ·

164 673 231 728 ctam
254 664 366 726 hahent
387 666 417 724 in
439 664 566 745 obliquis
592 665 725 736 casibus:
755 687 829 748 quae
853 669 885 728 in
907 687 978 740 τος,
1006 675 1190 747 correptam,
1214 667 1346 746 exceptis
1368 667 1440 728 duo·

110 829 114 836 ,
163 769 220 836 bus,
242 768 371 846 quaein
394 785 430 838 ος
451 768 612 845 genitivum
639 769 767 830 eiierunt
796 777 825 832 et
847 789 865 830 o
888 768 1071 850 corripiunt,
1099 770 1236 830 Memnon
1262 767 1435 838 Memnonis,

162 871 352 948 Agamemnon
381 869 617 947 Agamemnonis.
661 871 691 932 in
720 890 757 933 an
786 871 941 934 masculini
974 872 1094 951 generis
1120 872 1239 932 nomina
1267 870 1441 939 desinentia,

142 987 192 1031 sea
219 989 336 1051 qnoque
373 972 476 1032 tertiae
504 978 574 1032 sunt
602 971 821 1042 declinationis,
855 981 889 1034 nt
916 973 963 1034 hic
991 974 1077 1034 Titan
1104 973 1231 1042 Titanis,
1266 972 1314 1032 hic
1348 991 1442 1052 paean

162 1074 284 1153 paeanis.
328 1072 434 1134 horum
457 1075 653 1134 accusativum
677 1079 736 1134 mm
758 1077 875 1136 numeri
902 1075 1060 1154 singularis
1081 1093 1170 1155 quarn
1191 1074 1314 1154 pluralis
1334 1093 1441 1134 secun-

162 1175 223 1236 durn
245 1175 375 1235 Graecos
405 1177 608 1254 proferemus,
637 1182 669 1234 nt
696 1176 775 1236 hunc
803 1177 908 1238 Titana
930 1196 1056 1258 paeana,
1085 1176 1140 1236 hos
1161 1176 1282 1264 Titanas
1303 1194 1441 1255 paeanas.
1521 1202 1529 1216 ι

162 1295 244 1337 unum
266 1277 356 1338 etiam
377 1278 539 1355 genitivum
561 1277 742 1355 singularem
759 1277 771 1359 il
789 1287 912 1360 propter
927 1279 1124 1340 differentiam
1145 1280 1177 1339 in
1199 1297 1232 1340 os
1254 1279 1335 1339 iuxta
1357 1296 1442 1356 grae·

162 1398 218 1440 cam
239 1379 467 1440 declinationem
489 1380 593 1447 mittit,
617 1379 665 1439 hic
687 1379 748 1440 Pan
771 1378 883 1452 Panos,
908 1388 941 1442 ut
954 1381 1102 1459 Vergilius
1122 1380 1257 1442 ‘Panos
1278 1380 1320 1440 de
1342 1399 1442 1440 more

131 1481 316 1561 whyeaei'.
361 1481 390 1541 in
419 1482 448 1542 in
477 1481 631 1542 masculini
657 1483 777 1558 generis
807 1491 916 1544 exeunt
943 1483 1077 1544 eiusdem
1098 1482 1317 1551 declinationis,
1340 1488 1374 1543 ut
1394 1482 1443 1542 bic

161 1583 273 1661 delphin
296 1582 457 1663 delphinis,
486 1581 608 1644 Tolobin
637 1582 798 1645 Teichinis.
836 1586 1034 1646 accusativum
1062 1585 1218 1664 utriusque
1240 1585 1358 1646 numeri
1381 1581 1442 1643 del-

162 1685 242 1764 phina
265 1691 295 1744 et
317 1682 472 1755 Telchina,
497 1685 650 1766 delphinas
672 1693 702 1746 et
724 1685 898 1756 Telchinas,
927 1688 1004 1748 sicut
1026 1685 1146 1756 Gracci,
1173 1687 1369 1764 proferemus.
1413 1685 1443 1744 in

162 1806 191 1847 os
211 1786 383 1866 productam
411 1788 528 1865 generis
556 1787 696 1849 desinunt
717 1789 869 1850 masculini
898 1790 979 1850 tertii
1000 1787 1127 1858 ordinis,
1158 1795 1190 1848 ut
1211 1787 1306 1848 hlinos
1327 1786 1441 1856 Minois,

161 1889 243 1949 heros
265 1887 379 1958 herois,
404 1888 479 1948 Tros
500 1888 596 1949 Trois.
622 1885 625 1968 l

131 1999 153 2039 1⁵
240 1989 368 2052 lenita
390 1966 620 2069 graecaineutri
643 1999 712 2052 sunt
733 1993 853 2069 generis
875 1995 983 2054 omnia.
1016 1993 1053 2054 de
1076 1991 1274 2052 declinatione
1296 1991 1376 2052 nulla
1399 1998 1445 2050 est

162 2091 346 2170 ambiguitas:
379 2111 447 2153 nam
475 2093 608 2154 eiusdem
637 2101 706 2155 sunt
727 2093 857 2166 ordinis,
881 2102 914 2155 nt
935 2113 1039 2175 poema
1061 2095 1219 2174 poematis,
1243 2100 1377 2154 toreuma
1399 2099 1443 2152 to·

162 2196 312 2265 reumatis,
336 2194 481 2255 emblema
504 2195 701 2256 emblematis.
745 2215 820 2276 quae
842 2199 978 2277 quamvis
1004 2198 1110 2256 tertiae
1133 2203 1203 2257 sunt
1224 2195 1442 2264 declinationis,

162 2296 285 2356 dativum
314 2303 343 2358 et
371 2296 529 2358 ablativum
557 2297 700 2378 pluralem
729 2315 788 2358 non
817 2301 847 2360 in
876 2298 946 2368 hus,
975 2298 1028 2360 sed
1054 2299 1086 2359 in
1114 2300 1141 2358 is
1162 2299 1299 2366 mittunt,
1329 2299 1444 2358 ratione

161 2401 308 2459 nominum
331 2399 477 2460 secundae
500 2398 723 2462 declinationis:
754 2418 822 2461 nam
843 2401 892 2461 his
913 2402 1059 2480 poemanm
1080 2407 1111 2460 et
1132 2390 1318 2461 emblematis
1339 2397 1442 2459 dicen·

130 2501 227 2562 ”dom
248 2508 303 2563 est.

238 2602 271 2664 ln
294 2622 330 2664 ax
353 2603 398 2664 vel
419 2606 450 2664 in
474 2606 503 2665 ix
527 2604 681 2666 masculini
704 2606 826 2682 generis
855 2606 974 2666 nomina
1002 2604 1142 2669 desinunt
1168 2611 1199 2664 et
1225 2605 1388 2681 genitivum
1417 2605 1444 2663 is

162 2705 266 2785 syllaba
288 2707 410 2777 liniunt,
434 2712 466 2766 ut
489 2705 593 2766 thorax
616 2706 756 2776 thoracis,
780 2724 869 2768 corax
891 2708 1021 2775 coracis,
1045 2705 1178 2766 Phoenix
1200 2702 1370 2766 Phoenicis.
1414 2711 1445 2763 et

162 2827 230 2888 quae
252 2810 284 2869 in
307 2807 381 2869 duas
403 2808 543 2871 desinunt
565 2816 777 2878 consonantes,
795 2812 903 2869 tertiae
919 2809 1111 2870 declinationi
1134 2807 1272 2869 similiter
1294 2807 1444 2887 applican-

164 2917 220 2980 tur,
242 2916 275 2971 ut
296 2910 345 2970 bic
368 2910 492 2991 Cyclops
514 2911 664 2992 Cyclopis,
688 2910 811 2992 chalybs
833 2909 976 2991 chalybis.

129 3022 151 3062 ²⁵
240 3012 382 3073 Vniversa
405 3015 523 3075 nomina
546 3032 669 3092 graeca,
699 3016 914 3093 cuiuscumque
941 3015 1003 3074 sint
1024 3014 1158 3091 generis,
1181 3013 1346 3090 genitivam
1367 3010 1445 3090 apud

163 3114 222 3173 illos
242 3117 272 3176 in
296 3115 348 3177 bas
371 3114 498 3195 syllabas
520 3117 655 3185 mittunt,
680 3118 711 3175 in
733 3134 786 3195 ης,
815 3122 848 3175 ut
870 3112 980 3195 Κίρκη
1003 3112 1143 3194 Κίρκης,
1173 3116 1205 3173 in
1227 3132 1280 3185 ας,
1308 3120 1342 3173 ut
1364 3110 1444 3172 Φαί-

162 3208 221 3294 dpoi
236 3212 398 3295 Φαίδρας,
416 3219 446 3277 in
462 3236 519 3287 ov,
535 3224 568 3278 ut
584 3214 720 3289 Αἰνείας
735 3213 890 3287 Αἰνείου,
907 3219 940 3277 in
955 3236 991 3287 α,
1014 3224 1048 3277 ut
1065 3208 1181 3287 Ἀντᾶς
1199 3207 1311 3284 Ἀντᾶ,
1335 3215 1367 3273 ἰιι
1390 3232 1444 3286 ως,

164 3327 193 3377 ut
212 3310 344 3398 Πηλεὺς
365 3314 518 3399 Πηλέως,
542 3320 573 3380 in
596 3337 670 3391 ους,
701 3326 733 3379 ut
760 3313 982 3398 Δημοσθένης
1004 3312 1262 3399 Δημοσθένους,
1284 3318 1317 3376 in
1339 3334 1390 3387 ος,
1413 3320 1446 3374 ut

165 3414 246 3492 Θόας
268 3416 426 3493 Θόαντος,
450 3420 546 3499 γίγας
568 3418 734 3499 γίγαντος.
769 3422 862 3497 igitur
883 3438 1088 3500 quaecumque
1111 3421 1230 3480 nomina
1253 3416 1330 3497 apud
1354 3414 1444 3476 Grae·

131 3527 210 3581 ³⁰cos
230 3524 390 3599 genitivum
413 3524 445 3583 in
467 3542 506 3603 ης
528 3522 572 3583 vel
595 3526 626 3583 in
649 3542 688 3595 ας
709 3524 843 3592 mittunt,
868 3522 946 3602 apud
969 3540 1022 3583 nos
1043 3524 1157 3602 primae
1180 3528 1250 3581 sunt
1271 3518 1446 3580 declinatio-

166 3626 220 3694 nis,
242 3631 273 3685 ut
295 3624 380 3686 Circe
404 3623 448 3685 vel
472 3624 557 3685 Circa
579 3625 668 3685 huius
691 3625 809 3695 Circae,
838 3624 974 3685 Phaedra
1001 3624 1164 3685 Phaedrae.
1208 3640 1284 3702 quae
1306 3623 1338 3681 in
1360 3639 1380 3679 α
1401 3618 1447 3679 vei

166 3726 194 3785 in
214 3745 253 3787 oo
274 3728 437 3805 genitivum
459 3728 581 3787 mittunt
603 3746 619 3787 a
642 3729 824 3788 nominativo
847 3745 886 3798 ας
900 3726 947 3786 vel
961 3746 1001 3806 ης
1016 3726 1136 3806 syllabis
1150 3726 1310 3785 terminato
1326 3723 1445 3783 venien·

166 3830 216 3898 tia,
238 3828 326 3889 simili
350 3828 437 3889 modo
452 3830 566 3907 primae
583 3835 651 3891 sunt
672 3828 895 3898 declinationis,
911 3836 945 3889 ut
958 3828 1050 3889 hntas
1064 3828 1173 3896 Arriae,
1189 3827 1305 3887 Aeneas
1320 3825 1445 3893 Aeneae,

169 3928 279 3991 Orestes
306 3928 440 3991 Orestae.
485 3948 560 4009 quae
588 3932 620 3991 in
649 3949 691 3990 ov
718 3929 859 4010 syllabam
888 3938 998 3991 exeunt
1019 3933 1052 3990 in
1073 3930 1206 4007 genitivo
1228 3947 1244 3989 a
1267 3927 1447 3987 nominativo

134 4034 200 4102 4ὅος
219 4034 373 4093 terminato
395 4033 560 4101 venientia,
584 4031 731 4094 secundae
754 4040 824 4095 sunt
845 4032 1068 4101 declinationis,
1091 4038 1124 4091 ut
1145 4030 1293 4091 homerus
1314 4027 1446 4096 Homeri,

228 4238 243 4287 4
262 4238 287 4287 in
305 4252 337 4287 sn
354 4238 431 4291 cnm.
450 4236 499 4294 25,
512 4234 559 4301 ge.
581 4252 638 4289 eac.
660 4236 736 4290 Cher.
756 4234 816 4301 540,
836 4234 879 4287 36.
897 4236 976 4289 Proh.
996 4235 1062 4287 cath.
1079 4234 1109 4297 9,
1129 4233 1162 4286 18
1234 4234 1266 4285 10
1283 4234 1309 4283 in
1323 4233 1349 4282 in
1369 4231 1445 4284 Odor.

170 4305 206 4371 tt,
223 4306 263 4363 26.
282 4322 340 4369 esc,
360 4306 436 4359 coar.
457 4307 516 4368 542,
533 4303 568 4355 23

176 4442 279 4453 κὴ

234 4513 245 4563 1
264 4512 426 4578 penultimam
443 4512 565 4577 syllabam
584 4524 599 4559 o
617 4511 640 4560 P
657 4510 822 4576 penultimam
840 4509 963 4575 syllabam
983 4510 1027 4566 Fe
1096 4509 1156 4561 lint
1170 4508 1288 4575 uirgiliua
1302 4522 1352 4572 pan
1366 4520 1446 4573 panos

174 4579 199 4629 de
215 4596 278 4634 more
290 4583 388 4651 lyeiP:
412 4583 483 4647 Verp
502 4582 567 4635 Aeo.
586 4581 644 4630 Vlli
662 4581 713 4633 344
783 4580 816 4629 24
836 4579 949 4646 chalybis
965 4592 1092 4629 nrvrnoaa
1111 4579 1232 4628 uniuersa
1249 4578 1275 4627 P
1287 4577 1377 4627 calibis
1394 4591 1447 4627 rer-

173 4664 231 4700 rosa
248 4667 456 4705 nrosmvooaano
477 4653 596 4702 uniuerso
614 4651 640 4699 F
689 4650 722 4699 25
741 4650 842 4715 generis
859 4650 881 4700 si
898 4649 1040 4714 genitluum
1056 4650 1081 4698 P
1131 4647 1163 4699 31
1183 4656 1211 4696 ut
1229 4647 1364 4697 cirenensi
1381 4644 1448 4695 cirea

174 4716 239 4771 huius
255 4724 334 4773 circae
356 4726 382 4775 P
400 4730 427 4772 nt
447 4737 514 4773 xrnxr
532 4734 617 4772 memo
640 4722 708 4771 circa
726 4720 808 4770 circas
825 4720 851 4769 P
936 4718 977 4768 uei
996 4718 1022 4766 in
1041 4731 1073 4768 ov
1093 4734 1109 4767 a
1131 4717 1286 4768 nominatius
1306 4732 1336 4765 ac
1354 4716 1395 4765 uei
1414 4729 1448 4765 no

175 4789 267 4852 syllabis
288 4796 420 4843 terminato
439 4792 569 4843 uenientia
586 4792 728 4857 genitiuum
747 4790 848 4840 mittunt
867 4790 946 4839 simili
964 4789 989 4837 P
1006 4788 1046 4837 oel
1068 4788 1094 4836 in
1120 4803 1152 4838 ox
1179 4787 1322 4853 genitiuum
1346 4787 1449 4836 mittunt

177 4861 343 4915 nominstinum
365 4865 390 4913 in
409 4878 438 4912 as
453 4862 495 4911 nel
514 4863 540 4911 in
556 4876 584 4913 es
603 4860 710 4925 syllabis
729 4860 898 4911 terminantur
916 4859 993 4909 simili
1012 4857 1036 4906 F

219 4952 386 4996 omnuarror
400 4952 494 4995 nerim
510 4952 537 4997 V.
1204 4940 1245 5004 28
