3525 5600
307 353 371 419 250
880 355 1034 419 eunucu

333 477 354 518 p.
368 465 456 507 arr-is
471 465 491 504 n.

307 544 402 614 multi,
425 545 548 606 manius.
593 543 662 621 quiid
687 563 758 624 ergo
782 546 909 607 dicimus
930 546 960 604 in
984 547 1047 606 istis
1069 531 1256 630 nominibus?
1278 544 1358 607 unde
1380 550 1508 626 apparet
1530 559 1601 620 quo-

307 650 385 708 niam
409 646 602 708 soloecismus
633 647 694 708 esti
729 649 828 724 primo
858 649 998 728 quoniam
1025 667 1113 708 mane
1139 667 1199 709 non
1226 649 1333 725 recipit
1355 647 1601 727 conparationem

306 751 431 812 manius.
477 767 563 810 mane
585 748 692 811 dicitur
714 751 894 812 matutinum
915 756 1043 831 tempus.
1087 769 1173 812 nrane
1197 756 1322 812 tractum
1345 755 1391 810 est
1412 748 1450 809 ab
1475 745 1534 808 illis
1555 765 1600 806 re·

306 851 375 920 bus,
406 869 508 912 manes
535 851 674 913 dicuntur
703 851 732 912 di
761 854 845 914 ellusi
874 870 929 933 per
958 860 1053 914 totum
1083 852 1164 934 [nam
1194 853 1238 914 sic
1265 851 1462 914 definiverunt
1486 851 1601 928 penitus

307 955 358 1032 qui
380 960 580 1015 tractaverunt
602 954 638 1014 de
659 956 724 1015 istis
746 954 846 1025 rebus,
871 973 975 1016 manes
997 955 1136 1016 dicuntur
1151 955 1191 1015 dii
1207 956 1292 1016 ed'usi
1313 973 1369 1035 per
1382 951 1509 1033 totum]‚
1532 961 1624 1031 putas

307 1058 358 1136 qui
381 1057 412 1116 in
436 1065 515 1118 terra
540 1076 605 1119 esse
627 1065 767 1137 possunt,
792 1059 842 1136 qui
869 1059 901 1118 in
923 1063 994 1120 aere
1015 1075 1085 1126 ,esse
1107 1066 1245 1137 possunt,
1270 1059 1372 1135 quiin
1393 1055 1489 1117 caelo.
1535 1072 1600 1115 nam

306 1158 417 1220 idcirco
439 1177 560 1219 manare
583 1158 722 1229 dieImus,
746 1157 888 1239 quicquid
911 1157 1006 1240 eiduit
1027 1178 1082 1238 per
1104 1166 1214 1230 totum,
1238 1167 1308 1241 puta
1332 1165 1450 1221 ‘manat
1473 1161 1599 1224 sermo’,

306 1263 423 1321 ‘manat
445 1261 581 1322 lluvius’.
627 1268 810 1340 usurpantur
832 1263 897 1322 ista.
944 1277 1015 1338 ergo
1045 1265 1185 1343 quoniam
1213 1262 1277 1323 dies
1299 1270 1371 1323 tunc
1393 1263 1528 1341 primum
1551 1277 1602 1337 per

305 1372 400 1425 totum
429 1364 537 1432 ellluit,
572 1363 690 1444 quando
720 1365 868 1434 nascitur,
900 1362 1065 1443 appellatur
1088 1383 1189 1437 mane,
1214 1367 1298 1445 quasi
1326 1362 1405 1442 quod
1430 1367 1553 1423 emanet
1573 1366 1602 1419 et

305 1465 414 1526 eliluat.
460 1468 485 1527 si
512 1464 582 1526 inde
604 1465 694 1525 habet
716 1465 940 1545 etymologiam,
970 1483 1031 1527 non
1060 1475 1159 1546 potest
1186 1470 1321 1546 recipere
1343 1466 1634 1546 conparationemu

305 1567 433 1629 diximus
456 1569 533 1629 enim
558 1585 592 1628 ea
615 1567 752 1628 adverbia
774 1569 911 1646 recipere
934 1571 1191 1647 conparationem,
1215 1586 1291 1647 quae
1319 1562 1465 1647 originem
1490 1566 1602 1628 ducunt

305 1688 321 1729 a
345 1669 514 1731 nominibus
536 1669 749 1749 recipientibus
771 1671 1022 1748 conparationem.
1053 1673 1113 1732 sire
1136 1691 1151 1732 a
1174 1671 1322 1732 manando
1343 1673 1403 1731 sive
1425 1688 1441 1730 a
1465 1667 1602 1730 manibus

306 1771 415 1834 dietum
446 1771 572 1833 volueris
601 1791 703 1841 mane,
737 1771 796 1832 sive
826 1771 899 1834 illud
926 1775 988 1833 sire
1015 1771 1103 1841 illud,
1138 1792 1198 1834 non
1219 1775 1326 1853 recipit
1347 1772 1601 1851 conparationem.

307 1892 378 1956 ergo
402 1877 517 1937 manius
546 1892 632 1935 nemo
656 1874 735 1936 dicit.
781 1874 851 1954 quid
875 1877 967 1953 ergo?
990 1893 1058 1936 cum
1087 1893 1163 1954 opus
1185 1876 1277 1937 luerit
1297 1875 1353 1935 bac
1375 1873 1599 1952 significatione,

306 1977 375 2055 quid
398 1977 560 2038 iaciemus?
591 1977 626 2037 ad
650 1975 815 2056 augendam
839 1978 1083 2056 significationem
1111 1980 1260 2053 iungimus
1288 1978 1380 2055 magis
1409 1984 1439 2037 et
1461 1976 1635 2041 maximnm

305 2078 341 2139 ad
364 2079 553 2162 minuendam
577 2080 675 2139 minus
698 2085 728 2138 et
751 2081 881 2140 minime.
927 2087 998 2160 puta
1020 2080 1139 2150 Cicero,
1163 2081 1209 2142 lac
1229 2077 1234 2161 l
1253 2078 1323 2140 inde
1345 2077 1530 2146 adverbium,
1555 2076 1598 2137 Ci-

304 2184 476 2252 ceroniane;
500 2180 614 2242 Tullius
636 2179 779 2243 Tulliane.
824 2197 896 2259 ergo
919 2188 989 2243 suot
1011 2181 1151 2244 adverbia
1172 2201 1249 2262 quae
1271 2181 1517 2261 conparationem
1540 2196 1601 2238 non

305 2285 462 2364 recipiunt,
486 2283 538 2344 sed
561 2291 649 2362 egent
671 2284 888 2362 significatione
910 2285 1141 2363 cooperationis.
1187 2283 1258 2362 quid
1282 2301 1354 2362 ergo
1374 2283 1540 2344 iaciemus?
1563 2282 1601 2340 ita

305 2385 449 2447 debemus
471 2385 568 2463 loqui,
593 2391 663 2463 puta
687 2385 761 2446 ‘iste
777 2384 913 2447 Tuiliaue
934 2385 1099 2465 loquitur’;
1124 2395 1170 2447 est
1190 2385 1265 2448 alter
1287 2385 1337 2464 qui
1360 2384 1442 2446 valde
1464 2382 1601 2445 'lulliaoe

304 2488 451 2567 loquatur,
475 2487 542 2548 dico
566 2488 678 2564 ‘magis
693 2487 829 2548 Tuiliaue
851 2487 1012 2568 loquitur’;
1034 2489 1093 2577 5⁸2,
1139 2489 1196 2549 lter
1211 2489 1260 2567 qui
1280 2487 1362 2567 plus,
1387 2484 1482 2564 debeo
1499 2487 1635 2546 diceres

305 2593 449 2653 ‘maxime
471 2589 605 2651 Tulliano
628 2590 760 2670 loquitur
770 2595 788 2662 ',
813 2597 845 2652 ut
868 2589 925 2651 hoc
948 2590 1056 2652 taciani
1077 2592 1132 2651 ista
1155 2592 1311 2652 coniuncta
1333 2588 1489 2658 adverbia,
1521 2587 1601 2666 quod

305 2693 380 2755 solet
405 2694 503 2754 lacere
531 2693 737 2772 cooperativus
765 2700 795 2753 et
830 2691 1037 2772 superlativus.
1081 2701 1154 2772 puta
1181 2691 1231 2754 ille
1258 2710 1346 2753 mane
1372 2691 1466 2760 venit;
1499 2691 1601 2751 nescio

305 2797 355 2873 qui
377 2797 522 2857 maturius
544 2797 631 2865 venit,
656 2793 799 2857 debemus
822 2795 923 2857 dicere
946 2797 1051 2875 ‘magis
1070 2797 1185 2866 mane';
1209 2796 1279 2858 item
1302 2793 1377 2857 alter
1399 2792 1600 2853 maturissime

283 2899 400 2967 ‘venit,
434 2896 577 2958 debemus
605 2896 706 2959 dicere
735 2900 878 2959 ‘maxime
908 2916 995 2959 mane
1022 2900 1131 2959 venit'.
1175 2906 1226 2959 aut
1253 2904 1335 2959 certe
1358 2900 1463 2963 imane
1485 2896 1599 2962 renit';

307 2999 422 3060 tardius
444 3000 544 3060 nescio
567 3000 618 3078 qui
641 3000 728 3069 venit,
752 2999 896 3060 debemus
917 2986 1017 3061 dicere
1040 3002 1157 3063 ‘minus
1179 3018 1266 3061 mane
1288 2998 1403 3066 venit’;
1431 3000 1504 3059 item
1526 2996 1599 3057 alter
1612 3008 1635 3047 ²⁵

305 3100 474 3162 tardissime
498 3102 590 3161 veuit:
630 3100 700 3180 quid
723 3100 867 3163 debemus
890 3101 1008 3163 dicere?
1045 3104 1186 3164 ‘minime
1208 3120 1295 3163 mane
1316 3102 1427 3162 venit'.
1472 3116 1544 3177 ergo
1566 3116 1599 3157 ea

306 3202 453 3272 adverbia,
477 3202 507 3261 in
529 3202 638 3282 quibus
662 3222 720 3263 noo
744 3221 904 3281 possumus
926 3206 1059 3267 invenire
1082 3205 1334 3285 conparationem,
1356 3208 1390 3263 ut
1410 3201 1600 3282 possintba·

306 3306 378 3367 bere
408 3304 452 3365 vel
480 3306 724 3383 significationem
755 3308 990 3386 cooperationis,
1024 3307 1134 3369 debent
1159 3309 1215 3368 ista
1242 3304 1355 3366 babere
1383 3302 1537 3372 adverbia,
1569 3300 1598 3360 id

308 3416 353 3469 est
374 3408 468 3485 magis
492 3414 521 3467 et
536 3408 662 3468 maxime
691 3407 727 3467 ad
751 3408 930 3487 augendum,
952 3407 999 3470 rel
1020 3412 1064 3469 cd
1082 3407 1276 3471 minuendum
1294 3406 1393 3469 minus
1416 3414 1446 3467 et
1467 3406 1597 3467 ininime.

392 3510 499 3571 Docuit
521 3516 549 3569 et
573 3510 691 3570 nomina
714 3529 779 3572 esse
801 3511 973 3573 diminutiva
1002 3519 1031 3572 et
1052 3510 1190 3573 adverbia
1213 3528 1228 3570 a
1250 3499 1377 3589 positivo
1405 3514 1435 3569 et
1457 3518 1633 3587 europam-ao

307 3614 375 3683 tivo,
401 3630 415 3672 a
438 3612 564 3692 positivo
587 3612 716 3690 primum
739 3612 910 3692 primulum,
934 3633 950 3675 a
973 3616 1161 3694 conparativo
1184 3612 1301 3691 lougius
1322 3608 1522 3689 longiuscule:

459 3732 529 3773 non
552 3715 626 3775 seis
648 3712 733 3775 bine
755 3713 907 3793 longule
931 3718 1030 3777 esset
1061 3725 1097 3777 et
1120 3716 1219 3777 nosti
1241 3731 1363 3775 mores
1385 3711 1593 3774 mulierum:

460 3814 540 3875 dum
562 3815 782 3887 moliuntur,
807 3816 889 3877 dum
912 3824 1109 3888 conantur,
1133 3836 1250 3879 annus
1273 3824 1338 3877 est.
1443 3867 1454 3895 ,

308 3935 379 3997 orgo
401 3918 516 3978 invenis
539 3918 694 3995 apositivo
717 3918 924 3980 diminutivum
947 3921 1074 3999 primum
1097 3918 1268 3999 primulum,
1292 3938 1308 3979 a
1331 3918 1522 3998 cooperative
1536 3914 1595 3977 lou·

308 4022 372 4098 gius
396 4017 588 4097 longiuscule.
633 4038 649 4080 a
672 4019 851 4099 superlativo
873 4027 924 4081 aut
946 4022 1026 4084 riulla
1050 4022 1184 4101 exempla
1206 4029 1256 4083 aut
1278 4037 1345 4083 rara
1368 4028 1447 4081 sunt.
1606 4024 1632 4066 ³⁵

189 4133 249 4195 tau,
263 4133 295 4182 22
392 4120 455 4180 lloc
478 4120 557 4198 quod
587 4122 656 4182 dicit
686 4120 849 4183 tenendum
878 4121 966 4183 uobis
989 4131 1033 4184 est
1054 4122 1196 4185 ddelitcr:
1233 4125 1330 4184 omnis
1357 4121 1593 4202 persecutionis,

308 4240 377 4283 cum
400 4222 522 4282 desierit
545 4239 610 4283 esse
633 4222 711 4301 quod
735 4231 790 4294 est,
816 4223 987 4286 adverbium
1010 4226 1088 4288 lacit.
1130 4235 1202 4305 puta
1224 4244 1334 4287 nomen
1356 4233 1407 4286 aut
1428 4240 1539 4284 nomeu
1555 4228 1596 4282 est

378 4443 563 4495 ldieemuse'
648 4448 742 4496 liram
761 4447 798 4496 sic
816 4472 848 4482 -
868 4456 1016 4513 pertulum
1034 4462 1080 4500 om.
1100 4448 1134 4508 B,
1153 4450 1179 4497 in
1196 4462 1276 4512 marg.
1296 4448 1356 4497 add.
1376 4447 1405 4499 0.
1421 4445 1596 4509 unaquoque

308 4514 362 4564 olim
381 4516 471 4565 orrrirsa
488 4517 682 4578 accendentur,
701 4521 726 4568 in
745 4532 792 4583 pue
809 4516 886 4581 taes,
905 4531 993 4567 manes
1012 4517 1130 4568 dicuntur
1145 4544 1178 4553 —
1198 4520 1214 4568 7
1230 4533 1334 4568 manare
1355 4517 1593 4568 dinumeratam.

308 4588 334 4634 in
347 4584 424 4633 litura
444 4584 617 4649 scriptorium
689 4588 719 4639 15
739 4589 870 4653 iungimus
888 4603 933 4641 om.
954 4587 1038 4637 ABG
1105 4589 1137 4638 21
1153 4590 1265 4638 maxime
1280 4588 1384 4638 tulliane
1399 4587 1512 4651 loqueris
1529 4584 1596 4634 Auo

378 4656 410 4703 '25
430 4655 507 4706 debes
526 4656 706 4709 dicereminus
727 4658 778 4707 Ac
856 4657 890 4707 28
903 4656 981 4706 debes
999 4659 1048 4706 ista
1064 4658 1148 4710 ABG
1227 4658 1262 4709 20
1278 4660 1318 4707 uel
1334 4657 1500 4708 minuendum
1518 4655 1597 4707 Aac

377 4722 407 4773 31
429 4726 564 4789 primulum
580 4728 635 4776 AB
656 4728 762 4791 primule
780 4743 849 4779 corr,
871 4726 932 4774 -lum
952 4728 972 4775 0
989 4728 1125 4791 primuleb
1217 4728 1378 4794 longiuscule
1394 4726 1466 4777 Act
1485 4725 1594 4791 lougius-

309 4792 393 4843 oulum
411 4794 437 4843 B
506 4794 538 4845 32
561 4810 611 4847 noo
628 4795 688 4863 seis]
715 4798 817 4847 Terent.
832 4796 927 4849 Heaut.
947 4797 966 4844 ll
982 4798 1007 4857 2,
1029 4796 1062 4848 10
1116 4799 1259 4850 bineeorvt
1279 4798 1363 4865 tuest
1432 4796 1466 4849 33
1485 4808 1594 4847 annosa

309 4876 373 4915 uuus
391 4863 415 4913 Α
434 4878 516 4921 auurrs
534 4866 586 4925 BG
655 4867 688 4917 34
703 4866 838 4941 primulum
858 4867 913 4917 AB
931 4866 1070 4933 primulcb
