3525 5600
1397 333 1436 398 tl

1246 458 1267 498 p.
1282 447 1338 485 usar.
1352 447 1377 484 es
1391 444 1413 483 n.

152 527 288 608 qualitate
312 529 481 596 verborum,
505 529 573 608 quia
593 524 804 604 intelleguntur
820 527 973 604 participia
997 545 1032 586 ex
1048 525 1156 606 quibus
1173 525 1270 586 verbis
1292 525 1436 585 oriuntur.

151 632 285 691 oriuntur
312 639 412 692 autem
439 649 476 690 es
503 629 640 690 omnibus
667 635 735 688 octo
760 626 948 706 qualitatibus
978 628 1150 698 verborum,
1179 629 1246 707 quia
1275 635 1341 688 octo
1370 635 1440 688 sunt

152 731 307 811 qualitates
323 730 368 792 vel
389 750 499 810 genera
515 729 686 799 verborum,
710 728 843 790 neutrale
864 730 991 792 activum
1014 731 1161 809 passivum
1184 729 1336 808 deponens
1359 748 1439 790 com-

152 851 240 894 mune
263 835 461 895 inchoativum
483 833 730 912 frequentativum
752 832 938 892 defectivum.
982 830 1108 911 qualitas
1135 849 1228 910 genus
1252 839 1305 900 est,
1329 833 1439 909 signiti-

120 937 226 1002 :catio
249 937 375 1014 species.
403 934 577 1014 [verborum
604 933 716 994 similes
743 940 819 994 sunt
866 933 976 1003 cultus,
1003 935 1028 994 si
1054 935 1159 1012 recipit
1181 929 1438 1013 conlfparaticnem

151 1056 261 1098 nomen
284 1049 342 1106 est:
365 1039 391 1098 si
413 1045 562 1116 tempora,
586 1035 783 1114 participium.
829 1035 1026 1096 declinatione
1048 1035 1273 1105 discernuntur,
1297 1043 1329 1095 ut
1351 1036 1438 1104 visus,

151 1140 174 1199 si
207 1145 331 1218 quartae
360 1137 565 1200 declinationis
598 1145 658 1207 est,
691 1154 801 1197 nomen
828 1146 888 1207 est:
922 1139 947 1198 si
974 1137 1138 1207 secundae,
1167 1132 1374 1220 participiuml.
1402 1169 1437 1182 -

152 1241 368 1301 Praesentis
394 1240 574 1319 temporis
601 1245 637 1298 et
662 1240 793 1308 luturi,
821 1246 859 1299 ut
886 1238 1016 1317 legens
1044 1238 1227 1300 lecturus:
1250 1241 1281 1300 in
1303 1237 1557 1308 omnihus387,29

153 1340 411 1419 coniugationibus
438 1339 666 1402 custodiendum
692 1342 860 1418 praesentis
889 1341 1032 1420 temporis
1053 1342 1208 1421 participia
1231 1339 1442 1421 quomodote

121 1442 323 1511 10nominibus
350 1443 468 1504 distent.
512 1461 615 1504 amans
640 1440 721 1502 illius
745 1441 749 1518 l
772 1460 878 1504 nomen
901 1449 930 1502 et
952 1459 1054 1504 amans
1076 1441 1158 1502 illum
1180 1444 1375 1523 participium.
1398 1477 1441 1487 -

153 1545 192 1604 Et
219 1545 355 1615 luturi,
385 1553 423 1626 ut
450 1543 598 1605 luctans
625 1543 789 1604 luctatus
817 1543 1027 1605 luctaturus
1056 1543 1122 1622 (hcc
1145 1543 1266 1606 verbum
1289 1544 1440 1625 deponens
1453 1557 1485 1604 32

109 1672 115 1686 =
154 1648 343 1726 participium
366 1646 458 1707 luturi
480 1647 624 1724 temporis
645 1644 683 1706 ab
705 1644 975 1723 aedvo,vindicat);
1004 1664 1020 1706 a
1043 1664 1155 1708 comm
1164 1648 1227 1706 riui
1250 1654 1439 1726 quattuor,

153 1749 370 1828 praesentis
394 1748 598 1828 praeteriti
627 1757 662 1808 et
689 1747 796 1809 duum
820 1749 1045 1817 luturorum,
1074 1757 1112 1810 ut
1139 1749 1345 1810 criminans
1367 1749 1440 1808 cri·
1483 1803 1489 1810 .

155 1851 315 1910 minatus
336 1851 605 1910 criminaturus
625 1849 893 1911 criminandus:
925 1851 1076 1929 quaeritur
1098 1857 1196 1911 uuum
1224 1857 1380 1910 sancturus
1402 1867 1439 1908 an

123 1980 144 2018 1:
155 1955 321 2013 sanciturus
340 1951 463 2012 dicatur.
494 1951 530 2012 ad
553 1952 705 2030 praeteriti
726 1953 850 2030 perfecti
871 1950 1005 2028 regulam
1027 1951 1242 2014 recurrendum
1265 1960 1322 2013 est:
1346 1950 1383 2012 ab
1406 1969 1441 2011 eo

154 2054 229 2134 quod
251 2062 296 2114 est
316 2059 437 2114 sanctus
458 2051 528 2112 tolle
550 2071 574 2121 s,
598 2051 674 2113 adde
694 2072 755 2119 rus.
777 2054 848 2114 iacit
869 2061 1036 2115 sancturus.
1067 2055 1093 2114 si
1114 2055 1260 2124 sancitus,
1284 2055 1354 2114 lacit
1374 2071 1441 2113 san·

154 2157 274 2217 citurus.
319 2154 371 2214 sed
397 2154 465 2215 ideo
495 2153 555 2214 hoc
579 2153 723 2215 debemus
749 2153 924 2233 intellegere
953 2153 990 2215 ab
1018 2156 1127 2216 activo:
1157 2157 1223 2235 quia
1254 2155 1439 2223 lacusancti,

154 2258 222 2317 lacit
247 2264 380 2324 sanctus:
410 2257 436 2317 si
464 2257 577 2316 iaceret
603 2257 711 2326 sancii,
739 2256 851 2318 iaceret
877 2257 1020 2325 sancitus:
1049 2257 1101 2318 sed
1129 2257 1199 2318 iacit
1225 2257 1324 2326 sanxi,
1353 2274 1440 2336 quam

155 2360 254 2418 sancii.
299 2365 436 2418 mortuus
463 2365 561 2418 umen
589 2357 646 2418 hoc
672 2356 769 2418 solum
795 2365 898 2419 contra
924 2357 1057 2437 regulam
1079 2359 1166 2418 istam
1189 2365 1347 2440 repugnat,
1371 2359 1439 2437 quia

122 2493 143 2529 a
156 2479 213 2520 non
234 2461 306 2520 lacit
327 2467 460 2521 mortuus
481 2468 665 2530 mortuurus,
689 2459 741 2521 sed
763 2461 834 2521 iacit
854 2462 1024 2522 moriturus.
1040 2494 1083 2504 -
1104 2459 1295 2521 llelectiva
1319 2461 1439 2520 iuter·
1452 2471 1541 2534 388‚3

156 2561 236 2622 dum
263 2560 429 2622 alicuius
457 2569 546 2623 sunt
573 2562 765 2642 temporis,
795 2559 800 2642 Ι
830 2569 869 2622 ut
897 2561 998 2622 soleo
1025 2561 1153 2624 solens
1179 2560 1329 2622 solitus:
1359 2561 1441 2622 soleo

156 2673 286 2743 tempore
319 2663 480 2742 praeterito
506 2663 639 2742 perlecto
667 2683 723 2725 uec
744 2661 822 2725 solui
843 2663 913 2724 lacit
934 2670 964 2723 et
985 2664 1086 2725 luturo
1107 2671 1241 2744 tempure
1263 2670 1357 2731 caret:
1381 2681 1441 2724 non

155 2766 224 2826 lacit
249 2764 396 2827 sciendus.
441 2763 490 2825 odi
517 2773 616 2827 autem
641 2764 750 2827 lectum
779 2773 880 2827 estet
907 2783 974 2827 osus
997 2771 1027 2825 et
1048 2783 1171 2833 usurus:
1200 2764 1252 2827 sed
1282 2764 1329 2825 hic
1352 2761 1442 2825 Tullii

152 2877 263 2947 pugnat
282 2868 454 2928 auctoritas.
481 2902 523 2911 —
551 2867 685 2929 Notanda
708 2875 755 2929 est
776 2866 832 2928 alia
853 2866 1025 2936 declinatio,
1056 2886 1114 2947 quc
1137 2866 1225 2929 modo
1247 2868 1440 2947 participiaa

123 2969 323 3039 enominibns
349 2976 540 3046 separentur,
568 2978 601 3030 ut
628 2968 664 3029 ab
692 2988 728 3030 eo
754 2970 834 3051 quod
861 2978 907 3030 est
934 2987 1048 3040 amans,
1076 2972 1101 3031 si
1123 2972 1258 3047 genetivo
1279 2969 1441 3030 aniantium

156 3072 226 3133 lacit
260 3072 449 3150 participium
470 3078 529 3138 est;
552 3071 578 3131 si
599 3081 761 3141 amantum,
785 3090 904 3132 nomen.
925 3106 959 3115 -
982 3072 1025 3131 vt
1046 3070 1088 3133 ab
1111 3090 1153 3132 eo
1175 3071 1269 3151 quod
1293 3078 1348 3132 est
1369 3084 1469 3132 me·t

157 3120 250 3233 mirfl
265 3170 407 3233 nullum
429 3173 677 3252 participium
698 3175 906 3235 invenitur:
937 3174 1058 3235 memini
1086 3175 1251 3235 meminens
1273 3173 1441 3233 meminitus

157 3292 213 3335 uon
238 3275 319 3344 iacit,
343 3275 411 3351 quia
434 3280 559 3353 utroque
580 3275 737 3354 participio
758 3283 849 3336 caret.
890 3309 923 3319 -
959 3274 1010 3338 Ab
1039 3294 1080 3337 eo
1103 3274 1198 3355 quod
1229 3281 1285 3337 est
1306 3274 1468 3337 studens

156 3375 321 3437 studens:
344 3374 508 3436 studiturus
529 3392 588 3437 non
610 3377 689 3438 lacit.
706 3410 749 3420 -
769 3376 819 3439 Ab
840 3374 1078 3456 inpersonali
1100 3375 1213 3437 verbo
1235 3378 1468 3456 participia:
1573 3366 1575 3374 ’

125 3478 232 3545 aluisi
251 3486 428 3557 usurpata
451 3496 523 3537 non
546 3478 713 3539 veniunt:
737 3477 853 3558 pudens
871 3482 1027 3559 paenitens
1049 3480 1210 3558 quaeritur,
1233 3486 1331 3543 uuum
1354 3478 1442 3538 iaciat

157 3577 193 3638 ab
212 3578 391 3658 inpersonali
412 3578 512 3641 verbo.
542 3579 704 3641 notandum
726 3580 763 3641 ab
784 3580 1025 3660 inpersunalibus
1048 3577 1146 3640 verbis
1167 3580 1321 3659 participia
1343 3578 1440 3639 lutura

159 3699 216 3741 non
230 3682 327 3741 venire
342 3681 402 3741 nisi
418 3687 566 3767 usurpata.
587 3685 592 3753 Ι
610 3716 652 3725 -
667 3681 848 3743 Numerus
862 3682 1080 3763 participiis
1102 3681 1245 3741 accidit
1265 3690 1468 3757 uterque,8

159 3780 364 3859 singularis
386 3790 425 3841 ut
445 3782 505 3843 hic
527 3780 672 3861 legens:
707 3783 860 3845 sciendum
891 3800 1077 3848 communem
1106 3801 1263 3845 numerum
1285 3782 1439 3863 participia

159 3882 263 3944 habere
284 3902 344 3944 non
365 3880 463 3963 posse.
554 3946 559 3957 ,

128 4015 149 4053 ³5
238 3986 279 4045 Vt
299 3984 498 4047 tunicatus
524 3984 709 4064 galeatus:
738 4005 798 4047 non
826 3987 897 4048 lacit
924 3988 1025 4047 tuuico
1053 3986 1153 4065 gaico:
1178 3986 1249 4047 illud
1279 3995 1323 4047 est
1349 3986 1485 4065 parsi-12

227 4222 438 4274 &sancxit
457 4220 560 4273 5*-7.
632 4220 809 4291 dpsssivum]
830 4223 1042 4287 frequentatiuum
1115 4222 1274 4289 Somnibus]
1295 4223 1440 4273 nominibus

225 4293 335 4344 9aom.
409 4292 442 4343 10
461 4307 614 4346 domenum.
688 4295 719 4344 15
743 4292 834 4359 abeo]
859 4302 934 4343 uteo
1005 4294 1037 4345 18
1055 4296 1140 4345 astraei
1162 4310 1237 4357 quam
1256 4294 1335 4343 sancii
1406 4292 1440 4343 20

162 4361 307 4429 mensurus]
324 4364 463 4413 moriturus
532 4363 712 4430 inpraesenti
730 4364 835 4429 perlecti
906 4362 939 4413 23
958 4362 1011 4413 odii
1079 4366 1113 4414 24
1133 4366 1221 4429 pignat
1238 4378 1308 4413 corr.
1325 4364 1358 4415 sl.
1372 4377 1438 4415 omn.
1490 4356 1494 4365 '

163 4446 254 4497 pugnat
318 4435 351 4483 27
371 4433 534 4481 inueniuntur
602 4432 637 4483 28
655 4433 745 4483 studeo
763 4433 867 4483 studens
884 4434 990 4483 studens
1007 4434 1146 4484 studiturus
1200 4432 1347 4497 30pudens
1367 4442 1437 4481 taen-

163 4502 222 4551 dens
240 4503 314 4565 (corr.
327 4502 430 4567 tedens)
448 4502 549 4566 penitus
570 4510 654 4552 utrum
723 4502 757 4557 32
775 4504 901 4553 adcedunt
969 4502 1002 4554 35
1022 4503 1091 4569 gallo

227 4690 363 4752 tqualitas
383 4690 486 4757 generis
506 4698 544 4740 est
567 4689 729 4756 significatio.
756 4693 857 4756 species
875 4691 1008 4741 verborum
1026 4689 1122 4739 similes
1140 4697 1199 4737 sunt
1218 4690 1357 4739 Patscliius.
1383 4705 1439 4738 ver-

165 4760 247 4808 borum
259 4761 354 4809 similes
367 4776 397 4811 eo
408 4762 537 4826 pertinere
549 4760 659 4818 videtur,
674 4762 741 4825 quud
750 4763 944 4824 sipnifieats'ones
957 4761 1146 4822 participiorum
1156 4760 1373 4823 aipnifieatiouibua
1385 4776 1440 4811 oer-

166 4828 254 4891 lorum,
267 4846 284 4879 n
302 4830 388 4895 picibus
404 4831 528 4895 sensim,
541 4832 632 4882 :initas
650 4844 706 4881 esee
718 4831 835 4880 dimstur
879 4832 928 4905 —lt
945 4830 1049 4879 taedeus
1062 4830 1193 4897 poenitens
1210 4837 1291 4879 uuum
1304 4829 1440 4881 Putseleiua
