<?xml version="1.0" encoding="UTF-8"?>
<!DOCTYPE html PUBLIC "-//W3C//DTD XHTML 1.0 Transitional//EN"
    "http://www.w3.org/TR/xhtml1/DTD/xhtml1-transitional.dtd">
<html xmlns="http://www.w3.org/1999/xhtml" xml:lang="en" lang="en">
 <head>
  <title>
</title>
<meta http-equiv="Content-Type" content="text/html;charset=utf-8" />
  <meta name='ocr-system' content='tesseract 3.04.00' />
  <meta name='ocr-capabilities' content='ocr_page ocr_carea ocr_par ocr_line ocrx_word'/>
</head>
<body>
  <div class='ocr_page' id='page_1' title='image "./grammaticilatin03hagagoog_0180.png"; bbox 0 0 3525 5600; ppageno 0'>
   <div class='ocr_carea' id='block_1_1' title="bbox 367 403 1089 470">
    <p class='ocr_par' dir='ltr' id='par_1_1' title="bbox 367 403 1089 470">
     <span class='ocr_line' id='line_1_1' title="bbox 367 403 1089 470; baseline 0.001 -3"><span class='ocrx_word' id='word_1_1' title='bbox 367 403 428 468; x_wconf 74' lang='lat'><strong>170</strong></span> <span class='ocrx_word' id='word_1_2' title='bbox 937 406 1089 470; x_wconf 86' lang='lat' dir='ltr'><strong>POMPEll</strong></span> 
     </span>
    </p>
   </div>
   <div class='ocr_carea' id='block_1_2' title="bbox 245 515 1709 3031">
    <p class='ocr_par' dir='ltr' id='par_1_2' title="bbox 245 515 1709 3031">
     <span class='ocr_line' id='line_1_2' title="bbox 389 515 549 570; baseline -0.006 -14"><span class='ocrx_word' id='word_1_3' title='bbox 389 529 411 570; x_wconf 88' lang='lat' dir='ltr'><strong>p.</strong></span> <span class='ocrx_word' id='word_1_4' title='bbox 426 517 514 558; x_wconf 80' lang='lat' dir='ltr'><strong>tot-su</strong></span> <span class='ocrx_word' id='word_1_5' title='bbox 528 515 549 555; x_wconf 66' lang='lat' dir='ltr'><strong>l.</strong></span> 
     </span>
     <span class='ocr_line' id='line_1_3' title="bbox 363 583 1704 676; baseline -0.003 -17"><span class='ocrx_word' id='word_1_6' title='bbox 363 600 482 676; x_wconf 83' lang='lat' dir='ltr'><strong>tingunt</strong></span> <span class='ocrx_word' id='word_1_7' title='bbox 508 598 579 656; x_wconf 90' lang='lat' dir='ltr'><strong>item</strong></span> <span class='ocrx_word' id='word_1_8' title='bbox 606 596 725 655; x_wconf 83' lang='lat' dir='ltr'><strong>nomino</strong></span> <span class='ocrx_word' id='word_1_9' title='bbox 758 614 834 675; x_wconf 85' lang='lat' dir='ltr'><strong>quse</strong></span> <span class='ocrx_word' id='word_1_10' title='bbox 861 596 1025 675; x_wconf 87' lang='lat' dir='ltr'><strong>posteriore</strong></span> <span class='ocrx_word' id='word_1_11' title='bbox 1059 604 1143 676; x_wconf 83' lang='lat' dir='ltr'><strong>parte</strong></span> <span class='ocrx_word' id='word_1_12' title='bbox 1172 595 1371 666; x_wconf 82' lang='lat' dir='ltr'><strong>declinantur,</strong></span> <span class='ocrx_word' id='word_1_13' title='bbox 1402 602 1432 657; x_wconf 89' lang='lat' dir='ltr'><strong>et</strong></span> <span class='ocrx_word' id='word_1_14' title='bbox 1459 597 1554 675; x_wconf 83' lang='lat' dir='ltr'><strong>priore</strong></span> <span class='ocrx_word' id='word_1_15' title='bbox 1581 615 1639 664; x_wconf 88' lang='lat' dir='ltr'><strong>non,</strong></span> <span class='ocrx_word' id='word_1_16' title='bbox 1703 583 1704 588; x_wconf 29' lang='lat'>¹</span> 
     </span>
     <span class='ocr_line' id='line_1_4' title="bbox 363 691 924 779; baseline -0.009 -17"><span class='ocrx_word' id='word_1_17' title='bbox 363 710 396 762; x_wconf 92' lang='lat' dir='ltr'><strong>ut</strong></span> <span class='ocrx_word' id='word_1_18' title='bbox 418 702 491 762; x_wconf 88' lang='lat' dir='ltr'><strong>iuris</strong></span> <span class='ocrx_word' id='word_1_19' title='bbox 513 701 633 779; x_wconf 89' lang='lat' dir='ltr'><strong>peritus.</strong></span> <span class='ocrx_word' id='word_1_20' title='bbox 922 691 924 697; x_wconf 75' lang='grc'><strong>’</strong></span> 
     </span>
     <span class='ocr_line' id='line_1_5' title="bbox 245 801 1641 887; baseline -0.001 -24"><span class='ocrx_word' id='word_1_21' title='bbox 245 805 351 863; x_wconf 64' lang='grc' dir='ltr'><strong>43Μ8</strong></span> <span class='ocrx_word' id='word_1_22' title='bbox 448 802 538 887; x_wconf 78' lang='lat' dir='ltr'><strong>Plane</strong></span> <span class='ocrx_word' id='word_1_23' title='bbox 566 801 645 870; x_wconf 85' lang='lat' dir='ltr'><strong>ride,</strong></span> <span class='ocrx_word' id='word_1_24' title='bbox 674 820 734 880; x_wconf 89' lang='lat' dir='ltr'><strong>quo</strong></span> <span class='ocrx_word' id='word_1_25' title='bbox 762 801 850 862; x_wconf 80' lang='lat' dir='ltr'><strong>errodo</strong></span> <span class='ocrx_word' id='word_1_26' title='bbox 880 801 951 861; x_wconf 87' lang='lat' dir='ltr'><strong>dicit</strong></span> <span class='ocrx_word' id='word_1_27' title='bbox 980 802 1036 863; x_wconf 91' lang='lat' dir='ltr'><strong>sihi</strong></span> <span class='ocrx_word' id='word_1_28' title='bbox 1065 801 1161 882; x_wconf 80' lang='lat' dir='ltr'><strong>eliqua</strong></span> <span class='ocrx_word' id='word_1_29' title='bbox 1189 804 1347 863; x_wconf 83' lang='lat' dir='ltr'><strong>contraria.</strong></span> <span class='ocrx_word' id='word_1_30' title='bbox 1392 803 1432 863; x_wconf 83' lang='lat' dir='ltr'><strong>ait</strong></span> <span class='ocrx_word' id='word_1_31' title='bbox 1459 803 1515 870; x_wconf 88' lang='lat' dir='ltr'><strong>sic,</strong></span> <span class='ocrx_word' id='word_1_32' title='bbox 1546 802 1641 878; x_wconf 76' lang='lat' dir='ltr'><strong>‘ligura</strong></span> 
     </span>
     <span class='ocr_line' id='line_1_6' title="bbox 363 903 1642 984; baseline -0.002 -18"><span class='ocrx_word' id='word_1_33' title='bbox 363 923 439 982; x_wconf 82' lang='lat' dir='ltr'><strong>quae</strong></span> <span class='ocrx_word' id='word_1_34' title='bbox 467 906 620 984; x_wconf 77' lang='lat' dir='ltr'><strong>conposita</strong></span> <span class='ocrx_word' id='word_1_35' title='bbox 648 912 694 964; x_wconf 89' lang='lat' dir='ltr'><strong>est</strong></span> <span class='ocrx_word' id='word_1_36' title='bbox 721 903 819 965; x_wconf 89' lang='lat' dir='ltr'><strong>denuo</strong></span> <span class='ocrx_word' id='word_1_37' title='bbox 849 906 979 983; x_wconf 91' lang='lat' dir='ltr'><strong>conponi</strong></span> <span class='ocrx_word' id='word_1_38' title='bbox 1007 923 1065 966; x_wconf 91' lang='lat' dir='ltr'><strong>non</strong></span> <span class='ocrx_word' id='word_1_39' title='bbox 1095 908 1218 983; x_wconf 90' lang='lat' dir='ltr'><strong>potest&#39;.</strong></span> <span class='ocrx_word' id='word_1_40' title='bbox 1266 913 1298 964; x_wconf 91' lang='lat' dir='ltr'><strong>ut</strong></span> <span class='ocrx_word' id='word_1_41' title='bbox 1332 911 1402 984; x_wconf 82' lang='lat' dir='ltr'><strong>puto</strong></span> <span class='ocrx_word' id='word_1_42' title='bbox 1438 903 1507 964; x_wconf 85' lang='lat' dir='ltr'><strong>lelix</strong></span> <span class='ocrx_word' id='word_1_43' title='bbox 1533 903 1642 983; x_wconf 76' lang='lat' dir='ltr'>simplex</span> 
     </span>
     <span class='ocr_line' id='line_1_7' title="bbox 363 1005 1705 1086; baseline -0.001 -18"><span class='ocrx_word' id='word_1_44' title='bbox 363 1015 419 1068; x_wconf 90' lang='lat' dir='ltr'><strong>est:</strong></span> <span class='ocrx_word' id='word_1_45' title='bbox 449 1024 600 1086; x_wconf 83' lang='lat' dir='ltr'><strong>conpone,</strong></span> <span class='ocrx_word' id='word_1_46' title='bbox 629 1005 749 1066; x_wconf 84' lang='lat' dir='ltr'><strong>inlelix:</strong></span> <span class='ocrx_word' id='word_1_47' title='bbox 777 1008 836 1068; x_wconf 81' lang='lat' dir='ltr'><strong>iem</strong></span> <span class='ocrx_word' id='word_1_48' title='bbox 864 1006 989 1068; x_wconf 92' lang='lat' dir='ltr'><strong>ulterius</strong></span> <span class='ocrx_word' id='word_1_49' title='bbox 1012 1025 1070 1066; x_wconf 91' lang='lat' dir='ltr'><strong>non</strong></span> <span class='ocrx_word' id='word_1_50' title='bbox 1094 1015 1179 1086; x_wconf 90' lang='lat' dir='ltr'><strong>putes</strong></span> <span class='ocrx_word' id='word_1_51' title='bbox 1201 1025 1382 1086; x_wconf 83' lang='lat' dir='ltr'><strong>conponere.</strong></span> <span class='ocrx_word' id='word_1_52' title='bbox 1427 1015 1457 1068; x_wconf 91' lang='lat' dir='ltr'><strong>ct</strong></span> <span class='ocrx_word' id='word_1_53' title='bbox 1479 1005 1564 1067; x_wconf 92' lang='lat' dir='ltr'><strong>modo</strong></span> <span class='ocrx_word' id='word_1_54' title='bbox 1585 1005 1663 1068; x_wconf 76' lang='lat' dir='ltr'><strong>dicits</strong></span> <span class='ocrx_word' id='word_1_55' title='bbox 1704 1047 1705 1066; x_wconf 64' lang='lat'>2</span> 
     </span>
     <span class='ocr_line' id='line_1_8' title="bbox 362 1108 1643 1189; baseline -0.001 -20"><span class='ocrx_word' id='word_1_56' title='bbox 362 1108 452 1170; x_wconf 81' lang='lat' dir='ltr'><strong>‘licet</strong></span> <span class='ocrx_word' id='word_1_57' title='bbox 473 1108 559 1170; x_wconf 90' lang='lat' dir='ltr'><strong>nobis</strong></span> <span class='ocrx_word' id='word_1_58' title='bbox 582 1108 670 1169; x_wconf 82' lang='lat' dir='ltr'><strong>etiam</strong></span> <span class='ocrx_word' id='word_1_59' title='bbox 694 1128 729 1168; x_wconf 85' lang='lat' dir='ltr'><strong>ex</strong></span> <span class='ocrx_word' id='word_1_60' title='bbox 751 1108 886 1189; x_wconf 88' lang='lat' dir='ltr'><strong>pluribus</strong></span> <span class='ocrx_word' id='word_1_61' title='bbox 908 1127 1095 1188; x_wconf 86' lang='lat' dir='ltr'><strong>conponere,</strong></span> <span class='ocrx_word' id='word_1_62' title='bbox 1119 1117 1152 1169; x_wconf 89' lang='lat' dir='ltr'><strong>ut</strong></span> <span class='ocrx_word' id='word_1_63' title='bbox 1173 1111 1411 1188; x_wconf 86' lang='lat' dir='ltr'><strong>inperterritus&#39;.</strong></span> <span class='ocrx_word' id='word_1_64' title='bbox 1446 1110 1472 1168; x_wconf 88' lang='lat' dir='ltr'><strong>si</strong></span> <span class='ocrx_word' id='word_1_65' title='bbox 1494 1108 1564 1168; x_wconf 91' lang='lat' dir='ltr'><strong>dicit</strong></span> <span class='ocrx_word' id='word_1_66' title='bbox 1583 1128 1643 1188; x_wconf 83' lang='lat' dir='ltr'><strong>quo-</strong></span> 
     </span>
     <span class='ocr_line' id='line_1_9' title="bbox 363 1211 1644 1291; baseline -0.001 -20"><span class='ocrx_word' id='word_1_67' title='bbox 363 1213 441 1272; x_wconf 82' lang='lat' dir='ltr'><strong>niam</strong></span> <span class='ocrx_word' id='word_1_68' title='bbox 465 1212 557 1288; x_wconf 79' lang='lat' dir='ltr'><strong>ligura</strong></span> <span class='ocrx_word' id='word_1_69' title='bbox 582 1213 734 1290; x_wconf 86' lang='lat' dir='ltr'><strong>conposita</strong></span> <span class='ocrx_word' id='word_1_70' title='bbox 756 1229 815 1272; x_wconf 92' lang='lat' dir='ltr'><strong>non</strong></span> <span class='ocrx_word' id='word_1_71' title='bbox 838 1219 936 1291; x_wconf 88' lang='lat' dir='ltr'><strong>potest</strong></span> <span class='ocrx_word' id='word_1_72' title='bbox 958 1214 1096 1290; x_wconf 91' lang='lat' dir='ltr'><strong>conponi,</strong></span> <span class='ocrx_word' id='word_1_73' title='bbox 1114 1230 1172 1291; x_wconf 89' lang='lat' dir='ltr'><strong>quo</strong></span> <span class='ocrx_word' id='word_1_74' title='bbox 1195 1211 1283 1272; x_wconf 86' lang='lat' dir='ltr'><strong>urodo</strong></span> <span class='ocrx_word' id='word_1_75' title='bbox 1305 1219 1404 1291; x_wconf 89' lang='lat' dir='ltr'><strong>potest</strong></span> <span class='ocrx_word' id='word_1_76' title='bbox 1425 1229 1483 1272; x_wconf 83' lang='lat' dir='ltr'><strong>una</strong></span> <span class='ocrx_word' id='word_1_77' title='bbox 1506 1211 1594 1289; x_wconf 87' lang='lat' dir='ltr'><strong>figum</strong></span> <span class='ocrx_word' id='word_1_78' title='bbox 1614 1211 1644 1270; x_wconf 91' lang='lat' dir='ltr'><strong>dc</strong></span> 
     </span>
     <span class='ocr_line' id='line_1_10' title="bbox 361 1312 1706 1403; baseline -0.001 -28"><span class='ocrx_word' id='word_1_79' title='bbox 361 1313 496 1394; x_wconf 88' lang='lat' dir='ltr'><strong>pluribus</strong></span> <span class='ocrx_word' id='word_1_80' title='bbox 519 1313 666 1393; x_wconf 76' lang='lat' dir='ltr'><strong>conponi?</strong></span> <span class='ocrx_word' id='word_1_81' title='bbox 697 1333 757 1375; x_wconf 91' lang='lat' dir='ltr'><strong>non</strong></span> <span class='ocrx_word' id='word_1_82' title='bbox 781 1316 859 1374; x_wconf 87' lang='lat' dir='ltr'><strong>euim</strong></span> <span class='ocrx_word' id='word_1_83' title='bbox 882 1321 981 1393; x_wconf 88' lang='lat' dir='ltr'><strong>polest</strong></span> <span class='ocrx_word' id='word_1_84' title='bbox 1003 1314 1039 1374; x_wconf 91' lang='lat' dir='ltr'><strong>dc</strong></span> <span class='ocrx_word' id='word_1_85' title='bbox 1062 1312 1196 1393; x_wconf 84' lang='lat' dir='ltr'><strong>pluribus</strong></span> <span class='ocrx_word' id='word_1_86' title='bbox 1218 1315 1362 1394; x_wconf 91' lang='lat' dir='ltr'><strong>conponi,</strong></span> <span class='ocrx_word' id='word_1_87' title='bbox 1386 1316 1442 1376; x_wconf 90' lang='lat' dir='ltr'><strong>nisi</strong></span> <span class='ocrx_word' id='word_1_88' title='bbox 1465 1315 1525 1374; x_wconf 81' lang='lat' dir='ltr'><strong>ism</strong></span> <span class='ocrx_word' id='word_1_89' title='bbox 1547 1333 1643 1393; x_wconf 93' lang='lat' dir='ltr'><strong>conpo·</strong></span> <span class='ocrx_word' id='word_1_90' title='bbox 1705 1328 1706 1403; x_wconf 67' lang='lat' dir='ltr'><strong>p</strong></span> 
     </span>
     <span class='ocr_line' id='line_1_11' title="bbox 362 1413 1706 1496; baseline 0 -20"><span class='ocrx_word' id='word_1_91' title='bbox 362 1418 452 1478; x_wconf 87' lang='lat' dir='ltr'><strong>situm</strong></span> <span class='ocrx_word' id='word_1_92' title='bbox 479 1419 587 1477; x_wconf 88' lang='lat' dir='ltr'><strong>iterum</strong></span> <span class='ocrx_word' id='word_1_93' title='bbox 616 1423 812 1496; x_wconf 80' lang='lat' dir='ltr'><strong>conponatur.</strong></span> <span class='ocrx_word' id='word_1_94' title='bbox 856 1433 927 1494; x_wconf 82' lang='lat' dir='ltr'><strong>ergo</strong></span> <span class='ocrx_word' id='word_1_95' title='bbox 956 1416 1075 1494; x_wconf 84' lang='lat' dir='ltr'><strong>quondo</strong></span> <span class='ocrx_word' id='word_1_96' title='bbox 1103 1418 1224 1477; x_wconf 89' lang='lat' dir='ltr'><strong>territus</strong></span> <span class='ocrx_word' id='word_1_97' title='bbox 1252 1415 1334 1484; x_wconf 90' lang='lat' dir='ltr'><strong>dico,</strong></span> <span class='ocrx_word' id='word_1_98' title='bbox 1359 1422 1403 1476; x_wconf 88' lang='lat' dir='ltr'><strong>est</strong></span> <span class='ocrx_word' id='word_1_99' title='bbox 1425 1414 1565 1496; x_wconf 64' lang='lat' dir='ltr'><strong>simplem</strong></span> <span class='ocrx_word' id='word_1_100' title='bbox 1587 1435 1644 1495; x_wconf 87' lang='lat' dir='ltr'><strong>per·</strong></span> <span class='ocrx_word' id='word_1_101' title='bbox 1705 1413 1706 1452; x_wconf 73' lang='lat' dir='ltr'><strong>l</strong></span> 
     </span>
     <span class='ocr_line' id='line_1_12' title="bbox 361 1515 1673 1598; baseline -0.001 -19"><span class='ocrx_word' id='word_1_102' title='bbox 361 1521 486 1581; x_wconf 91' lang='lat' dir='ltr'><strong>territus</strong></span> <span class='ocrx_word' id='word_1_103' title='bbox 513 1517 631 1598; x_wconf 84' lang='lat' dir='ltr'><strong>quando</strong></span> <span class='ocrx_word' id='word_1_104' title='bbox 659 1518 741 1588; x_wconf 90' lang='lat' dir='ltr'><strong>dico,</strong></span> <span class='ocrx_word' id='word_1_105' title='bbox 772 1520 830 1580; x_wconf 84' lang='lat' dir='ltr'><strong>iam</strong></span> <span class='ocrx_word' id='word_1_106' title='bbox 859 1521 1044 1598; x_wconf 91' lang='lat' dir='ltr'><strong>conpositum</strong></span> <span class='ocrx_word' id='word_1_107' title='bbox 1074 1526 1132 1588; x_wconf 90' lang='lat' dir='ltr'><strong>est;</strong></span> <span class='ocrx_word' id='word_1_108' title='bbox 1160 1519 1371 1598; x_wconf 78' lang='lat' dir='ltr'><strong>inperterritus</strong></span> <span class='ocrx_word' id='word_1_109' title='bbox 1401 1515 1404 1596; x_wconf 79' lang='lat' dir='ltr'><strong>l</strong></span> <span class='ocrx_word' id='word_1_110' title='bbox 1434 1518 1553 1598; x_wconf 87' lang='lat' dir='ltr'><strong>quondo</strong></span> <span class='ocrx_word' id='word_1_111' title='bbox 1580 1519 1673 1588; x_wconf 78' lang='lat' dir='ltr'><strong>dicon·</strong></span> 
     </span>
     <span class='ocr_line' id='line_1_13' title="bbox 361 1619 1644 1700; baseline -0.002 -18"><span class='ocrx_word' id='word_1_112' title='bbox 361 1623 421 1682; x_wconf 82' lang='lat' dir='ltr'><strong>iam</strong></span> <span class='ocrx_word' id='word_1_113' title='bbox 449 1623 635 1700; x_wconf 88' lang='lat' dir='ltr'><strong>conpositum</strong></span> <span class='ocrx_word' id='word_1_114' title='bbox 664 1622 774 1682; x_wconf 89' lang='lat' dir='ltr'><strong>iterum</strong></span> <span class='ocrx_word' id='word_1_115' title='bbox 802 1623 992 1700; x_wconf 73' lang='lat' dir='ltr'><strong>conpellitur,</strong></span> <span class='ocrx_word' id='word_1_116' title='bbox 1027 1619 1106 1698; x_wconf 81' lang='lat' dir='ltr'><strong>quod</strong></span> <span class='ocrx_word' id='word_1_117' title='bbox 1141 1622 1196 1682; x_wconf 88' lang='lat' dir='ltr'><strong>iste</strong></span> <span class='ocrx_word' id='word_1_118' title='bbox 1230 1629 1319 1699; x_wconf 81' lang='lat' dir='ltr'><strong>negat</strong></span> <span class='ocrx_word' id='word_1_119' title='bbox 1346 1639 1434 1700; x_wconf 88' lang='lat' dir='ltr'><strong>posse</strong></span> <span class='ocrx_word' id='word_1_120' title='bbox 1467 1622 1541 1681; x_wconf 89' lang='lat' dir='ltr'><strong>lieri.</strong></span> <span class='ocrx_word' id='word_1_121' title='bbox 1585 1621 1644 1700; x_wconf 85' lang='lat' dir='ltr'><strong>quid</strong></span> 
     </span>
     <span class='ocr_line' id='line_1_14' title="bbox 363 1723 1645 1804; baseline -0.002 -20"><span class='ocrx_word' id='word_1_122' title='bbox 363 1740 450 1800; x_wconf 83' lang='lat' dir='ltr'><strong>ergo,</strong></span> <span class='ocrx_word' id='word_1_123' title='bbox 480 1732 581 1784; x_wconf 82' lang='lat' dir='ltr'><strong>contra</strong></span> <span class='ocrx_word' id='word_1_124' title='bbox 610 1741 642 1783; x_wconf 89' lang='lat' dir='ltr'><strong>se</strong></span> <span class='ocrx_word' id='word_1_125' title='bbox 670 1723 788 1785; x_wconf 74' lang='lat' dir='ltr'><strong>locellus</strong></span> <span class='ocrx_word' id='word_1_126' title='bbox 816 1725 878 1782; x_wconf 81' lang='lat' dir='ltr'><strong>esti</strong></span> <span class='ocrx_word' id='word_1_127' title='bbox 907 1741 977 1784; x_wconf 89' lang='lat' dir='ltr'><strong>non.</strong></span> <span class='ocrx_word' id='word_1_128' title='bbox 1015 1725 1281 1804; x_wconf 67' lang='lat' dir='ltr'><strong>quotienscumque</strong></span> <span class='ocrx_word' id='word_1_129' title='bbox 1305 1723 1383 1782; x_wconf 89' lang='lat' dir='ltr'><strong>enim</strong></span> <span class='ocrx_word' id='word_1_130' title='bbox 1407 1723 1600 1801; x_wconf 81' lang='lat' dir='ltr'><strong>componimus</strong></span> <span class='ocrx_word' id='word_1_131' title='bbox 1619 1741 1645 1782; x_wconf 84' lang='lat' dir='ltr'><strong>es</strong></span> 
     </span>
     <span class='ocr_line' id='line_1_15' title="bbox 362 1818 1707 1905; baseline -0.001 -19"><span class='ocrx_word' id='word_1_132' title='bbox 362 1845 439 1905; x_wconf 83' lang='lat' dir='ltr'><strong>quoe</strong></span> <span class='ocrx_word' id='word_1_133' title='bbox 467 1827 618 1904; x_wconf 81' lang='lat' dir='ltr'><strong>conposita</strong></span> <span class='ocrx_word' id='word_1_134' title='bbox 645 1826 771 1895; x_wconf 85' lang='lat' dir='ltr'><strong>luerint,</strong></span> <span class='ocrx_word' id='word_1_135' title='bbox 800 1829 878 1886; x_wconf 88' lang='lat' dir='ltr'><strong>scire</strong></span> <span class='ocrx_word' id='word_1_136' title='bbox 906 1823 997 1886; x_wconf 87' lang='lat' dir='ltr'><strong>debes</strong></span> <span class='ocrx_word' id='word_1_137' title='bbox 1026 1827 1092 1902; x_wconf 84' lang='lat' dir='ltr'><strong>quie</strong></span> <span class='ocrx_word' id='word_1_138' title='bbox 1121 1828 1183 1905; x_wconf 84' lang='lat' dir='ltr'><strong>ipsu</strong></span> <span class='ocrx_word' id='word_1_139' title='bbox 1212 1827 1377 1905; x_wconf 80' lang='lat' dir='ltr'><strong>conpositio</strong></span> <span class='ocrx_word' id='word_1_140' title='bbox 1405 1825 1487 1903; x_wconf 93' lang='lat' dir='ltr'><strong>prior</strong></span> <span class='ocrx_word' id='word_1_141' title='bbox 1510 1843 1565 1904; x_wconf 91' lang='lat' dir='ltr'><strong>pro</strong></span> <span class='ocrx_word' id='word_1_142' title='bbox 1586 1827 1645 1884; x_wconf 92' lang='lat' dir='ltr'><strong>sim·</strong></span> <span class='ocrx_word' id='word_1_143' title='bbox 1706 1818 1707 1872; x_wconf 86' lang='lat' dir='ltr'><strong>l</strong></span> 
     </span>
     <span class='ocr_line' id='line_1_16' title="bbox 362 1921 1707 2008; baseline -0.001 -22"><span class='ocrx_word' id='word_1_144' title='bbox 362 1923 440 2006; x_wconf 85' lang='lat' dir='ltr'><strong>plici</strong></span> <span class='ocrx_word' id='word_1_145' title='bbox 455 1925 594 1998; x_wconf 83' lang='lat' dir='ltr'><strong>hebetur,</strong></span> <span class='ocrx_word' id='word_1_146' title='bbox 618 1935 651 1988; x_wconf 92' lang='lat' dir='ltr'><strong>ut</strong></span> <span class='ocrx_word' id='word_1_147' title='bbox 672 1927 789 2008; x_wconf 80' lang='lat' dir='ltr'><strong>quondo</strong></span> <span class='ocrx_word' id='word_1_148' title='bbox 811 1927 938 1988; x_wconf 86' lang='lat' dir='ltr'><strong>dicimus</strong></span> <span class='ocrx_word' id='word_1_149' title='bbox 968 1929 1155 2007; x_wconf 84' lang='lat' dir='ltr'><strong>perterritus.</strong></span> <span class='ocrx_word' id='word_1_150' title='bbox 1201 1937 1230 1989; x_wconf 89' lang='lat' dir='ltr'><strong>et</strong></span> <span class='ocrx_word' id='word_1_151' title='bbox 1257 1927 1337 1988; x_wconf 83' lang='lat' dir='ltr'><strong>erndc</strong></span> <span class='ocrx_word' id='word_1_152' title='bbox 1360 1927 1416 1988; x_wconf 90' lang='lat' dir='ltr'><strong>hoc</strong></span> <span class='ocrx_word' id='word_1_153' title='bbox 1439 1925 1646 2004; x_wconf 70' lang='lat' dir='ltr'><strong>intellegimus?</strong></span> <span class='ocrx_word' id='word_1_154' title='bbox 1706 1921 1707 1932; x_wconf 52' lang='lat'><em>³</em></span> 
     </span>
     <span class='ocr_line' id='line_1_17' title="bbox 363 2029 1675 2110; baseline -0.004 -19"><span class='ocrx_word' id='word_1_155' title='bbox 363 2031 500 2110; x_wconf 84' lang='lat' dir='ltr'><strong>quonium</strong></span> <span class='ocrx_word' id='word_1_156' title='bbox 524 2031 690 2108; x_wconf 84' lang='lat' dir='ltr'><strong>conpositio</strong></span> <span class='ocrx_word' id='word_1_157' title='bbox 713 2038 764 2090; x_wconf 83' lang='lat' dir='ltr'><strong>out</strong></span> <span class='ocrx_word' id='word_1_158' title='bbox 785 2031 940 2090; x_wconf 85' lang='lat' dir='ltr'><strong>confirmat</strong></span> <span class='ocrx_word' id='word_1_159' title='bbox 963 2029 1146 2110; x_wconf 83' lang='lat' dir='ltr'><strong>aliquidaut</strong></span> <span class='ocrx_word' id='word_1_160' title='bbox 1169 2029 1303 2090; x_wconf 86' lang='lat' dir='ltr'><strong>destruit.</strong></span> <span class='ocrx_word' id='word_1_161' title='bbox 1336 2032 1458 2090; x_wconf 88' lang='lat' dir='ltr'><strong>territus</strong></span> <span class='ocrx_word' id='word_1_162' title='bbox 1474 2037 1519 2088; x_wconf 88' lang='lat' dir='ltr'><strong>est</strong></span> <span class='ocrx_word' id='word_1_163' title='bbox 1535 2029 1645 2088; x_wconf 88' lang='lat' dir='ltr'><strong>timens:</strong></span> <span class='ocrx_word' id='word_1_164' title='bbox 1658 2051 1675 2086; x_wconf 82' lang='lat' dir='ltr'><strong>s</strong></span> 
     </span>
     <span class='ocr_line' id='line_1_18' title="bbox 363 2130 1687 2211; baseline -0.002 -19"><span class='ocrx_word' id='word_1_165' title='bbox 363 2133 538 2211; x_wconf 86' lang='lat' dir='ltr'><strong>perterritus</strong></span> <span class='ocrx_word' id='word_1_166' title='bbox 561 2132 586 2191; x_wconf 91' lang='lat' dir='ltr'><strong>si</strong></span> <span class='ocrx_word' id='word_1_167' title='bbox 609 2130 703 2200; x_wconf 83' lang='lat' dir='ltr'><strong>dices,</strong></span> <span class='ocrx_word' id='word_1_168' title='bbox 727 2139 772 2192; x_wconf 89' lang='lat' dir='ltr'><strong>est</strong></span> <span class='ocrx_word' id='word_1_169' title='bbox 792 2133 899 2192; x_wconf 85' lang='lat' dir='ltr'><strong>iterum</strong></span> <span class='ocrx_word' id='word_1_170' title='bbox 923 2133 1044 2194; x_wconf 84' lang='lat' dir='ltr'><strong>timens:</strong></span> <span class='ocrx_word' id='word_1_171' title='bbox 1074 2133 1130 2193; x_wconf 84' lang='lat' dir='ltr'><strong>lroc</strong></span> <span class='ocrx_word' id='word_1_172' title='bbox 1152 2141 1198 2192; x_wconf 90' lang='lat' dir='ltr'><strong>est</strong></span> <span class='ocrx_word' id='word_1_173' title='bbox 1220 2133 1340 2192; x_wconf 89' lang='lat' dir='ltr'><strong>territus</strong></span> <span class='ocrx_word' id='word_1_174' title='bbox 1363 2131 1442 2211; x_wconf 89' lang='lat' dir='ltr'><strong>quod</strong></span> <span class='ocrx_word' id='word_1_175' title='bbox 1467 2139 1496 2191; x_wconf 88' lang='grc' dir='ltr'><strong>ει</strong></span> <span class='ocrx_word' id='word_1_176' title='bbox 1518 2131 1648 2210; x_wconf 87' lang='lat' dir='ltr'><strong>perterrl·</strong></span> <span class='ocrx_word' id='word_1_177' title='bbox 1683 2191 1687 2203; x_wconf 69' lang='grc'><strong>,</strong></span> 
     </span>
     <span class='ocr_line' id='line_1_19' title="bbox 364 2231 1708 2314; baseline -0.004 -19"><span class='ocrx_word' id='word_1_178' title='bbox 364 2243 421 2295; x_wconf 91' lang='lat' dir='ltr'><strong>tus.</strong></span> <span class='ocrx_word' id='word_1_179' title='bbox 460 2250 532 2311; x_wconf 80' lang='lat' dir='ltr'><strong>ergo</strong></span> <span class='ocrx_word' id='word_1_180' title='bbox 560 2237 586 2294; x_wconf 87' lang='lat' dir='ltr'><strong>si</strong></span> <span class='ocrx_word' id='word_1_181' title='bbox 613 2234 741 2295; x_wconf 86' lang='lat' dir='ltr'><strong>cundem</strong></span> <span class='ocrx_word' id='word_1_182' title='bbox 769 2232 951 2294; x_wconf 91' lang='lat' dir='ltr'><strong>intellectum</strong></span> <span class='ocrx_word' id='word_1_183' title='bbox 986 2233 1075 2296; x_wconf 82' lang='lat' dir='ltr'><strong>habet</strong></span> <span class='ocrx_word' id='word_1_184' title='bbox 1102 2234 1227 2313; x_wconf 86' lang='lat' dir='ltr'><strong>simplex</strong></span> <span class='ocrx_word' id='word_1_185' title='bbox 1255 2235 1362 2312; x_wconf 79' lang='lat' dir='ltr'><strong>ligura,</strong></span> <span class='ocrx_word' id='word_1_186' title='bbox 1397 2253 1485 2314; x_wconf 87' lang='lat' dir='ltr'><strong>quem</strong></span> <span class='ocrx_word' id='word_1_187' title='bbox 1514 2231 1602 2292; x_wconf 80' lang='lat' dir='ltr'><strong>habel</strong></span> <span class='ocrx_word' id='word_1_188' title='bbox 1626 2239 1649 2291; x_wconf 91' lang='lat' dir='ltr'><strong>et</strong></span> <span class='ocrx_word' id='word_1_189' title='bbox 1707 2306 1708 2310; x_wconf 7' lang='grc' dir='ltr'><strong>Ἰ</strong></span> 
     </span>
     <span class='ocr_line' id='line_1_20' title="bbox 363 2321 1708 2418; baseline -0.003 -20"><span class='ocrx_word' id='word_1_190' title='bbox 363 2337 531 2418; x_wconf 85' lang='lat' dir='ltr'><strong>conposita,</strong></span> <span class='ocrx_word' id='word_1_191' title='bbox 555 2335 673 2397; x_wconf 82' lang='lat' dir='ltr'><strong>ridetur</strong></span> <span class='ocrx_word' id='word_1_192' title='bbox 694 2338 749 2396; x_wconf 84' lang='lat' dir='ltr'><strong>ista</strong></span> <span class='ocrx_word' id='word_1_193' title='bbox 771 2354 822 2396; x_wconf 92' lang='lat' dir='ltr'><strong>res</strong></span> <span class='ocrx_word' id='word_1_194' title='bbox 844 2355 904 2396; x_wconf 92' lang='lat' dir='ltr'><strong>non</strong></span> <span class='ocrx_word' id='word_1_195' title='bbox 928 2355 991 2396; x_wconf 88' lang='lat' dir='ltr'><strong>csse</strong></span> <span class='ocrx_word' id='word_1_196' title='bbox 1016 2336 1113 2397; x_wconf 90' lang='lat' dir='ltr'><strong>denuo</strong></span> <span class='ocrx_word' id='word_1_197' title='bbox 1136 2337 1297 2415; x_wconf 82' lang='lat' dir='ltr'><strong>conposita.</strong></span> <span class='ocrx_word' id='word_1_198' title='bbox 1343 2335 1421 2396; x_wconf 86' lang='lat' dir='ltr'><strong>unde</strong></span> <span class='ocrx_word' id='word_1_199' title='bbox 1443 2342 1571 2414; x_wconf 77' lang='lat' dir='ltr'><strong>apparet</strong></span> <span class='ocrx_word' id='word_1_200' title='bbox 1591 2353 1669 2394; x_wconf 89' lang='lat' dir='ltr'><strong>eum·</strong></span> <span class='ocrx_word' id='word_1_201' title='bbox 1707 2321 1708 2330; x_wconf 35' lang='lat'>¹</span> 
     </span>
     <span class='ocr_line' id='line_1_21' title="bbox 364 2436 1649 2516; baseline -0.003 -16"><span class='ocrx_word' id='word_1_202' title='bbox 364 2459 423 2500; x_wconf 92' lang='lat' dir='ltr'><strong>non</strong></span> <span class='ocrx_word' id='word_1_203' title='bbox 446 2446 548 2500; x_wconf 81' lang='lat' dir='ltr'><strong>contre</strong></span> <span class='ocrx_word' id='word_1_204' title='bbox 577 2457 609 2499; x_wconf 89' lang='lat' dir='ltr'><strong>se</strong></span> <span class='ocrx_word' id='word_1_205' title='bbox 638 2438 769 2501; x_wconf 91' lang='lat' dir='ltr'><strong>locutum</strong></span> <span class='ocrx_word' id='word_1_206' title='bbox 792 2457 867 2498; x_wconf 89' lang='lat' dir='ltr'><strong>esse.</strong></span> <span class='ocrx_word' id='word_1_207' title='bbox 914 2455 986 2516; x_wconf 80' lang='lat' dir='ltr'><strong>ergo</strong></span> <span class='ocrx_word' id='word_1_208' title='bbox 1008 2440 1062 2498; x_wconf 83' lang='lat' dir='ltr'><strong>ista</strong></span> <span class='ocrx_word' id='word_1_209' title='bbox 1086 2456 1135 2499; x_wconf 89' lang='lat' dir='ltr'><strong>res</strong></span> <span class='ocrx_word' id='word_1_210' title='bbox 1156 2437 1272 2500; x_wconf 86' lang='lat' dir='ltr'><strong>ridetur</strong></span> <span class='ocrx_word' id='word_1_211' title='bbox 1295 2457 1354 2500; x_wconf 92' lang='lat' dir='ltr'><strong>non</strong></span> <span class='ocrx_word' id='word_1_212' title='bbox 1378 2457 1445 2499; x_wconf 85' lang='lat' dir='ltr'><strong>esse</strong></span> <span class='ocrx_word' id='word_1_213' title='bbox 1467 2436 1567 2498; x_wconf 81' lang='lat' dir='ltr'><strong>deuu&#39;o</strong></span> <span class='ocrx_word' id='word_1_214' title='bbox 1589 2455 1649 2496; x_wconf 92' lang='lat' dir='ltr'><strong>con·</strong></span> 
     </span>
     <span class='ocr_line' id='line_1_22' title="bbox 362 2537 1677 2622; baseline -0.005 -20"><span class='ocrx_word' id='word_1_215' title='bbox 362 2543 471 2622; x_wconf 85' lang='lat' dir='ltr'><strong>posits,</strong></span> <span class='ocrx_word' id='word_1_216' title='bbox 494 2559 570 2620; x_wconf 82' lang='lat' dir='ltr'><strong>quse</strong></span> <span class='ocrx_word' id='word_1_217' title='bbox 593 2559 652 2601; x_wconf 91' lang='lat' dir='ltr'><strong>non</strong></span> <span class='ocrx_word' id='word_1_218' title='bbox 675 2543 704 2602; x_wconf 93' lang='lat' dir='ltr'><strong>in</strong></span> <span class='ocrx_word' id='word_1_219' title='bbox 721 2543 905 2602; x_wconf 81' lang='lat' dir='ltr'><strong>contrarium</strong></span> <span class='ocrx_word' id='word_1_220' title='bbox 920 2542 1021 2610; x_wconf 86' lang='lat' dir='ltr'><strong>vertit,</strong></span> <span class='ocrx_word' id='word_1_221' title='bbox 1038 2541 1090 2601; x_wconf 90' lang='lat' dir='ltr'><strong>sed</strong></span> <span class='ocrx_word' id='word_1_222' title='bbox 1105 2543 1202 2620; x_wconf 88' lang='lat' dir='ltr'><strong>ipsum</strong></span> <span class='ocrx_word' id='word_1_223' title='bbox 1219 2540 1309 2602; x_wconf 82' lang='lat' dir='ltr'><strong>hahet</strong></span> <span class='ocrx_word' id='word_1_224' title='bbox 1323 2539 1516 2601; x_wconf 90' lang='lat' dir='ltr'><strong>intellectum.</strong></span> <span class='ocrx_word' id='word_1_225' title='bbox 1543 2537 1677 2618; x_wconf 66' lang='lat' dir='ltr'><strong>quandem</strong></span> 
     </span>
     <span class='ocr_line' id='line_1_23' title="bbox 362 2641 1651 2722; baseline -0.002 -18"><span class='ocrx_word' id='word_1_226' title='bbox 362 2650 462 2706; x_wconf 81' lang='lat' dir='ltr'><strong>autem</strong></span> <span class='ocrx_word' id='word_1_227' title='bbox 484 2641 613 2703; x_wconf 80' lang='lat' dir='ltr'><strong>diximus</strong></span> <span class='ocrx_word' id='word_1_228' title='bbox 634 2642 718 2711; x_wconf 76' lang='lat' dir='ltr'><strong>ielis,</strong></span> <span class='ocrx_word' id='word_1_229' title='bbox 742 2641 868 2721; x_wconf 81' lang='lat' dir='ltr'><strong>simplex</strong></span> <span class='ocrx_word' id='word_1_230' title='bbox 891 2652 950 2711; x_wconf 91' lang='lat' dir='ltr'><strong>est;</strong></span> <span class='ocrx_word' id='word_1_231' title='bbox 973 2641 1092 2713; x_wconf 81' lang='lat' dir='ltr'><strong>inlclix,</strong></span> <span class='ocrx_word' id='word_1_232' title='bbox 1114 2645 1173 2703; x_wconf 82' lang='lat' dir='ltr'><strong>ism</strong></span> <span class='ocrx_word' id='word_1_233' title='bbox 1196 2643 1253 2702; x_wconf 86' lang='lat' dir='ltr'><strong>lroc</strong></span> <span class='ocrx_word' id='word_1_234' title='bbox 1277 2644 1462 2722; x_wconf 86' lang='lat' dir='ltr'><strong>conpositum</strong></span> <span class='ocrx_word' id='word_1_235' title='bbox 1486 2650 1540 2704; x_wconf 89' lang='lat' dir='ltr'><strong>est.</strong></span> <span class='ocrx_word' id='word_1_236' title='bbox 1564 2642 1651 2702; x_wconf 88' lang='lat' dir='ltr'><strong>idest</strong></span> 
     </span>
     <span class='ocr_line' id='line_1_24' title="bbox 363 2745 1709 2827; baseline -0.003 -20"><span class='ocrx_word' id='word_1_237' title='bbox 363 2747 501 2827; x_wconf 88' lang='lat' dir='ltr'><strong>quotiens</strong></span> <span class='ocrx_word' id='word_1_238' title='bbox 528 2746 568 2807; x_wconf 83' lang='lat' dir='ltr'><strong>its</strong></span> <span class='ocrx_word' id='word_1_239' title='bbox 597 2747 784 2824; x_wconf 90' lang='lat' dir='ltr'><strong>conpositum</strong></span> <span class='ocrx_word' id='word_1_240' title='bbox 814 2745 902 2807; x_wconf 87' lang='lat' dir='ltr'><strong>luerit</strong></span> <span class='ocrx_word' id='word_1_241' title='bbox 930 2762 1054 2815; x_wconf 90' lang='lat' dir='ltr'><strong>nomen,</strong></span> <span class='ocrx_word' id='word_1_242' title='bbox 1084 2751 1117 2806; x_wconf 87' lang='lat' dir='ltr'><strong>ut</strong></span> <span class='ocrx_word' id='word_1_243' title='bbox 1144 2746 1206 2824; x_wconf 83' lang='lat' dir='ltr'><strong>ipsa</strong></span> <span class='ocrx_word' id='word_1_244' title='bbox 1235 2747 1400 2825; x_wconf 90' lang='lat' dir='ltr'><strong>conpositio</strong></span> <span class='ocrx_word' id='word_1_245' title='bbox 1422 2747 1453 2807; x_wconf 91' lang='lat' dir='ltr'><strong>in</strong></span> <span class='ocrx_word' id='word_1_246' title='bbox 1476 2745 1650 2807; x_wconf 80' lang='lat' dir='ltr'><strong>centrarium</strong></span> <span class='ocrx_word' id='word_1_247' title='bbox 1708 2810 1709 2827; x_wconf 26' lang='lat'>2</span> 
     </span>
     <span class='ocr_line' id='line_1_25' title="bbox 363 2847 1652 2927; baseline -0.002 -19"><span class='ocrx_word' id='word_1_248' title='bbox 363 2854 472 2917; x_wconf 87' lang='lat' dir='ltr'><strong>mutet,</strong></span> <span class='ocrx_word' id='word_1_249' title='bbox 496 2847 526 2908; x_wconf 93' lang='lat' dir='ltr'><strong>id</strong></span> <span class='ocrx_word' id='word_1_250' title='bbox 548 2866 658 2909; x_wconf 90' lang='lat' dir='ltr'><strong>nomen</strong></span> <span class='ocrx_word' id='word_1_251' title='bbox 682 2866 742 2908; x_wconf 93' lang='lat' dir='ltr'><strong>non</strong></span> <span class='ocrx_word' id='word_1_252' title='bbox 764 2853 861 2927; x_wconf 89' lang='lat' dir='ltr'><strong>potest</strong></span> <span class='ocrx_word' id='word_1_253' title='bbox 883 2847 981 2909; x_wconf 89' lang='lat' dir='ltr'><strong>denuo</strong></span> <span class='ocrx_word' id='word_1_254' title='bbox 1004 2849 1143 2926; x_wconf 90' lang='lat' dir='ltr'><strong>conponi.</strong></span> <span class='ocrx_word' id='word_1_255' title='bbox 1189 2849 1214 2908; x_wconf 92' lang='lat' dir='ltr'><strong>si</strong></span> <span class='ocrx_word' id='word_1_256' title='bbox 1236 2855 1334 2909; x_wconf 86' lang='lat' dir='ltr'><strong>autem</strong></span> <span class='ocrx_word' id='word_1_257' title='bbox 1358 2868 1374 2910; x_wconf 88' lang='lat' dir='ltr'><strong>e</strong></span> <span class='ocrx_word' id='word_1_258' title='bbox 1398 2850 1549 2909; x_wconf 80' lang='lat' dir='ltr'><strong>contrario</strong></span> <span class='ocrx_word' id='word_1_259' title='bbox 1572 2850 1652 2908; x_wconf 90' lang='lat' dir='ltr'><strong>luerit</strong></span> 
     </span>
     <span class='ocr_line' id='line_1_26' title="bbox 363 2951 1651 3031; baseline -0.002 -21"><span class='ocrx_word' id='word_1_260' title='bbox 363 2951 405 3011; x_wconf 90' lang='lat' dir='ltr'><strong>sic</strong></span> <span class='ocrx_word' id='word_1_261' title='bbox 427 2952 629 3029; x_wconf 87' lang='lat' dir='ltr'><strong>conpositum,</strong></span> <span class='ocrx_word' id='word_1_262' title='bbox 661 2958 694 3009; x_wconf 90' lang='lat' dir='ltr'><strong>ut</strong></span> <span class='ocrx_word' id='word_1_263' title='bbox 715 2958 889 3029; x_wconf 79' lang='lat' dir='ltr'><strong>permanent</strong></span> <span class='ocrx_word' id='word_1_264' title='bbox 911 2952 973 3029; x_wconf 87' lang='lat' dir='ltr'><strong>ipsa</strong></span> <span class='ocrx_word' id='word_1_265' title='bbox 1003 2952 1181 3031; x_wconf 89' lang='lat' dir='ltr'><strong>conpositio,</strong></span> <span class='ocrx_word' id='word_1_266' title='bbox 1206 2968 1330 3011; x_wconf 86' lang='lat' dir='ltr'><strong>necesse</strong></span> <span class='ocrx_word' id='word_1_267' title='bbox 1353 2956 1451 3011; x_wconf 86' lang='lat' dir='ltr'><strong>estut</strong></span> <span class='ocrx_word' id='word_1_268' title='bbox 1473 2952 1651 3030; x_wconf 87' lang='lat' dir='ltr'><strong>conpositum</strong></span> 
     </span>
    </p>
   </div>
   <div class='ocr_carea' id='block_1_3' title="bbox 364 3046 1051 3132">
    <p class='ocr_par' dir='ltr' id='par_1_3' title="bbox 364 3046 1051 3132">
     <span class='ocr_line' id='line_1_27' title="bbox 364 3046 1051 3132; baseline -0.003 -19"><span class='ocrx_word' id='word_1_269' title='bbox 364 3070 472 3113; x_wconf 89' lang='lat' dir='ltr'><strong>nomen</strong></span> <span class='ocrx_word' id='word_1_270' title='bbox 495 3051 584 3113; x_wconf 81' lang='lat' dir='ltr'><strong>liceat</strong></span> <span class='ocrx_word' id='word_1_271' title='bbox 605 3051 691 3113; x_wconf 91' lang='lat' dir='ltr'><strong>nohis</strong></span> <span class='ocrx_word' id='word_1_272' title='bbox 712 3053 819 3112; x_wconf 89' lang='lat' dir='ltr'><strong>iterum</strong></span> <span class='ocrx_word' id='word_1_273' title='bbox 842 3070 1022 3132; x_wconf 89' lang='lat' dir='ltr'><strong>conponere.</strong></span> <span class='ocrx_word' id='word_1_274' title='bbox 1047 3046 1051 3129; x_wconf 83' lang='lat' dir='ltr'><strong>l</strong></span> 
     </span>
    </p>
   </div>
   <div class='ocr_carea' id='block_1_4' title="bbox 909 3235 1121 3285">
    <p class='ocr_par' dir='ltr' id='par_1_4' title="bbox 909 3235 1121 3285">
     <span class='ocr_line' id='line_1_28' title="bbox 909 3235 1121 3285; baseline 0.009 -3"><span class='ocrx_word' id='word_1_275' title='bbox 909 3238 956 3282; x_wconf 85' lang='lat' dir='ltr'><strong>DE</strong></span> <span class='ocrx_word' id='word_1_276' title='bbox 978 3235 1121 3285; x_wconf 76' lang='lat' dir='ltr'><strong>cnsluvs</strong></span> 
     </span>
    </p>
   </div>
   <div class='ocr_carea' id='block_1_5' title="bbox 246 3333 1683 4133">
    <p class='ocr_par' dir='ltr' id='par_1_5' title="bbox 246 3333 1683 4133">
     <span class='ocr_line' id='line_1_29' title="bbox 246 3333 1653 3419; baseline -0.002 -17"><span class='ocrx_word' id='word_1_277' title='bbox 246 3333 304 3395; x_wconf 81' lang='lat'>433,</span> <span class='ocrx_word' id='word_1_278' title='bbox 321 3333 351 3381; x_wconf 73' lang='lat'><strong>¹²</strong></span> <span class='ocrx_word' id='word_1_279' title='bbox 450 3342 543 3403; x_wconf 83' lang='lat' dir='ltr'><strong>Casus</strong></span> <span class='ocrx_word' id='word_1_280' title='bbox 572 3340 644 3402; x_wconf 90' lang='lat' dir='ltr'><strong>dicti</strong></span> <span class='ocrx_word' id='word_1_281' title='bbox 670 3351 741 3403; x_wconf 92' lang='lat' dir='ltr'><strong>sunt</strong></span> <span class='ocrx_word' id='word_1_282' title='bbox 768 3341 805 3403; x_wconf 86' lang='lat' dir='ltr'><strong>sb</strong></span> <span class='ocrx_word' id='word_1_283' title='bbox 833 3360 884 3409; x_wconf 86' lang='lat' dir='ltr'><strong>eo.</strong></span> <span class='ocrx_word' id='word_1_284' title='bbox 915 3341 993 3419; x_wconf 93' lang='lat' dir='ltr'><strong>quod</strong></span> <span class='ocrx_word' id='word_1_285' title='bbox 1024 3340 1133 3401; x_wconf 80' lang='lat' dir='ltr'><strong>lanient</strong></span> <span class='ocrx_word' id='word_1_286' title='bbox 1155 3360 1264 3402; x_wconf 91' lang='lat' dir='ltr'><strong>nomeu</strong></span> <span class='ocrx_word' id='word_1_287' title='bbox 1288 3341 1408 3412; x_wconf 86' lang='lat' dir='ltr'><strong>cadere,</strong></span> <span class='ocrx_word' id='word_1_288' title='bbox 1432 3342 1461 3401; x_wconf 92' lang='lat' dir='ltr'><strong>id</strong></span> <span class='ocrx_word' id='word_1_289' title='bbox 1486 3348 1531 3403; x_wconf 89' lang='lat' dir='ltr'><strong>est</strong></span> <span class='ocrx_word' id='word_1_290' title='bbox 1554 3358 1653 3401; x_wconf 86' lang='lat' dir='ltr'><strong>nornen</strong></span> 
     </span>
     <span class='ocr_line' id='line_1_30' title="bbox 363 3441 1652 3523; baseline -0.002 -20"><span class='ocrx_word' id='word_1_291' title='bbox 363 3445 471 3505; x_wconf 82' lang='lat' dir='ltr'><strong>iaciant</strong></span> <span class='ocrx_word' id='word_1_292' title='bbox 499 3441 651 3505; x_wconf 87' lang='lat' dir='ltr'><strong>declinari.</strong></span> <span class='ocrx_word' id='word_1_293' title='bbox 696 3451 766 3522; x_wconf 86' lang='lat' dir='ltr'><strong>puta</strong></span> <span class='ocrx_word' id='word_1_294' title='bbox 795 3444 913 3523; x_wconf 82' lang='lat' dir='ltr'><strong>quando</strong></span> <span class='ocrx_word' id='word_1_295' title='bbox 941 3442 1006 3504; x_wconf 91' lang='lat' dir='ltr'><strong>dico</strong></span> <span class='ocrx_word' id='word_1_296' title='bbox 1040 3445 1158 3515; x_wconf 90' lang='lat' dir='ltr'><strong>doctus,</strong></span> <span class='ocrx_word' id='word_1_297' title='bbox 1193 3443 1272 3505; x_wconf 83' lang='lat' dir='ltr'><strong>cadit</strong></span> <span class='ocrx_word' id='word_1_298' title='bbox 1300 3452 1329 3505; x_wconf 89' lang='lat' dir='ltr'><strong>et</strong></span> <span class='ocrx_word' id='word_1_299' title='bbox 1357 3443 1427 3504; x_wconf 83' lang='lat' dir='ltr'><strong>lacit</strong></span> <span class='ocrx_word' id='word_1_300' title='bbox 1460 3444 1555 3513; x_wconf 92' lang='lat' dir='ltr'><strong>docti,</strong></span> <span class='ocrx_word' id='word_1_301' title='bbox 1589 3446 1652 3502; x_wconf 88' lang='lat' dir='ltr'><strong>item</strong></span> 
     </span>
     <span class='ocr_line' id='line_1_31' title="bbox 363 3542 1653 3619; baseline -0.003 -14"><span class='ocrx_word' id='word_1_302' title='bbox 363 3544 443 3605; x_wconf 85' lang='lat' dir='ltr'><strong>cadit</strong></span> <span class='ocrx_word' id='word_1_303' title='bbox 470 3553 498 3605; x_wconf 90' lang='lat' dir='ltr'><strong>et</strong></span> <span class='ocrx_word' id='word_1_304' title='bbox 527 3544 597 3606; x_wconf 86' lang='lat' dir='ltr'><strong>lacit</strong></span> <span class='ocrx_word' id='word_1_305' title='bbox 624 3545 727 3619; x_wconf 86' lang='lat' dir='ltr'><strong>docto,</strong></span> <span class='ocrx_word' id='word_1_306' title='bbox 755 3546 839 3605; x_wconf 88' lang='lat' dir='ltr'><strong>item.</strong></span> <span class='ocrx_word' id='word_1_307' title='bbox 855 3545 934 3606; x_wconf 83' lang='lat' dir='ltr'><strong>cadit</strong></span> <span class='ocrx_word' id='word_1_308' title='bbox 963 3552 992 3606; x_wconf 93' lang='lat' dir='ltr'><strong>et</strong></span> <span class='ocrx_word' id='word_1_309' title='bbox 1019 3546 1088 3608; x_wconf 84' lang='lat' dir='ltr'><strong>lacit</strong></span> <span class='ocrx_word' id='word_1_310' title='bbox 1115 3546 1248 3616; x_wconf 88' lang='lat' dir='ltr'><strong>doctum,</strong></span> <span class='ocrx_word' id='word_1_311' title='bbox 1278 3548 1348 3606; x_wconf 90' lang='lat' dir='ltr'><strong>item</strong></span> <span class='ocrx_word' id='word_1_312' title='bbox 1378 3544 1456 3607; x_wconf 84' lang='lat' dir='ltr'><strong>cudit</strong></span> <span class='ocrx_word' id='word_1_313' title='bbox 1479 3554 1509 3605; x_wconf 89' lang='lat' dir='ltr'><strong>et</strong></span> <span class='ocrx_word' id='word_1_314' title='bbox 1531 3545 1600 3606; x_wconf 82' lang='lat' dir='ltr'><strong>lacit</strong></span> <span class='ocrx_word' id='word_1_315' title='bbox 1621 3542 1653 3603; x_wconf 76' lang='lat' dir='ltr'><strong>ele</strong></span> 
     </span>
     <span class='ocr_line' id='line_1_32' title="bbox 364 3645 1683 3727; baseline -0.003 -20"><span class='ocrx_word' id='word_1_316' title='bbox 364 3646 422 3707; x_wconf 89' lang='lat' dir='ltr'><strong>hoc</strong></span> <span class='ocrx_word' id='word_1_317' title='bbox 444 3645 541 3707; x_wconf 84' lang='lat' dir='ltr'><strong>dooto.</strong></span> <span class='ocrx_word' id='word_1_318' title='bbox 572 3646 640 3709; x_wconf 88' lang='lat' dir='ltr'><strong>idco</strong></span> <span class='ocrx_word' id='word_1_319' title='bbox 663 3664 735 3726; x_wconf 81' lang='lat' dir='ltr'><strong>crgo</strong></span> <span class='ocrx_word' id='word_1_320' title='bbox 757 3646 828 3706; x_wconf 89' lang='lat' dir='ltr'><strong>dicti</strong></span> <span class='ocrx_word' id='word_1_321' title='bbox 851 3655 1035 3715; x_wconf 72' lang='lat' dir='ltr'><strong>sumemus,</strong></span> <span class='ocrx_word' id='word_1_322' title='bbox 1059 3647 1096 3707; x_wconf 81' lang='lat' dir='ltr'><strong>ab</strong></span> <span class='ocrx_word' id='word_1_323' title='bbox 1119 3667 1154 3708; x_wconf 89' lang='lat' dir='ltr'><strong>co</strong></span> <span class='ocrx_word' id='word_1_324' title='bbox 1177 3648 1255 3727; x_wconf 91' lang='lat' dir='ltr'><strong>quod</strong></span> <span class='ocrx_word' id='word_1_325' title='bbox 1279 3648 1387 3709; x_wconf 82' lang='lat' dir='ltr'><strong>iaciant</strong></span> <span class='ocrx_word' id='word_1_326' title='bbox 1410 3666 1517 3708; x_wconf 90' lang='lat' dir='ltr'><strong>nomen</strong></span> <span class='ocrx_word' id='word_1_327' title='bbox 1542 3648 1683 3708; x_wconf 74' lang='lat' dir='ltr'><strong>caderem</strong></span> 
     </span>
     <span class='ocr_line' id='line_1_33' title="bbox 364 3746 1652 3829; baseline -0.002 -20"><span class='ocrx_word' id='word_1_328' title='bbox 364 3756 393 3809; x_wconf 93' lang='lat' dir='ltr'><strong>ct</strong></span> <span class='ocrx_word' id='word_1_329' title='bbox 422 3750 449 3809; x_wconf 92' lang='lat' dir='ltr'><strong>si</strong></span> <span class='ocrx_word' id='word_1_330' title='bbox 476 3746 533 3807; x_wconf 90' lang='lat' dir='ltr'><strong>hoc</strong></span> <span class='ocrx_word' id='word_1_331' title='bbox 565 3756 625 3817; x_wconf 86' lang='lat' dir='ltr'><strong>cst,</strong></span> <span class='ocrx_word' id='word_1_332' title='bbox 654 3750 852 3809; x_wconf 78' lang='lat' dir='ltr'><strong>nominativus</strong></span> <span class='ocrx_word' id='word_1_333' title='bbox 879 3768 938 3810; x_wconf 93' lang='lat' dir='ltr'><strong>non</strong></span> <span class='ocrx_word' id='word_1_334' title='bbox 970 3751 1026 3809; x_wconf 89' lang='lat' dir='ltr'><strong>erit</strong></span> <span class='ocrx_word' id='word_1_335' title='bbox 1054 3768 1154 3820; x_wconf 83' lang='lat' dir='ltr'><strong>cesus,</strong></span> <span class='ocrx_word' id='word_1_336' title='bbox 1185 3768 1218 3810; x_wconf 81' lang='lat' dir='ltr'><strong>eu</strong></span> <span class='ocrx_word' id='word_1_337' title='bbox 1241 3750 1370 3819; x_wconf 81' lang='lat' dir='ltr'><strong>ratione,</strong></span> <span class='ocrx_word' id='word_1_338' title='bbox 1395 3750 1461 3828; x_wconf 85' lang='lat' dir='ltr'><strong>quia</strong></span> <span class='ocrx_word' id='word_1_339' title='bbox 1485 3752 1652 3829; x_wconf 89' lang='lat' dir='ltr'><strong>peripsum</strong></span> 
     </span>
     <span class='ocr_line' id='line_1_34' title="bbox 363 3850 1652 3931; baseline -0.002 -20"><span class='ocrx_word' id='word_1_340' title='bbox 363 3868 424 3911; x_wconf 90' lang='lat' dir='ltr'><strong>non</strong></span> <span class='ocrx_word' id='word_1_341' title='bbox 447 3850 526 3911; x_wconf 81' lang='lat' dir='ltr'><strong>cedit</strong></span> <span class='ocrx_word' id='word_1_342' title='bbox 547 3868 671 3919; x_wconf 91' lang='lat' dir='ltr'><strong>nomeu,</strong></span> <span class='ocrx_word' id='word_1_343' title='bbox 696 3850 748 3911; x_wconf 90' lang='lat' dir='ltr'><strong>sed</strong></span> <span class='ocrx_word' id='word_1_344' title='bbox 771 3851 813 3911; x_wconf 90' lang='lat' dir='ltr'><strong>sic</strong></span> <span class='ocrx_word' id='word_1_345' title='bbox 836 3860 895 3920; x_wconf 88' lang='lat' dir='ltr'><strong>est,</strong></span> <span class='ocrx_word' id='word_1_346' title='bbox 920 3870 979 3930; x_wconf 90' lang='lat' dir='ltr'><strong>quo</strong></span> <span class='ocrx_word' id='word_1_347' title='bbox 1002 3850 1091 3912; x_wconf 91' lang='lat' dir='ltr'><strong>modo</strong></span> <span class='ocrx_word' id='word_1_348' title='bbox 1115 3851 1221 3913; x_wconf 81' lang='lat' dir='ltr'><strong>luerat.</strong></span> <span class='ocrx_word' id='word_1_349' title='bbox 1256 3852 1307 3912; x_wconf 90' lang='lat' dir='ltr'><strong>scd</strong></span> <span class='ocrx_word' id='word_1_350' title='bbox 1330 3852 1463 3931; x_wconf 82' lang='lat' dir='ltr'><strong>quamvis</strong></span> <span class='ocrx_word' id='word_1_351' title='bbox 1487 3853 1652 3930; x_wconf 91' lang='lat' dir='ltr'><strong>peripsum</strong></span> 
     </span>
     <span class='ocr_line' id='line_1_35' title="bbox 363 3950 1653 4033; baseline -0.003 -20"><span class='ocrx_word' id='word_1_352' title='bbox 363 3972 423 4013; x_wconf 92' lang='lat' dir='ltr'><strong>non</strong></span> <span class='ocrx_word' id='word_1_353' title='bbox 446 3951 544 4021; x_wconf 83' lang='lat' dir='ltr'><strong>cadet,</strong></span> <span class='ocrx_word' id='word_1_354' title='bbox 569 3960 668 4012; x_wconf 83' lang='lat' dir='ltr'><strong>tamen</strong></span> <span class='ocrx_word' id='word_1_355' title='bbox 690 3954 865 4032; x_wconf 86' lang='lat' dir='ltr'><strong>peripsum</strong></span> <span class='ocrx_word' id='word_1_356' title='bbox 888 3955 1006 4023; x_wconf 72' lang='lat' dir='ltr'><strong>scimus</strong></span> <span class='ocrx_word' id='word_1_357' title='bbox 1031 3952 1101 4031; x_wconf 91' lang='lat' dir='ltr'><strong>quid</strong></span> <span class='ocrx_word' id='word_1_358' title='bbox 1125 3955 1163 4013; x_wconf 90' lang='lat' dir='ltr'><strong>sit</strong></span> <span class='ocrx_word' id='word_1_359' title='bbox 1185 3950 1301 4015; x_wconf 84' lang='lat' dir='ltr'><strong>cedere.</strong></span> <span class='ocrx_word' id='word_1_360' title='bbox 1348 3952 1465 4033; x_wconf 86' lang='lat' dir='ltr'><strong>quando</strong></span> <span class='ocrx_word' id='word_1_361' title='bbox 1489 3954 1567 4013; x_wconf 85' lang='lat' dir='ltr'><strong>enirn</strong></span> <span class='ocrx_word' id='word_1_362' title='bbox 1591 3952 1653 4011; x_wconf 91' lang='lat' dir='ltr'><strong>dico</strong></span> 
     </span>
     <span class='ocr_line' id='line_1_36' title="bbox 365 4053 1654 4133; baseline -0.003 -18"><span class='ocrx_word' id='word_1_363' title='bbox 365 4054 482 4124; x_wconf 92' lang='lat' dir='ltr'><strong>doctus,</strong></span> <span class='ocrx_word' id='word_1_364' title='bbox 507 4070 566 4113; x_wconf 93' lang='lat' dir='ltr'><strong>non</strong></span> <span class='ocrx_word' id='word_1_365' title='bbox 589 4054 647 4113; x_wconf 82' lang='lat' dir='ltr'><strong>ism</strong></span> <span class='ocrx_word' id='word_1_366' title='bbox 670 4054 778 4115; x_wconf 90' lang='lat' dir='ltr'><strong>cecidit</strong></span> <span class='ocrx_word' id='word_1_367' title='bbox 799 4055 856 4114; x_wconf 88' lang='lat' dir='ltr'><strong>hoc</strong></span> <span class='ocrx_word' id='word_1_368' title='bbox 879 4072 1006 4124; x_wconf 89' lang='lat' dir='ltr'><strong>nomen,</strong></span> <span class='ocrx_word' id='word_1_369' title='bbox 1031 4053 1083 4114; x_wconf 91' lang='lat' dir='ltr'><strong>sed</strong></span> <span class='ocrx_word' id='word_1_370' title='bbox 1107 4056 1164 4124; x_wconf 89' lang='lat' dir='ltr'><strong>sic,</strong></span> <span class='ocrx_word' id='word_1_371' title='bbox 1188 4072 1247 4133; x_wconf 92' lang='lat' dir='ltr'><strong>quo</strong></span> <span class='ocrx_word' id='word_1_372' title='bbox 1270 4053 1358 4114; x_wconf 91' lang='lat' dir='ltr'><strong>modo</strong></span> <span class='ocrx_word' id='word_1_373' title='bbox 1381 4062 1427 4113; x_wconf 90' lang='lat' dir='ltr'><strong>cst</strong></span> <span class='ocrx_word' id='word_1_374' title='bbox 1448 4054 1591 4121; x_wconf 83' lang='lat' dir='ltr'><strong>naturale,</strong></span> <span class='ocrx_word' id='word_1_375' title='bbox 1614 4054 1654 4111; x_wconf 90' lang='lat' dir='ltr'><strong>sic</strong></span> 
     </span>
    </p>
   </div>
   <div class='ocr_carea' id='block_1_6' title="bbox 362 4220 1654 4993">
    <p class='ocr_par' dir='ltr' id='par_1_6' title="bbox 434 4220 1654 4289">
     <span class='ocr_line' id='line_1_37' title="bbox 434 4220 1654 4289; baseline -0.003 -14"><span class='ocrx_word' id='word_1_376' title='bbox 434 4225 527 4275; x_wconf 89' lang='lat' dir='ltr'><strong>litem</strong></span> <span class='ocrx_word' id='word_1_377' title='bbox 544 4224 776 4275; x_wconf 71' lang='lat' dir='ltr'><strong>Adorrtemcorr.</strong></span> <span class='ocrx_word' id='word_1_378' title='bbox 796 4225 854 4274; x_wconf 89' lang='lat' dir='ltr'><strong>item</strong></span> <span class='ocrx_word' id='word_1_379' title='bbox 874 4226 899 4275; x_wconf 91' lang='lat' dir='ltr'><em>B</em></span> <span class='ocrx_word' id='word_1_380' title='bbox 947 4224 1296 4275; x_wconf 79' lang='lat' dir='ltr'><strong>ldcouoBCadenoqu</strong></span> <span class='ocrx_word' id='word_1_381' title='bbox 1345 4220 1454 4289; x_wconf 82' lang='lat' dir='ltr'><strong>simplex</strong></span> <span class='ocrx_word' id='word_1_382' title='bbox 1466 4224 1555 4283; x_wconf 77' lang='lat' dir='ltr'><strong>orreA,</strong></span> <span class='ocrx_word' id='word_1_383' title='bbox 1568 4223 1654 4273; x_wconf 79' lang='lat' dir='ltr'><strong>adda</strong></span> 
     </span>
    </p>

    <p class='ocr_par' dir='ltr' id='par_1_7' title="bbox 362 4291 1654 4993">
     <span class='ocr_line' id='line_1_38' title="bbox 433 4291 1653 4363; baseline -0.004 -18"><span class='ocrx_word' id='word_1_384' title='bbox 433 4295 579 4360; x_wconf 66' lang='lat' dir='ltr'><strong>operest&amp;</strong></span> <span class='ocrx_word' id='word_1_385' title='bbox 629 4294 691 4344; x_wconf 79' lang='lat' dir='ltr'><strong>etex</strong></span> <span class='ocrx_word' id='word_1_386' title='bbox 709 4294 873 4361; x_wconf 85' lang='lat' dir='ltr'><strong>conpluribus</strong></span> <span class='ocrx_word' id='word_1_387' title='bbox 888 4296 913 4345; x_wconf 90' lang='lat' dir='ltr'><em>B</em></span> <span class='ocrx_word' id='word_1_388' title='bbox 964 4296 981 4347; x_wconf 88' lang='lat'>8</span> <span class='ocrx_word' id='word_1_389' title='bbox 998 4305 1080 4363; x_wconf 87' lang='lat' dir='ltr'><strong>potest</strong></span> <span class='ocrx_word' id='word_1_390' title='bbox 1095 4295 1128 4344; x_wconf 87' lang='lat' dir='ltr'><strong>de</strong></span> <span class='ocrx_word' id='word_1_391' title='bbox 1146 4291 1309 4361; x_wconf 79' lang='lat' dir='ltr'><strong>conpluribus</strong></span> <span class='ocrx_word' id='word_1_392' title='bbox 1329 4297 1408 4359; x_wconf 85' lang='lat' dir='ltr'><strong>(corr.</strong></span> <span class='ocrx_word' id='word_1_393' title='bbox 1424 4294 1541 4357; x_wconf 85' lang='lat' dir='ltr'><strong>pluribus</strong></span> <span class='ocrx_word' id='word_1_394' title='bbox 1553 4292 1581 4354; x_wconf 85' lang='lat' dir='ltr'><strong>a)</strong></span> <span class='ocrx_word' id='word_1_395' title='bbox 1598 4308 1653 4341; x_wconf 85' lang='lat' dir='ltr'><strong>eon-</strong></span> 
     </span>
     <span class='ocr_line' id='line_1_39' title="bbox 362 4364 1654 4433; baseline -0.004 -18"><span class='ocrx_word' id='word_1_396' title='bbox 362 4380 459 4433; x_wconf 85' lang='lat' dir='ltr'><strong>ponere</strong></span> <span class='ocrx_word' id='word_1_397' title='bbox 471 4365 544 4414; x_wconf 81' lang='lat' dir='ltr'><strong>ABG</strong></span> <span class='ocrx_word' id='word_1_398' title='bbox 593 4364 611 4417; x_wconf 82' lang='lat'><strong>9</strong></span> <span class='ocrx_word' id='word_1_399' title='bbox 628 4380 690 4431; x_wconf 81' lang='lat' dir='ltr'><strong>ergo</strong></span> <span class='ocrx_word' id='word_1_400' title='bbox 705 4366 807 4430; x_wconf 82' lang='lat' dir='ltr'><strong>quondo</strong></span> <span class='ocrx_word' id='word_1_401' title='bbox 821 4375 859 4415; x_wconf 88' lang='lat' dir='ltr'><strong>est</strong></span> <span class='ocrx_word' id='word_1_402' title='bbox 871 4366 980 4431; x_wconf 82' lang='lat' dir='ltr'><strong>simplex</strong></span> <span class='ocrx_word' id='word_1_403' title='bbox 993 4368 1096 4417; x_wconf 87' lang='lat' dir='ltr'><strong>territus</strong></span> <span class='ocrx_word' id='word_1_404' title='bbox 1109 4366 1165 4414; x_wconf 89' lang='lat' dir='ltr'><strong>dico</strong></span> <span class='ocrx_word' id='word_1_405' title='bbox 1179 4364 1327 4431; x_wconf 83' lang='lat' dir='ltr'><strong>perterritus</strong></span> <span class='ocrx_word' id='word_1_406' title='bbox 1345 4364 1446 4427; x_wconf 77' lang='lat' dir='ltr'><strong>quando</strong></span> <span class='ocrx_word' id='word_1_407' title='bbox 1460 4364 1518 4413; x_wconf 91' lang='lat' dir='ltr'><strong>dico</strong></span> <span class='ocrx_word' id='word_1_408' title='bbox 1530 4366 1578 4413; x_wconf 82' lang='lat' dir='ltr'><strong>ism</strong></span> <span class='ocrx_word' id='word_1_409' title='bbox 1591 4366 1654 4428; x_wconf 70' lang='lat' dir='ltr'><strong>(ism</strong></span> 
     </span>
     <span class='ocr_line' id='line_1_40' title="bbox 362 4433 1652 4501; baseline -0.005 -15"><span class='ocrx_word' id='word_1_410' title='bbox 362 4452 409 4488; x_wconf 88' lang='lat' dir='ltr'><strong>om.</strong></span> <span class='ocrx_word' id='word_1_411' title='bbox 427 4434 459 4498; x_wconf 85' lang='lat' dir='ltr'><strong>C)</strong></span> <span class='ocrx_word' id='word_1_412' title='bbox 482 4435 642 4498; x_wconf 88' lang='lat' dir='ltr'><strong>conpositum</strong></span> <span class='ocrx_word' id='word_1_413' title='bbox 666 4442 705 4486; x_wconf 86' lang='lat' dir='ltr'><strong>est</strong></span> <span class='ocrx_word' id='word_1_414' title='bbox 725 4436 901 4499; x_wconf 81' lang='lat' dir='ltr'><strong>inperterritus</strong></span> <span class='ocrx_word' id='word_1_415' title='bbox 921 4438 1023 4501; x_wconf 80' lang='lat' dir='ltr'><strong>quando</strong></span> <span class='ocrx_word' id='word_1_416' title='bbox 1042 4438 1099 4487; x_wconf 90' lang='lat' dir='ltr'><strong>dico</strong></span> <span class='ocrx_word' id='word_1_417' title='bbox 1118 4436 1168 4484; x_wconf 83' lang='lat' dir='ltr'><strong>ism</strong></span> <span class='ocrx_word' id='word_1_418' title='bbox 1186 4434 1344 4500; x_wconf 77' lang='lat' dir='ltr'><strong>conpositum</strong></span> <span class='ocrx_word' id='word_1_419' title='bbox 1364 4434 1415 4497; x_wconf 85' lang='lat' dir='ltr'><strong>(est</strong></span> <span class='ocrx_word' id='word_1_420' title='bbox 1433 4433 1495 4489; x_wconf 79' lang='lat' dir='ltr'><strong>add,</strong></span> <span class='ocrx_word' id='word_1_421' title='bbox 1517 4433 1549 4498; x_wconf 85' lang='lat' dir='ltr'><strong>C)</strong></span> <span class='ocrx_word' id='word_1_422' title='bbox 1567 4435 1652 4483; x_wconf 86' lang='lat' dir='ltr'><strong>iterum</strong></span> 
     </span>
     <span class='ocr_line' id='line_1_41' title="bbox 363 4504 1653 4572; baseline -0.004 -17"><span class='ocrx_word' id='word_1_423' title='bbox 363 4504 516 4570; x_wconf 83' lang='lat' dir='ltr'><strong>corrponitur</strong></span> <span class='ocrx_word' id='word_1_424' title='bbox 530 4505 583 4555; x_wconf 83' lang='lat' dir='ltr'><strong>BG</strong></span> <span class='ocrx_word' id='word_1_425' title='bbox 606 4520 668 4570; x_wconf 77' lang='lat' dir='ltr'><strong>ergo</strong></span> <span class='ocrx_word' id='word_1_426' title='bbox 689 4504 790 4569; x_wconf 86' lang='lat' dir='ltr'><strong>qrrando</strong></span> <span class='ocrx_word' id='word_1_427' title='bbox 813 4514 852 4554; x_wconf 86' lang='lat' dir='ltr'><strong>est</strong></span> <span class='ocrx_word' id='word_1_428' title='bbox 877 4507 987 4572; x_wconf 86' lang='lat' dir='ltr'><strong>simplex</strong></span> <span class='ocrx_word' id='word_1_429' title='bbox 1012 4506 1115 4557; x_wconf 88' lang='lat' dir='ltr'><strong>territus</strong></span> <span class='ocrx_word' id='word_1_430' title='bbox 1138 4506 1194 4555; x_wconf 90' lang='lat' dir='ltr'><strong>dico</strong></span> <span class='ocrx_word' id='word_1_431' title='bbox 1214 4506 1361 4569; x_wconf 87' lang='lat' dir='ltr'><strong>perterritus</strong></span> <span class='ocrx_word' id='word_1_432' title='bbox 1381 4504 1483 4565; x_wconf 86' lang='lat' dir='ltr'><strong>qusudo</strong></span> <span class='ocrx_word' id='word_1_433' title='bbox 1501 4540 1507 4551; x_wconf 96' lang='lat'><strong>.</strong></span> <span class='ocrx_word' id='word_1_434' title='bbox 1523 4542 1546 4557; x_wconf 85' lang='lat'><strong>..</strong></span> <span class='ocrx_word' id='word_1_435' title='bbox 1562 4542 1567 4553; x_wconf 93' lang='lat'><strong>.</strong></span> <span class='ocrx_word' id='word_1_436' title='bbox 1586 4504 1653 4567; x_wconf 88' lang='lat' dir='ltr'><strong>(dieo</strong></span> 
     </span>
     <span class='ocr_line' id='line_1_42' title="bbox 363 4571 1653 4641; baseline -0.004 -16"><span class='ocrx_word' id='word_1_437' title='bbox 363 4575 539 4639; x_wconf 82' lang='lat' dir='ltr'><strong>inperterritus</strong></span> <span class='ocrx_word' id='word_1_438' title='bbox 562 4574 624 4627; x_wconf 82' lang='lat' dir='ltr'><strong>add.</strong></span> <span class='ocrx_word' id='word_1_439' title='bbox 644 4593 674 4630; x_wconf 81' lang='lat' dir='ltr'><strong>u.</strong></span> <span class='ocrx_word' id='word_1_440' title='bbox 701 4578 750 4625; x_wconf 83' lang='lat' dir='ltr'><strong>ism</strong></span> <span class='ocrx_word' id='word_1_441' title='bbox 773 4576 940 4641; x_wconf 88' lang='lat' dir='ltr'><strong>compositum</strong></span> <span class='ocrx_word' id='word_1_442' title='bbox 967 4586 1005 4625; x_wconf 88' lang='lat' dir='ltr'><strong>est</strong></span> <span class='ocrx_word' id='word_1_443' title='bbox 1023 4586 1049 4626; x_wconf 81' lang='lat' dir='ltr'><strong>et</strong></span> <span class='ocrx_word' id='word_1_444' title='bbox 1071 4576 1172 4641; x_wconf 82' lang='lat' dir='ltr'><strong>qrrsndo</strong></span> <span class='ocrx_word' id='word_1_445' title='bbox 1194 4574 1251 4625; x_wconf 91' lang='lat' dir='ltr'><strong>dico</strong></span> <span class='ocrx_word' id='word_1_446' title='bbox 1271 4574 1333 4627; x_wconf 81' lang='lat' dir='ltr'><strong>add.</strong></span> <span class='ocrx_word' id='word_1_447' title='bbox 1351 4571 1396 4633; x_wconf 63' lang='grc' dir='ltr'><strong>α’)</strong></span> <span class='ocrx_word' id='word_1_448' title='bbox 1423 4574 1473 4623; x_wconf 86' lang='lat' dir='ltr'><strong>ism</strong></span> <span class='ocrx_word' id='word_1_449' title='bbox 1498 4575 1653 4641; x_wconf 87' lang='lat' dir='ltr'><strong>conpositum</strong></span> 
     </span>
     <span class='ocr_line' id='line_1_43' title="bbox 363 4644 1653 4711; baseline -0.003 -16"><span class='ocrx_word' id='word_1_450' title='bbox 363 4649 453 4695; x_wconf 85' lang='lat' dir='ltr'><strong>iterum</strong></span> <span class='ocrx_word' id='word_1_451' title='bbox 479 4646 673 4710; x_wconf 77' lang='lat' dir='ltr'><strong>componiturA</strong></span> <span class='ocrx_word' id='word_1_452' title='bbox 746 4646 779 4696; x_wconf 83' lang='lat'><strong>14</strong></span> <span class='ocrx_word' id='word_1_453' title='bbox 797 4644 906 4694; x_wconf 89' lang='lat' dir='ltr'><strong>dicimus</strong></span> <span class='ocrx_word' id='word_1_454' title='bbox 926 4648 1072 4711; x_wconf 85' lang='lat' dir='ltr'><strong>perterritus</strong></span> <span class='ocrx_word' id='word_1_455' title='bbox 1094 4646 1153 4695; x_wconf 79' lang='lat' dir='ltr'><strong>Ba*</strong></span> <span class='ocrx_word' id='word_1_456' title='bbox 1178 4646 1287 4695; x_wconf 90' lang='lat' dir='ltr'><strong>dicimus</strong></span> <span class='ocrx_word' id='word_1_457' title='bbox 1306 4645 1408 4694; x_wconf 87' lang='lat' dir='ltr'><strong>territus</strong></span> <span class='ocrx_word' id='word_1_458' title='bbox 1427 4644 1478 4695; x_wconf 73' lang='lat' dir='ltr'><strong>Ac</strong></span> <span class='ocrx_word' id='word_1_459' title='bbox 1550 4644 1579 4696; x_wconf 83' lang='lat' dir='ltr'><strong>ld</strong></span> <span class='ocrx_word' id='word_1_460' title='bbox 1599 4658 1653 4707; x_wconf 88' lang='lat' dir='ltr'><strong>per-</strong></span> 
     </span>
     <span class='ocr_line' id='line_1_44' title="bbox 363 4713 1653 4767; baseline -0.003 -2"><span class='ocrx_word' id='word_1_461' title='bbox 363 4716 465 4765; x_wconf 83' lang='lat' dir='ltr'><strong>territus</strong></span> <span class='ocrx_word' id='word_1_462' title='bbox 485 4725 521 4765; x_wconf 87' lang='lat' dir='ltr'><strong>est</strong></span> <span class='ocrx_word' id='word_1_463' title='bbox 543 4717 634 4766; x_wconf 85' lang='lat' dir='ltr'><strong>iterum</strong></span> <span class='ocrx_word' id='word_1_464' title='bbox 654 4717 675 4767; x_wconf 90' lang='lat' dir='ltr'><strong>si</strong></span> <span class='ocrx_word' id='word_1_465' title='bbox 695 4714 983 4765; x_wconf 76' lang='lat' dir='ltr'><strong>dicastimeosABG</strong></span> <span class='ocrx_word' id='word_1_466' title='bbox 1053 4714 1086 4766; x_wconf 88' lang='lat'><strong>18</strong></span> <span class='ocrx_word' id='word_1_467' title='bbox 1106 4716 1189 4765; x_wconf 90' lang='lat' dir='ltr'><strong>denuo</strong></span> <span class='ocrx_word' id='word_1_468' title='bbox 1211 4716 1284 4766; x_wconf 86' lang='lat' dir='ltr'><strong>BCa</strong></span> <span class='ocrx_word' id='word_1_469' title='bbox 1307 4713 1451 4763; x_wconf 85' lang='lat' dir='ltr'><strong>deuoueA</strong></span> <span class='ocrx_word' id='word_1_470' title='bbox 1524 4716 1556 4767; x_wconf 71' lang='grc'><strong>19</strong></span> <span class='ocrx_word' id='word_1_471' title='bbox 1573 4714 1653 4765; x_wconf 85' lang='lat' dir='ltr'><strong>denno</strong></span> 
     </span>
     <span class='ocr_line' id='line_1_45' title="bbox 365 4783 1653 4849; baseline -0.005 -14"><span class='ocrx_word' id='word_1_472' title='bbox 365 4785 436 4835; x_wconf 73' lang='lat' dir='ltr'><strong>sca</strong></span> <span class='ocrx_word' id='word_1_473' title='bbox 454 4786 595 4836; x_wconf 78' lang='lat' dir='ltr'><strong>denoqu</strong></span> <span class='ocrx_word' id='word_1_474' title='bbox 665 4783 793 4849; x_wconf 79' lang='lat' dir='ltr'><strong>20quse]</strong></span> <span class='ocrx_word' id='word_1_475' title='bbox 811 4785 999 4848; x_wconf 81' lang='lat' dir='ltr'><strong>quonismBG</strong></span> <span class='ocrx_word' id='word_1_476' title='bbox 1065 4787 1098 4834; x_wconf 72' lang='lat'><strong>⁶22</strong></span> <span class='ocrx_word' id='word_1_477' title='bbox 1116 4787 1141 4834; x_wconf 93' lang='lat' dir='ltr'><strong>in</strong></span> <span class='ocrx_word' id='word_1_478' title='bbox 1160 4786 1312 4837; x_wconf 77' lang='lat' dir='ltr'><strong>contrarium</strong></span> <span class='ocrx_word' id='word_1_479' title='bbox 1331 4786 1488 4833; x_wconf 83' lang='lat' dir='ltr'><strong>mntctAin</strong></span> <span class='ocrx_word' id='word_1_480' title='bbox 1506 4786 1653 4833; x_wconf 76' lang='lat' dir='ltr'><strong>contrarium</strong></span> 
     </span>
     <span class='ocr_line' id='line_1_46' title="bbox 364 4853 1653 4908; baseline -0.002 -7"><span class='ocrx_word' id='word_1_481' title='bbox 364 4870 467 4903; x_wconf 85' lang='lat' dir='ltr'><strong>sensum</strong></span> <span class='ocrx_word' id='word_1_482' title='bbox 483 4856 652 4906; x_wconf 80' lang='lat' dir='ltr'><strong>mutetBCa-</strong></span> <span class='ocrx_word' id='word_1_483' title='bbox 705 4853 1084 4908; x_wconf 67' lang='lat' dir='ltr'><strong>etueouoBcadenouos</strong></span> <span class='ocrx_word' id='word_1_484' title='bbox 1136 4855 1170 4905; x_wconf 79' lang='lat'><strong>28</strong></span> <span class='ocrx_word' id='word_1_485' title='bbox 1187 4856 1252 4905; x_wconf 89' lang='lat' dir='ltr'><strong>docti</strong></span> <span class='ocrx_word' id='word_1_486' title='bbox 1271 4856 1362 4904; x_wconf 86' lang='lat' dir='ltr'><strong>iterum</strong></span> <span class='ocrx_word' id='word_1_487' title='bbox 1383 4856 1451 4903; x_wconf 78' lang='lat' dir='ltr'><strong>eadit</strong></span> <span class='ocrx_word' id='word_1_488' title='bbox 1465 4862 1489 4903; x_wconf 91' lang='grc' dir='ltr'><strong>ει</strong></span> <span class='ocrx_word' id='word_1_489' title='bbox 1506 4854 1564 4905; x_wconf 82' lang='lat' dir='ltr'><strong>lacit</strong></span> <span class='ocrx_word' id='word_1_490' title='bbox 1581 4854 1653 4902; x_wconf 85' lang='lat' dir='ltr'><strong>docto</strong></span> 
     </span>
     <span class='ocr_line' id='line_1_47' title="bbox 365 4924 539 4993; baseline -0.011 -16"><span class='ocrx_word' id='word_1_491' title='bbox 365 4924 539 4993; x_wconf 79' lang='lat' dir='ltr'><strong>ldcoergoC</strong></span> 
     </span>
    </p>
   </div>
   <div class='ocr_carea' id='block_1_7' title="bbox 0 0 1770 5600">
    <p class='ocr_par' dir='ltr' id='par_1_8' title="bbox 0 0 1770 5600">
     <span class='ocr_line' id='line_1_48' title="bbox 0 0 1770 5600; baseline 0 0"><span class='ocrx_word' id='word_1_492' title='bbox 0 0 1770 5600; x_wconf 95' lang='lat' dir='ltr'><strong> </strong></span> 
     </span>
    </p>
   </div>
  </div>
 </body>
</html>
