3525 5600
178 331 186 340 ’
285 306 374 397 ‘vos
880 334 1031 398 vonvun

354 445 449 486 .2l-29
461 443 484 484 l..
1714 475 1715 478 ,

338 457 352 497 p
397 524 460 584 lloc
484 531 529 583 est
550 523 627 604 quod
647 521 720 582 dixit
741 522 777 582 de
798 521 956 585 vocalibus.
1001 531 1164 603 sequuntur
1187 529 1390 584 consonantes.
1437 539 1509 600 quas
1533 537 1608 580 con·
1714 501 1715 574 J

313 633 452 686 sonantes
479 626 575 685 divisit
602 627 632 686 in
662 625 733 686 duas
760 634 875 705 partos.
904 627 933 686 in
962 625 1152 686 semivocales
1175 632 1205 686 et
1225 626 1255 684 in
1279 633 1376 685 mutas
1408 644 1426 675 e
1455 641 1533 702 quae
1564 623 1609 682 sic
1714 611 1715 686 ξ

196 727 466 801 secretiorum,
496 735 530 788 ut
557 727 683 789 diximus
711 731 860 807 superius,
891 728 903 787 l
924 727 933 786 l
956 746 984 787 m
1007 747 1026 788 n
1050 747 1065 788 r
1087 747 1101 787 s
1123 747 1151 788 x.
1195 745 1298 787 omncs
1326 726 1436 786 debent
1461 723 1608 786 inchoare

313 830 349 890 ab
373 850 389 889 e
411 830 508 891 littera
532 838 561 889 et
581 829 719 890 desinere
741 832 771 890 in
795 829 959 890 naturalem
982 848 1087 890 sonum
1111 840 1230 910 excepta
1254 849 1270 889 x
1296 828 1400 889 littera.
1446 830 1500 890 ista
1524 827 1608 887 euim

314 950 371 992 non
395 931 433 992 ab
456 951 471 992 e
493 931 626 1000 iucboat.
648 932 701 992 sed
729 931 766 993 ab
788 934 807 991 i.
853 931 926 992 hacc
954 939 1051 993 autem
1080 951 1097 992 x
1126 927 1219 993 littera
1248 949 1302 1010 pro
1331 931 1443 991 duabus
1471 929 1632 1006 lungiturs
1714 925 1715 928 ’

313 1034 551 1095 consonantibus.
584 1036 702 1114 penitus
724 1033 903 1112 ubicumque
925 1035 1015 1095 luerit
1037 1053 1055 1094 x
1077 1034 1190 1104 littera,
1213 1034 1256 1094 sic
1280 1041 1337 1102 est.
1361 1051 1395 1092 ac
1417 1033 1441 1092 si
1464 1031 1541 1091 divae
1565 1029 1608 1089 ibi

310 1137 377 1195 sint.
424 1135 509 1196 multi
538 1135 640 1197 dicunt
668 1139 752 1197 istam
781 1136 924 1206 litteram.
954 1136 1037 1198 multi
1066 1145 1184 1212 negant.
1230 1135 1353 1214 legimus
1376 1134 1452 1214 apud
1476 1135 1609 1195 maiores

312 1247 429 1298 nostros
457 1240 568 1318 primas
596 1237 673 1319 apud
702 1239 850 1299 llnmauos
877 1239 916 1299 Xl
944 1239 1056 1298 litteras
1084 1239 1176 1299 luisse
1205 1245 1317 1300 tantum
1346 1236 1448 1302 modo.
1476 1245 1509 1296 ut
1532 1234 1608 1294 dicit

312 1341 419 1402 Caesar
441 1343 471 1400 in
495 1339 571 1401 libro
594 1340 794 1418 analogiarum
817 1342 929 1420 primo:
955 1343 984 1401 in
1007 1339 1083 1400 libro
1106 1340 1306 1419 analogiarum
1323 1340 1431 1400 Cacsar
1447 1339 1504 1398 boc
1521 1337 1605 1404 dicit,
1714 1407 1715 1414 ἵ

311 1440 351 1503 Xl
378 1444 475 1504 t'uissc.
522 1443 614 1504 Varro
642 1443 729 1503 docet
755 1445 784 1503 in
813 1441 878 1503 aliis
906 1442 1003 1512 libris,
1033 1460 1107 1520 quos
1135 1443 1170 1503 ad
1195 1445 1302 1503 Attium
1325 1442 1458 1522 scripsit,
1489 1439 1644 1499 litterasve

311 1544 375 1606 XVl
404 1547 510 1613 luisse,
540 1552 641 1624 postea
670 1555 768 1606 tamen
797 1547 924 1604 crevisse
953 1557 982 1603 et
1011 1545 1103 1606 lactas
1131 1563 1198 1605 esse
1220 1543 1321 1605 Xlllll.
1366 1553 1464 1606 tamen
1487 1545 1606 1622 primae

311 1665 386 1726 qvvae
409 1649 544 1707 inventae
566 1654 635 1706 svrnt
663 1647 782 1708 luerunt
803 1646 855 1718 Xl,
880 1655 980 1726 postca
1005 1665 1080 1726 quae
1107 1649 1243 1720 inventae
1272 1655 1357 1716 sunt,
1382 1647 1501 1706 luerunt
1524 1643 1606 1710 xit:

310 1757 413 1827 postea
441 1733 538 1808 aretem
560 1747 653 1809 XXlll
680 1750 774 1809 sactae
801 1758 878 1810 sunt.
924 1747 984 1809 illic
1006 1759 1272 1819 commemoratur,
1297 1749 1347 1826 qui
1369 1745 1448 1808 illam
1473 1745 1605 1806 litteram

311 1851 395 1919 lecit,
419 1851 468 1930 qui
491 1849 581 1910 illam.
613 1847 617 1933 l
646 1869 717 1927 ergo
739 1853 795 1912 ista
824 1871 840 1910 r
869 1850 967 1912 littera
990 1851 1107 1931 quando
1131 1869 1189 1912 non
1213 1853 1282 1921 luit,
1312 1847 1605 1930 quemadmodum
1714 1913 1715 1932 q

310 1951 482 2013 scribebant
505 1953 572 2030 pix?
605 1953 677 2032 pics.
723 1962 753 2013 et
776 1953 854 2013 unde
876 1955 1062 2033 suspicamuv
1092 1955 1157 2031 quia
1186 1949 1642 2032 perccvsscrtbebacuc?1⁵
1714 1983 1715 2022 q

310 2064 433 2133 propter
455 2056 622 2130 genetivum
647 2054 771 2133 placuit;
795 2056 907 2115 idcirco
931 2075 984 2136 per
1007 2074 1022 2114 c
1045 2065 1110 2116 ets
1133 2054 1311 2114 scribebant.
1346 2056 1416 2114 item
1440 2071 1491 2112 rer
1516 2051 1605 2112 aliter
1714 2041 1715 2114 l

310 2155 493 2224 scribebant,
517 2175 594 2233 rege.
641 2157 716 2216 etsi
740 2157 795 2216 boc
817 2156 884 2217 loco
906 2175 939 2236 g,
964 2166 1087 2238 propter
1108 2160 1276 2235 genetivum
1299 2155 1355 2215 boc
1379 2153 1535 2216 iaciebant.
1576 2161 1606 2213 et
1714 2139 1715 2144 ἵ

309 2258 378 2318 ideo
400 2266 577 2338 putaverunt
598 2258 675 2318 banc
697 2258 825 2319 litteram
848 2267 984 2320 constare
1007 2269 1057 2320 aut
1079 2276 1132 2338 per
1156 2277 1171 2318 c
1194 2268 1224 2319 et
1247 2279 1261 2320 s
1285 2255 1331 2338 [ut
1347 2254 1528 2337 scriberent]
1553 2265 1605 2315 aut

309 2379 363 2441 per
385 2379 404 2439 g
427 2371 505 2431 ets,
535 2368 657 2440 propter
684 2362 862 2439 genetivum.
908 2360 959 2421 sed
988 2363 1044 2422 boc
1067 2359 1187 2422 stultum
1212 2368 1263 2420 est.
1309 2359 1498 2419 inveniuntur
1521 2359 1602 2418 enirn
1714 2435 1715 2444 ἵ

309 2465 442 2531 nomina,
471 2461 523 2522 ubi
550 2481 606 2522 nec
633 2482 650 2522 c
677 2465 716 2523 sit
743 2481 797 2523 nec
819 2481 847 2542 g.
898 2473 930 2523 ut
953 2471 1020 2543 puta
1044 2481 1137 2523 senex
1166 2462 1236 2540 quid
1260 2460 1350 2522 babet
1377 2462 1474 2522 lacero
1496 2462 1527 2520 in
1550 2473 1641 2537 gova
1714 2449 1715 2488 ³

309 2565 425 2626 netivol
453 2566 568 2624 senecls
597 2583 656 2625 nou
683 2573 780 2644 potest
802 2567 916 2634 lacere,
940 2565 991 2626 sed
1016 2566 1095 2626 senis
1118 2564 1214 2625 lacit·
1241 2566 1311 2624 item
1335 2563 1413 2623 aliud
1437 2564 1500 2632 nix,
1526 2563 1603 2622 vviris

308 2668 393 2736 lacit,
422 2684 481 2726 non
510 2665 579 2726 lacit
606 2668 693 2736 nicis,
723 2685 782 2727 non
804 2667 874 2727 lacit
897 2669 982 2746 nigis.
1028 2665 1106 2726 unde
1129 2674 1251 2746 apparet
1272 2668 1339 2744 quia
1362 2666 1469 2725 lrustra
1492 2663 1603 2742 proba·

308 2777 414 2829 verrent
446 2769 488 2829 sic
516 2766 626 2829 debere
653 2767 752 2829 scribi.
797 2769 916 2830 interim
946 2767 1001 2829 boc
1029 2769 1105 2829 scire
1129 2767 1232 2839 debes,
1258 2770 1326 2846 quia
1349 2767 1400 2851 ubi
1423 2776 1465 2828 est
1488 2785 1520 2836 x,
1545 2784 1602 2847 pro

308 2870 424 2931 duabus
445 2870 677 2931 consonantibus
701 2869 835 2931 babetur.

191 2982 296 3042 tenet
394 2972 414 3032 S
443 2971 540 3032 littera
568 2972 645 3032 lianc
673 2972 762 3033 babet
789 2981 979 3052 potestatem,
1009 2981 1041 3035 ut
1070 2972 1120 3035 ubi
1148 2991 1222 3053 opus
1251 2972 1340 3033 luerit
1368 2971 1540 3033 excludatur
1562 2972 1638 3031 devs
1714 2980 1715 3043 s

310 3082 420 3142 metro,
446 3074 592 3153 ‘ponite
615 3092 701 3153 spes
723 3074 795 3135 sibi
818 3078 1001 3155 qnisque'.
1033 3078 1134 3155 ponite
1151 3072 1284 3155 dactylus
1307 3083 1366 3145 est;
1391 3074 1441 3135 sed
1466 3076 1602 3151 sequitur
1663 3096 1676 3129 ι
1714 3062 1715 3125 ἶ

309 3182 377 3235 set
398 3194 432 3254 p,
463 3185 491 3233 ct
517 3176 587 3235 l'acit
614 3174 746 3251 longam,
777 3185 806 3237 et
834 3178 892 3238 iam
922 3178 1025 3257 incipit
1053 3196 1117 3237 esse
1145 3178 1365 3257 amphimacrus
1391 3194 1446 3257 pro
1474 3174 1600 3254 dactylo.

312 3295 383 3355 ergo
406 3276 474 3354 quid
497 3278 649 3353 sequitur?
678 3287 709 3337 ut
731 3280 928 3356 proiciatucs
957 3280 1064 3340 littera.
1110 3297 1180 3355 ergo
1203 3280 1269 3341 talis
1292 3287 1337 3339 est
1358 3298 1386 3347 s,
1410 3276 1510 3357 quales
1532 3286 1602 3337 sunt

309 3378 458 3458 liquidae?
486 3396 554 3438 nam
582 3385 611 3439 et
638 3378 767 3456 liquidae
797 3380 993 3441 excluduntur
1021 3380 1058 3440 de
1086 3388 1189 3441 metro.
1235 3376 1375 3463 duplic-il
1400 3380 1516 3440 rationo
1543 3378 1611 3465 lanc·
1714 3362 1715 3365 ¹

310 3483 406 3560 ipsum
434 3480 544 3566 dicunt.
581 3498 640 3541 una
667 3480 739 3541 levis
767 3490 813 3541 est
838 3484 929 3552 ratio,
959 3481 1013 3543 alia
1036 3481 1242 3543 valentissima.
1287 3482 1372 3543 multi
1394 3482 1493 3543 dicunt
1515 3480 1637 3550 ittonae
1714 3544 1715 3549 ,

378 3655 393 3700 ’2
412 3653 526 3700 lacunam
539 3652 654 3715 indicaui,
669 3668 719 3717 qua
736 3654 846 3715 definitio
863 3654 1041 3703 eerreluocula'um
1060 3653 1187 3703 eoecida'eee
1204 3652 1304 3703 videaur
1361 3655 1377 3702 l
1397 3662 1502 3717 excepta
1520 3668 1539 3701 x
1559 3652 1598 3701 lit·

309 3733 362 3772 tera
380 3737 446 3784 qnae
464 3737 545 3785 neque
563 3722 594 3771 ab
613 3739 626 3769 e
645 3721 745 3771 ine-bont
765 3740 844 3784 neque
863 3725 888 3771 in
908 3724 1029 3771 edi-sibit
1044 3723 1089 3771 sed
1108 3727 1140 3771 sb
1157 3724 1164 3771 i
1183 3724 1203 3772 C
1271 3722 1415 3788 blungituv
1433 3723 1488 3771 An
1507 3725 1599 3789 lunga-

309 3802 349 3839 mr
368 3794 391 3842 L
409 3793 510 3856 ponitur
528 3791 549 3840 0
616 3793 633 3841 n
653 3794 752 3856 penitus
771 3793 924 3855 ubertimque
940 3792 996 3842 AB
1011 3794 1112 3858 penitus
1129 3794 1171 3843 ubi
1189 3792 1210 3843 C
1221 3794 1323 3859 ponitur
1341 3798 1491 3856 ubicumque
1504 3793 1528 3841 L

309 3863 347 3911 sic
364 3878 421 3913 esse
441 3863 515 3911 «tebet
538 3876 567 3910 ac
586 3862 608 3909 si
627 3862 692 3911 divae
713 3863 744 3911 ibi
765 3865 814 3930 sim
833 3874 1002 3913 consonantes
1027 3862 1098 3911 mcilti
1117 3878 1131 3911 c
1149 3872 1172 3912 et
1193 3863 1308 3911 edbuut
1325 3864 1398 3913 istam
1419 3864 1462 3913 litt·
1472 3877 1524 3911 cnm
1541 3877 1599 3912 esse

310 3932 379 3980 inculti
401 3941 492 3996 negant
513 3931 534 3980 C
601 3934 619 3981 8
640 3947 735 3997 pruma·
753 3932 843 3981 ABL
868 3933 997 3995 primisC
1068 3940 1093 3979 nt
1116 3933 1177 3981 dicit
1195 3948 1284 3982 caesar
1307 3936 1332 3981 in
1352 3932 1414 3981 libro
1426 3931 1471 3981 'Cb
1491 3943 1518 3981 ut
1537 3933 1599 3981 dicit

308 4003 381 4065 (dicit
402 4018 448 4049 oria.
471 4001 509 4061 A,
529 4001 590 4053 cedd,
611 4002 641 4064 a)
659 4017 747 4049 caesar·
769 4002 833 4050 tibrn
850 4002 920 4053 AB:
941 4013 967 4052 ut
988 4016 1072 4052 cessar
1096 4003 1121 4051 in
1150 4004 1212 4053 libro
1233 4003 1406 4068 sivaloginrnm
1429 4003 1511 4066 primo
1534 4002 1599 4051 beec

308 4074 370 4121 dicit
389 4071 523 4133 ,tt-tuisse
546 4071 567 4119 L
637 4072 670 4122 ln
688 4076 711 4121 al
723 4070 754 4138 is]
783 4072 832 4120 abs
852 4072 876 4120 L
946 4072 978 4123 ad
997 4072 1089 4120 actium
1112 4072 1137 4120 A
1146 4072 1226 4122 BGL
1298 4073 1384 4123 scribit
1408 4087 1476 4125 corr,
1496 4074 1598 4137 scripsit

309 4143 333 4190 A
403 4142 429 4189 lb
450 4139 505 4190 XUl
526 4140 606 4190 fnisse
628 4142 650 4189 L
670 4184 676 4196 ,
693 4179 720 4194 .,
742 4142 784 4205 (lit
805 4142 887 4203 [uisse
909 4144 1019 4203 uidetur)
1044 4140 1089 4191 XU
1113 4143 1195 4192 sitisse
1216 4143 1240 4191 A
1263 4142 1317 4194 XUl
1338 4141 1418 4192 luisse
1438 4142 1462 4189 B
1486 4144 1596 4193 sedecim

308 4211 428 4260 consec
514 4210 544 4260 ll
564 4221 645 4259 tamen
669 4211 703 4260 Xl
724 4213 835 4261 creuisse
853 4213 876 4261 L
964 4214 997 4263 12
1014 4219 1073 4261 serrat
1089 4214 1175 4275 priore
1194 4214 1249 4264 loco
1269 4230 1314 4267 nm.
1337 4212 1359 4260 L
1442 4211 1543 4261 tuemur
1562 4212 1597 4261 Xl

308 4281 439 4342 (undecim
459 4286 484 4336 ct
501 4290 591 4344 postea
608 4296 672 4343 quoe
689 4283 806 4331 invventne
827 4294 882 4331 sum
903 4282 1003 4332 lucrum
1020 4280 1075 4332 XUl
1097 4282 1218 4339 (sedcim
1232 4282 1259 4338 ci
1279 4282 1385 4333 ABLc
1404 4282 1503 4331 lucrum
1524 4292 1597 4331 sede·

308 4351 396 4400 cimC
463 4362 552 4415 postca
572 4349 647 4417 ericae]
670 4366 757 4415 postea
775 4367 849 4415 quam
865 4352 1050 4403 Iv'lusemunnne
1070 4352 1152 4403 Pbilol
1178 4368 1200 4406 a.
1223 4352 1268 4402 xu
1289 4356 1324 4417 (c.
1343 4352 1467 4412 litatis.
1488 4352 1537 4402 not

310 4420 342 4472 13
362 4429 448 4484 postea
468 4431 550 4468 aretem
572 4420 653 4471 xxm
672 4421 697 4470 A
718 4432 805 4476 postea
822 4421 882 4470 item
903 4421 949 4471 XX
965 4431 989 4472 et
1007 4424 1039 4472 lll
1061 4430 1100 4483 (et
1119 4434 1169 4471 tres
1188 4423 1221 4483 0)
1238 4423 1279 4472 Cn
1300 4430 1386 4484 postca
1405 4420 1487 4469 xxut
1510 4422 1533 4471 B
1552 4436 1597 4488 po·

308 4501 361 4540 stea
379 4505 453 4551 quam
473 4488 553 4538 Xth
576 4490 596 4538 L
670 4493 701 4541 lt
718 4491 776 4540 lecit
795 4492 837 4555 qui
859 4492 926 4540 illam
943 4494 965 4539 A
976 4493 998 4541 B
1017 4490 1076 4541 lecit
1095 4494 1138 4556 qui
1157 4492 1223 4541 illam
1241 4493 1284 4555 qui
1301 4492 1368 4539 illum
1384 4491 1427 4541 On
1447 4491 1507 4539 lacit
1522 4490 1544 4539 L

310 4561 342 4610 lb
354 4560 397 4623 pix
412 4560 466 4622 pies
483 4559 544 4608 Cub
561 4561 605 4624 pix
619 4562 684 4625 picis
699 4563 723 4610 A
732 4561 785 4611 BL
839 4562 872 4612 lo
885 4563 1027 4610 scribebant
1044 4578 1103 4627 vegs
1119 4562 1298 4612 stribebnnt
1317 4576 1374 4627 rege
1387 4560 1456 4625 regis
1472 4562 1597 4611 Gscribe·

227 4657 229 4660 -
308 4630 366 4675 bam
385 4629 521 4694 regisAL
565 4630 785 4682 'llllvabesABO
830 4632 862 4682 21
877 4646 976 4681 senecvs
991 4646 1040 4680 mm
1060 4641 1141 4697 potest
1151 4631 1197 4681 Bc
1209 4634 1302 4681 eculeis
1313 4646 1361 4679 noo
1377 4631 1491 4695 potestL
1506 4632 1596 4681 senicis

308 4702 388 4755 (corr.
402 4701 511 4758 senecio,
525 4702 618 4750 seviicis
631 4702 692 4755 add.
708 4702 737 4761 a)
754 4717 802 4751 non
816 4702 934 4767 potestA
989 4703 1047 4751 item
1066 4702 1133 4750 aliud
1155 4703 1199 4751 uix
1217 4704 1284 4751 vviuis
1304 4702 1363 4750 lacit
1381 4715 1430 4750 non
1449 4702 1513 4751 ulcis
1531 4702 1596 4750 vinde

309 4779 414 4834 apparet
433 4770 456 4817 L
514 4772 547 4818 ‘22
566 4786 616 4819 ivon
632 4770 692 4820 lacit
709 4772 776 4837 nigis
794 4772 817 4820 A
837 4786 887 4819 non
907 4770 968 4819 lacit
986 4773 1053 4831 nipis
1071 4774 1114 4821 sed
1134 4770 1194 4821 lecit
1213 4773 1279 4821 niuis
1300 4772 1370 4821 llCn
1424 4772 1457 4823 '23
1474 4773 1533 4835 quia
1552 4772 1595 4821 ubi

309 4849 346 4887 cst
363 4854 380 4886 x
399 4839 482 4889 ABG
501 4841 559 4902 quia
579 4842 682 4890 ubiubi
703 4853 741 4890 est
758 4858 774 4891 x
792 4858 809 4891 a
826 4842 884 4905 quia
903 4856 919 4889 x
939 4843 961 4891 L
1033 4841 1179 4908 adpone]
1206 4844 1284 4907 Verp.
1304 4842 1368 4895 Aen.
1390 4840 1423 4890 Xl
1442 4840 1492 4892 309
