3525 5600
312 279 373 345 104
878 277 1019 376 novarent

336 405 358 445 p.
373 392 448 432 tlt—ao
463 390 483 430 L.

311 470 391 531 illam
420 470 455 530 ad
485 469 570 530 allatu
600 469 743 538 litteram,
773 467 890 528 etrido
913 468 980 547 quia
1003 485 1062 526 non
1086 469 1129 527 sic
1151 476 1250 538 sonat,
1275 466 1326 528 sed
1351 469 1487 546 pinguius
1508 475 1609 536 sonat,

311 572 418 633 vulnus
445 590 546 632 ranna.
592 569 732 650 numquid
761 571 804 630 sic
833 578 919 630 sonat
947 588 1038 640 unus,
1071 571 1073 644 l
1099 569 1215 648 quando
1238 589 1256 630 u
1280 571 1340 630 sola
1365 575 1427 630 esti
1456 577 1530 639 uon,
1553 567 1612 629 sed

224 752 226 758 Ι
315 676 444 735 tenuiter
472 682 563 734 sonat.
609 690 700 733 varrus
728 671 845 751 quando
873 671 956 740 dico,
984 673 1123 751 pinguior
1151 691 1240 732 sonus
1268 680 1322 733 est.
1367 671 1507 751 numquid
1532 671 1612 732 dicis

311 797 333 838 u
354 795 371 836 a
394 777 466 835 nus?
493 793 565 853 ergo
594 774 676 834 vides
707 776 791 854 quia,
820 775 845 834 si
866 782 1017 854 ponantur
1039 773 1132 844 solae,
1162 783 1280 836 tcttuem
1304 794 1409 836 sonum
1432 773 1556 843 habeut,
1584 775 1613 832 si

313 882 474 955 iungantur
497 876 531 936 ad
555 875 627 937 alias
649 875 776 945 litteras,
800 878 926 956 pingues
949 883 1063 938 sonant.
1087 875 1222 938 similiter
1245 885 1273 938 et
1295 879 1304 936 i
1328 879 1370 938 sic
1391 879 1511 956 patitur.
1535 879 1641 943 itur,5

314 1000 382 1040 ecce
405 980 524 1040 tenuius
546 986 646 1048 sonat;
669 982 694 1038 si
718 978 798 1039 dicas
821 977 930 1049 Titine,
954 981 1093 1058 pinguius
1116 987 1201 1040 sonat
1224 986 1252 1039 et
1273 979 1373 1060 perdit
1394 998 1498 1041 sontum
1521 997 1613 1040 suum

314 1090 343 1141 et
371 1083 479 1160 accipit
508 1078 637 1141 sibilum.
682 1098 753 1158 ergo
783 1099 840 1160 quo
869 1079 958 1141 modo
988 1079 1080 1147 dixit,
1107 1089 1212 1142 sonant
1239 1081 1369 1150 mediae,
1399 1081 1428 1141 id
1457 1091 1501 1142 est
1528 1080 1613 1161 quod

313 1184 393 1244 solae
415 1183 499 1244 aliter
522 1189 643 1250 sonant,
667 1181 752 1243 aliter
774 1184 908 1248 iunctae.
932 1182 1043 1244 idcirco
1069 1182 1206 1245 dicuntur
1229 1184 1358 1254 mediae,
1382 1185 1521 1263 quoniam
1545 1201 1613 1244 me-

303 1287 396 1347 ‘dium
427 1285 537 1346 bahent
566 1302 687 1353 sonum,
710 1302 766 1344 nec
789 1283 953 1345 naturalem
979 1303 1033 1344 uec
1056 1287 1219 1364 proprium.
1265 1295 1334 1348 sunt
1358 1288 1444 1346 ctiam
1468 1303 1545 1364 quae
1566 1285 1614 1344 di-

314 1396 421 1449 cuutur
448 1387 603 1456 idiomata,
634 1404 708 1466 quae
736 1394 830 1447 artem
858 1407 918 1447 non
943 1386 1066 1457 babent,
1091 1387 1143 1448 sed
1166 1407 1219 1448 usu
1243 1389 1446 1467 prosecuntur.
1490 1395 1561 1467 puta
1586 1388 1654 1446 sito
1710 1447 1711 1458 2

314 1490 395 1550 dicas
420 1491 517 1550 ‘venit
545 1487 665 1566 quidam
694 1489 763 1558 vir',
789 1487 921 1570 [quaudo
950 1487 1037 1570 dicis]
1066 1488 1133 1548 illae
1162 1489 1277 1550 litterae
1301 1509 1360 1550 non
1383 1497 1496 1550 sonant.
1543 1507 1615 1550 uam

315 1591 480 1653 naturalem
503 1589 614 1651 babent
636 1607 751 1651 sonum.
782 1607 850 1650 nam
874 1593 907 1651 si
921 1599 1063 1651 sonarent
1085 1593 1165 1670 ipsae
1189 1589 1319 1663 litterae,
1345 1611 1362 1652 u
1385 1595 1412 1653 ir
1435 1592 1615 1661 diceremus,
1710 1599 1711 1640 t

317 1702 346 1754 et
369 1703 447 1754 esset
469 1692 534 1753 vilis
561 1710 660 1753 sonus.
704 1691 815 1753 habeut
842 1693 972 1753 medium
1002 1694 1147 1772 quendam
1171 1713 1291 1770 sonunt,
1317 1713 1376 1754 uon
1398 1693 1481 1754 illum
1504 1712 1615 1754 sonum

316 1813 404 1873 quem
428 1794 548 1856 babent.

197 1905 303 1964 ienae
401 1897 458 1958 lsta
480 1898 647 1958 eommunia
672 1906 741 1959 sunt
762 1899 841 1958 inter
863 1905 1017 1976 utramque
1040 1897 1177 1959 litteram.
1220 1900 1280 1958 iam
1305 1897 1468 1968 rideamus,
1493 1897 1655 1976 quandum

197 1973 423 2102 {}‘,⁵;{ssacctttit
451 2019 469 2058 u
498 1998 614 2061 litterae
640 2007 674 2060 ut
702 2001 823 2060 omnino
852 1999 925 2059 uihll
948 2001 993 2060 sit.
1039 1999 1157 2079 quaudo
1181 2020 1199 2061 u
1223 1999 1295 2060 niltil
1319 2001 1381 2060 est?
1404 2009 1472 2060 lunc
1496 2019 1516 2061 u
1540 1998 1616 2060 niltil
1710 1993 1711 2072 f

318 2103 387 2169 erit,
416 2101 482 2161 ride
511 2120 567 2180 qua
597 2100 757 2161 subtilitate
785 2100 857 2162 nibil
888 2103 959 2171 erit,
990 2103 1014 2162 sl
1044 2101 1123 2162 dicas
1153 2103 1346 2180 ‘quoniam':
1381 2109 1495 2181 quet
1518 2121 1536 2161 o
1559 2109 1615 2162 est.
1710 2151 1711 2184 q

317 2207 371 2264 ista
395 2223 413 2263 u
437 2202 506 2282 quid
536 2204 610 2263 erit?
638 2203 764 2264 vocalis?
795 2221 854 2263 arou
882 2211 988 2282 potest.
1035 2222 1102 2264 natu
1132 2213 1201 2264 tunc
1230 2212 1341 2264 tantum
1373 2202 1487 2272 roralis
1506 2211 1566 2270 est,
1589 2206 1615 2263 si

318 2303 378 2364 sola
403 2304 504 2365 ltterit:
534 2303 622 2364 modo
646 2303 730 2365 alteri
753 2304 846 2366 vocali
869 2307 969 2366 iuncta
992 2313 1043 2366 est.
1089 2305 1249 2383 ergoidco
1273 2325 1331 2366 utut
1355 2313 1542 2384 potestesse
1566 2323 1616 2364 ro·
1710 2299 1711 2382 ᾗ

319 2406 405 2477 calis,
430 2410 498 2483 quia
522 2405 610 2466 babet
632 2416 698 2486 post
719 2426 750 2468 se
773 2407 922 2467 rocalcm.
962 2426 1033 2468 utuu
1056 2407 1133 2467 lorte
1156 2425 1321 2468 consonans
1345 2409 1405 2468 est‘l
1429 2425 1483 2468 uec
1507 2426 1616 2468 conso·
1631 2427 1655 2464 ao
1710 2387 1711 2466 l

318 2527 392 2570 nans
416 2517 468 2568 est.
501 2510 611 2588 quare?
634 2511 785 2586 quianon
810 2516 854 2569 est
876 2511 966 2587 prior.
981 2566 986 2574 ,
1000 2527 1071 2588 ergo
1088 2517 1119 2570 ut
1135 2527 1193 2569 trou
1210 2513 1247 2570 sit
1269 2510 1377 2570 roralis
1399 2509 1447 2569 illa
1469 2529 1519 2570 res
1535 2511 1616 2579 lacit,

319 2613 385 2691 quia
408 2610 506 2669 iuncta
530 2618 575 2670 cst
597 2609 682 2669 alteri
705 2609 813 2679 rocali;
839 2619 871 2671 ut
894 2631 952 2672 iton
975 2613 1013 2672 sit
1035 2630 1200 2672 consonans
1222 2612 1270 2672 illa
1293 2631 1341 2672 res
1364 2612 1440 2680 lacit,
1465 2613 1533 2690 quia
1556 2629 1618 2672 non

320 2721 365 2774 est
383 2713 479 2792 prior.
523 2712 562 2770 ita
590 2714 681 2773 litut
708 2730 764 2773 uec
792 2713 900 2774 vocalis
928 2715 1240 2774 sitttecconsonaus.
1287 2731 1358 2792 crgo
1381 2712 1454 2774 uiltil
1477 2716 1546 2774 erit.
1593 2715 1618 2772 si

319 2814 392 2877 uiltil
416 2816 485 2881 erit,
511 2814 579 2892 quid
602 2813 692 2875 ltabet
715 2817 800 2876 essai
822 2815 905 2876 nihil.
936 2834 1026 2893 quare
1050 2835 1121 2895 ergo
1144 2814 1186 2876 ibi
1209 2815 1368 2876 scribitur?
1390 2824 1512 2897 propter
1535 2815 1616 2875 illam
1710 2884 1711 2887 Ἴ

320 2934 453 2983 eausam,
478 2917 545 2991 quia
569 2935 637 2994 pars
661 2924 704 2975 est
726 2916 840 2977 litterae
863 2918 1078 2996 praecedentis.
1108 2937 1126 2977 u
1151 2918 1246 2977 littera
1269 2936 1340 2995 ergo
1363 2918 1539 2998 aliquotiens
1563 2935 1654 2976 uersa
1710 2900 1711 2963 Ᾰ

322 3036 489 3079 consonans
518 3025 562 3077 est
589 3037 645 3079 nec
668 3018 791 3104 roralis,
821 3028 890 3079 tuuc
914 3020 1031 3099 cqttatrdo
1053 3022 1173 3100 ponitur
1195 3021 1226 3079 in
1249 3020 1347 3080 rnedio
1370 3039 1388 3098 q
1410 3018 1618 3098 praecedentis
1710 3088 1711 3097 χ

323 3131 352 3182 et
374 3124 586 3200 ettiuscumque
613 3120 721 3180 vocalis
748 3124 913 3200 sequentis,
944 3129 977 3209 ut
999 3122 1022 3181 si
1045 3122 1125 3181 dicas
1155 3122 1304 3201 quoniam.
1351 3120 1469 3202 quando
1492 3120 1618 3180 dicimus
1710 3162 1711 3167 η

323 3226 476 3305 quonlam,
506 3231 657 3309 quelq
681 3230 734 3283 est.
779 3243 799 3283 u
826 3224 913 3284 islam
941 3222 1010 3303 quid
1033 3222 1183 3283 dicemus?
1212 3222 1342 3285 vocalem
1366 3241 1425 3283 non
1448 3240 1616 3303 possumus,

324 3328 391 3403 quia
414 3328 548 3405 sequitur
577 3306 700 3395 roralis,
725 3333 754 3384 et
776 3327 911 3404 quotiens
931 3325 1040 3385 rocalls
1062 3328 1211 3402 sequitur,
1236 3328 1341 3387 transit
1369 3328 1398 3387 iu
1427 3326 1618 3385 consonantis

323 3436 509 3507 potestatem.
554 3444 610 3486 nec
633 3444 800 3487 consonans
823 3436 877 3496 est,
901 3430 969 3506 quia
992 3435 1064 3487 tunc
1087 3436 1132 3488 est
1153 3445 1330 3497 consonans
1354 3426 1472 3508 quando
1495 3444 1617 3507 praece·
1631 3450 1653 3490 aa

324 3531 375 3591 dit..
408 3535 479 3607 ergo
504 3546 559 3588 uec
581 3527 690 3588 vocalis
713 3536 835 3590 estnec
858 3546 1038 3598 consonans,
1063 3531 1202 3609 quoniam
1226 3537 1255 3590 et
1277 3528 1367 3590 babet
1387 3536 1454 3609 post
1475 3547 1507 3589 se
1530 3526 1617 3589 aliam

325 3633 381 3693 sibi
404 3629 536 3690 rocalent
559 3632 687 3691 iunctam
710 3638 740 3691 et
762 3649 821 3691 nou
843 3632 906 3710 ipsa
930 3618 1091 3711 plaecedlt.
1123 3631 1193 3711 quid
1217 3648 1288 3709 orgo
1312 3630 1462 3691 dicemus?
1486 3630 1618 3691 dicemus

325 3752 390 3795 eam
418 3732 501 3793 nibil.
546 3731 620 3793 dicis
648 3732 738 3801 uiltil;
769 3731 821 3792 sed
850 3740 948 3793 tamen
972 3739 1016 3793 est
1038 3732 1142 3795 littera.
1189 3732 1260 3813 quid
1283 3734 1338 3793 erit
1360 3733 1433 3793 istal
1469 3750 1539 3813 pars
1563 3734 1618 3793 erit

325 3836 440 3896 litterae
462 3834 678 3915 praecedentis.
709 3836 818 3895 etenim
841 3836 935 3913 ipsam
957 3833 1084 3895 litteram
1108 3835 1336 3915 praecedentem
1358 3841 1453 3897 sonat.
1492 3842 1520 3895 et
1543 3835 1617 3905 vide,

326 3956 413 4016 quem
442 3937 477 3997 acl
506 3936 627 3997 modum
649 3944 749 4007 sonat,
778 3944 808 3996 et
833 3937 967 3996 iuvenies
996 3939 1136 4015 quoniam
1160 3936 1325 3999 naturalem
1349 3955 1456 3998 sonum
1478 3935 1568 3999 babet
1590 3946 1653 3996 etas

329 4044 462 4102 istarum.
495 4038 613 4117 quaudo
637 4039 710 4099 dicis
733 4055 806 4116 que,
830 4037 900 4117 quid
922 4046 1008 4099 sonat
1029 4040 1086 4099 uisi
1108 4056 1126 4116 q
1148 4048 1177 4099 et
1199 4042 1232 4100 el
1255 4056 1326 4119 ergo
1349 4038 1417 4101 inde
1440 4040 1590 4101 iuvenitur
1614 4040 1616 4118 l
1710 4078 1711 4081 =

396 4229 410 4278 1
431 4228 552 4294 pinguius
571 4226 647 4276 BLo
670 4226 775 4292 pinguia
792 4226 845 4277 Ao
913 4228 928 4277 t
948 4242 1011 4289 ergo
1030 4242 1085 4275 cum
1106 4226 1154 4276 hoc
1175 4226 1281 4277 dixitL
1352 4228 1383 4278 11
1403 4240 1462 4275 nam
1479 4227 1616 4277 naturalem

328 4299 384 4347 Ab
402 4314 476 4362 quem
495 4298 634 4347 natumlcm
654 4296 738 4347 Bur:
756 4311 813 4343 nant
834 4310 879 4348 otu.
900 4297 921 4347 0
974 4297 1006 4347 15
1025 4298 1089 4347 iuter
1107 4308 1238 4360 utramque
1257 4296 1364 4347 litteram
1381 4297 1424 4347 Oa
1442 4298 1465 4346 in
1487 4308 1617 4359 latratuque

328 4371 435 4417 litu-ram
452 4368 510 4417 AB
528 4368 642 4430 intraque
661 4366 768 4416 litteram
791 4366 814 4415 Ι,
860 4419 863 4423 Δ
886 4367 916 4417 17
933 4382 981 4429 qua
997 4368 1135 4417 subtilitate
1151 4367 1262 4417 inruat-tt
1277 4368 1472 4418 Liadcanonatre.
1492 4370 1619 4417 excidisse

327 4440 424 4488 uidetur
446 4440 486 4488 vel
507 4438 617 4500 delinitio
638 4439 677 4486 ael
694 4439 830 4501 eaerrtplum
847 4454 864 4487 u
887 4440 988 4486 litterae
1006 4453 1051 4487 nec
1076 4441 1168 4488 uocalis
1188 4452 1233 4488 nee
1255 4438 1486 4487 consonantiarum
1511 4440 1617 4499 positae,

328 4520 386 4557 tuuc
408 4524 424 4555 u
449 4508 510 4557 ttlltil
530 4509 591 4566 erit,
615 4506 717 4570 quaudo
737 4506 800 4555 dicis
818 4506 979 4570 ‘quonlant'.
1010 4518 1034 4556 et
1053 4508 1111 4556 vitto
1130 4524 1177 4571 qua
1196 4508 1334 4557 subtilitate
1350 4505 1411 4556 ulltil
1429 4506 1485 4567 erit,
1509 4510 1530 4555 -ἰ
1550 4508 1618 4555 dieas

328 4588 374 4628 etc.
428 4574 1025 4640 quetolstauBCqurrolstauA(?lL
1081 4578 1568 4643 18uottpotestesonamtautumA

329 4650 363 4695 ‘20
382 4662 413 4695 ue
432 4649 494 4697 l'orte
517 4662 661 4697 consonans
677 4656 716 4696 cst
733 4647 806 4697 Bca
826 4636 937 4695 ne⁸lortc
959 4660 1102 4695 consonans
1116 4660 1181 4696 esset
1201 4648 1225 4697 Α
1296 4648 1330 4698 ’29
1348 4648 1463 4710 sequitur
1479 4648 1618 4711 posteriore

329 4719 382 4765 loco
401 4732 445 4766 ont
462 4718 512 4768 At}
558 4719 721 4766 consonantis
734 4717 988 4767 Bacunsonautlunt
1005 4716 1058 4767 AC
1108 4718 1141 4767 tt
1160 4720 1240 4783 ipsam
1254 4716 1362 4767 litteram
1376 4719 1442 4779 AL,
1460 4734 1529 4771 eurr.
1546 4720 1617 4767 istam

330 4786 355 4835 B
372 4788 482 4838 istatuC
531 4786 571 4836 ,att
588 4784 647 4852 que]
668 4786 860 4850 quaeABOL
930 4786 980 4835 uisi
999 4802 1014 4849 q
1034 4794 1057 4835 et
1076 4788 1157 4838 eBC
1173 4788 1221 4837 nisi
1239 4788 1314 4837 uc'A
1332 4788 1358 4837 ui
1379 4786 1452 4838 ueL
