3525 5600
332 413 397 477 364
874 417 1076 481 consuunt

357 537 379 577 p.
392 525 449 568 2048.
463 527 487 566 te
501 522 524 564 Ρ.

331 625 388 686 quc
422 627 487 667 esso
516 609 605 667 etiam
637 610 756 668 nomina
784 625 858 686 quae
887 615 970 667 extra
998 607 1132 684 regulam
1153 616 1237 676 sunt,
1265 608 1297 667 in
1325 606 1491 683 analogiam
1517 614 1603 667 tamm

332 712 449 778 venire,
478 711 554 768 scire
584 709 726 772 debemus
753 728 818 770 esse
849 708 994 788 quaedam
1022 712 1142 770 nomina
1163 712 1204 769 ita
1226 711 1347 788 propria
1368 728 1402 769 ac
1425 707 1503 776 sola,
1524 716 1555 768 ut
1573 727 1604 768 ne

332 815 362 872 in
390 811 553 888 analogiam
581 811 701 890 quidem
731 813 852 881 cadant,
888 819 920 870 ut
947 817 992 871 est
1020 829 1089 871 caro
1116 814 1231 880 carnis,
1258 813 1334 871 Anio
1362 812 1495 871 Anienis.
1536 810 1605 870 ntdla

330 916 410 972 enim
432 913 488 974 alia
516 915 636 974 nomina
665 916 857 975 inveniuntur
879 931 954 992 quae
984 933 1001 972 o
1023 915 1105 974 finita
1128 922 1179 974 ant
1199 914 1327 994 perdant
1348 931 1413 972 eam
1435 911 1561 972 vocalem
1579 915 1605 971 in

329 1014 458 1094 obliquis
481 1014 599 1076 casibus
621 1023 671 1076 aut
694 1019 725 1076 iu
747 1035 763 1076 e
787 1013 985 1096 transierant.
1616 1029 1626 1066 ⁵
1713 1088 1714 1107 Χ

414 1117 498 1178 Nunc
521 1120 661 1197 quoniam
684 1119 720 1178 de
742 1119 844 1179 latinis
859 1116 999 1177 omnibus
1014 1117 1262 1179 declinationibus
1284 1116 1403 1178 abunde
1427 1116 1538 1176 dictum
1558 1124 1605 1178 est.

329 1238 416 1300 quem
446 1219 482 1280 ad
511 1221 630 1281 modum
659 1221 787 1281 debeant
814 1221 974 1300 peregrina
1004 1220 1162 1289 declinari,
1193 1219 1276 1279 brevi
1299 1221 1416 1279 ratione
1439 1217 1605 1277 monstrabi-

329 1341 404 1382 mus
452 1320 619 1400 [nominum
645 1325 873 1402 peregrinorum
902 1321 1062 1382 declinatio
1084 1321 1143 1401 est]
1174 1340 1260 1381 omne
1283 1323 1479 1400 peregrinum
1501 1338 1605 1392 nomen,

330 1425 475 1503 siquidem
499 1425 529 1485 id
552 1426 612 1484 iam
634 1432 788 1504 receptum
804 1433 864 1494 est,
888 1430 920 1484 ut
934 1423 1084 1484 Gallonma
1105 1426 1221 1493 manni,
1245 1423 1400 1483 Medorum
1423 1423 1549 1481 acinacis
1567 1422 1606 1480 rel

328 1544 415 1602 gaza,
439 1525 605 1586 Poenorum
629 1525 733 1596 tabor,
758 1527 847 1604 dirigi
863 1527 900 1586 ad
915 1527 981 1585 cius
995 1525 1079 1586 latini
1103 1527 1250 1586 sermonis
1271 1525 1498 1585 similitudinem
1519 1523 1636 1601 debete

329 1631 376 1690 cui
399 1630 566 1708 proximum
589 1635 643 1688 cst.
689 1636 722 1689 ut
749 1636 818 1707 puta
849 1631 1030 1689 nominativo
1057 1629 1107 1689 bic
1135 1629 1280 1697 acinacis,
1311 1627 1408 1688 simile
1438 1627 1508 1686 buia
1533 1625 1606 1685 rideo
1713 1609 1715 1618 ¹

328 1749 392 1790 esse
423 1731 472 1790 bic
502 1729 637 1800 Tiberis;
667 1733 738 1790 item
767 1733 948 1791 nominativo
978 1731 1027 1791 bie
1054 1749 1193 1796 mannus,
1223 1729 1320 1790 simile
1339 1729 1419 1797 ,huic
1448 1729 1531 1788 rideo
1551 1747 1606 1787 esse

328 1832 378 1893 hic
400 1832 530 1901 Marcus;
554 1834 626 1892 item
650 1833 830 1893 nbruinalivo
853 1833 902 1892 hic
924 1832 1030 1904 tubur,
1053 1835 1149 1894 simile
1163 1833 1233 1892 huic
1248 1831 1335 1892 rideo
1355 1849 1421 1890 esse
1442 1830 1493 1890 bic
1514 1847 1606 1907 augon.

329 1936 429 2013 itaque
458 1937 537 1994 sicut
564 1932 684 1994 'liberis
713 1936 753 1993 ita
782 1936 928 2003 acinacis
957 1938 1034 1995 sicut
1054 1935 1180 1995 llarcus⁴
1199 1937 1239 1994 ita
1261 1950 1402 1999 mamrus,
1425 1933 1504 1991 sicut
1525 1948 1608 2007 augur

330 2037 369 2096 ita
397 2035 487 2096 tubur·
516 2035 754 2095 declinabuutur.
800 2036 851 2096 sed
880 2038 912 2096 in
939 2036 987 2096 bis
1015 2038 1110 2098 maior
1136 2036 1303 2096 observatio
1330 2041 1377 2094 est
1405 2035 1487 2094 circa
1513 2045 1637 2110 graecae
1713 2066 1714 2073 κ

328 2141 465 2208 nomina,
488 2137 598 2217 quibus
618 2139 806 2216 frequentius
821 2139 943 2198 utimur.
976 2157 1051 2218 qliae
1074 2140 1167 2216 igitur
1188 2137 1355 2197 observatio
1377 2134 1608 2195 declinandomn

329 2258 505 2316 graecorum
533 2239 742 2300 vocabulorum
778 2243 873 2301 teneri
908 2239 1029 2308 debeat,
1064 2258 1152 2318 qnam
1179 2238 1355 2299 brevissime
1384 2239 1451 2297 lieri
1479 2238 1609 2314 potuerit,

330 2341 483 2420 explicabo
509 2339 698 2420 [graecorum
720 2345 873 2402 nominum
896 2342 1050 2402 inclinatio
1072 2349 1132 2409 est,
1154 2360 1229 2420 quae
1251 2337 1458 2418 usurpamus}
1487 2340 1608 2398 nomina·

329 2445 407 2504 tirus
430 2442 589 2520 singularis
618 2443 800 2504 considerari
831 2443 934 2513 debet,
964 2445 1015 2522 qui
1044 2445 1069 2502 si
1099 2445 1129 2502 in
1157 2461 1210 2504 suo
1232 2450 1309 2502 statu
1331 2449 1434 2502 manet
1460 2459 1555 2519 neque
1584 2441 1609 2497 in

329 2545 451 2606 latinam
484 2546 609 2605 lonnanr
642 2552 787 2614 mutatur,
821 2563 928 2622 graeca
961 2544 1120 2606 declinatio
1150 2544 1301 2624 sequenda
1330 2552 1391 2613 est,
1425 2549 1460 2602 ut
1487 2550 1533 2602 est
1556 2538 1645 2602 rans·

330 2667 424 2726 paean
448 2646 569 2726 delphin
594 2647 724 2708 llutonoc
748 2647 844 2724 Agave
874 2648 905 2707 lo
933 2647 986 2708 lno
1014 2647 1149 2708 Proteus.
1193 2647 1298 2725 qttodsi
1322 2649 1353 2706 in
1383 2664 1438 2705 suo
1460 2652 1539 2704 statu
1559 2661 1610 2703 non

330 2748 463 2810 manebit
496 2756 584 2829 atquc
619 2751 650 2809 iu
679 2755 810 2811 nostram
844 2749 969 2811 tonnam
1002 2750 1200 2811 transferetur
1223 2751 1437 2818 nominativus,
1467 2747 1611 2808 inclinatio

330 2859 430 2911 nostro
453 2870 536 2911 more
560 2850 757 2929 conplcbitur.
804 2852 834 2910 id
857 2852 931 2911 adeo
953 2854 1016 2912 lere
1039 2853 1086 2913 bis
1107 2852 1203 2912 modis
1225 2853 1334 2911 evenit.
1379 2852 1493 2929 plinius
1514 2849 1612 2909 modus

330 2961 387 3022 cst,
412 2972 479 3013 curn
502 2952 606 3013 ultima
628 2950 727 3013 littera
749 2956 780 3013 in
802 2970 910 3029 gracco
938 2956 1055 3015 nomine
1078 2962 1289 3022 commutatur,
1319 2961 1353 3013 ut
1380 2971 1448 3013 cum
1469 2971 1525 3012 nos
1545 2951 1612 3009 dici·

329 3073 394 3117 mus
412 3054 538 3125 Helena,
563 3074 629 3114 eum
647 3054 689 3114 illi
705 3054 805 3114 dicant
816 3046 940 3135 Ἑλένη.
971 3056 1119 3117 secundus
1140 3056 1245 3117 modus
1266 3062 1326 3125 est,
1349 3073 1419 3115 cum
1439 3054 1643 3133 paenulttnas

330 3156 437 3217 vocalis
459 3164 595 3217 manente
625 3164 758 3235 ternpore
787 3164 933 3227 mutatum
963 3158 1090 3218 dicimus
1118 3159 1199 3218 enirn
1220 3177 1274 3219 nos
1296 3156 1462 3225 Menelaus
1484 3173 1553 3215 cum
1573 3153 1610 3213 illi

330 3258 429 3317 dicant
451 3254 639 3329 Μενέλαοςι
663 3257 708 3317 vel
731 3276 799 3318 cum
822 3260 1023 3339 diphthongus
1052 3260 1155 3321 ultima
1177 3261 1356 3329 inmutatur;
1385 3258 1512 3319 dicimus
1540 3258 1614 3316 enim

330 3379 384 3419 nos
412 3360 556 3429 Achilles,
587 3378 653 3419 cum
680 3358 722 3419 illi
751 3360 851 3421 dicant
879 3352 1061 3439 Ἀχιλλεύς,
1091 3370 1122 3422 et
1149 3364 1191 3421 ita
1218 3362 1251 3421 lit
1279 3368 1381 3421 nostra
1403 3360 1520 3437 regida,
1543 3360 1614 3419 sicut

329 3461 428 3541 proles
450 3462 539 3522 buius
567 3460 670 3540 prolis.
714 3464 822 3523 tertius
842 3463 948 3523 modus
970 3470 1034 3531 est,
1064 3482 1131 3523 cum
1153 3462 1351 3543 paenultimae
1373 3462 1481 3522 vocalis
1501 3469 1615 3538 tempus

331 3566 509 3624 inmutetur:
544 3564 672 3623 dicimus
699 3565 779 3623 enim
807 3582 861 3623 nos
890 3566 1008 3634 rhetor,
1037 3584 1103 3625 cum
1131 3564 1175 3626 illi
1203 3564 1304 3625 dicant
1330 3558 1452 3643 ῥήτωρ.
1494 3569 1646 3642 quartoss

330 3665 434 3725 modus
456 3673 516 3735 cst,
540 3683 606 3724 curn
630 3665 732 3725 ultima
755 3664 866 3745 syllaba
882 3668 1041 3727 amissione
1056 3668 1247 3727 consonantis
1268 3666 1418 3726 interdum
1441 3668 1529 3725 etiam
1551 3681 1613 3723 curu

336 3767 531 3827 inmutatione
562 3768 706 3846 temporis
734 3770 934 3839 convertitur,
969 3775 1002 3829 ut
1030 3787 1096 3829 cunr
1124 3788 1178 3829 nos
1204 3768 1332 3828 dicimus
1358 3766 1405 3827 leo
1433 3766 1515 3827 Plato
1542 3766 1614 3840 Aga·

398 3990 414 4039 8
434 3991 563 4039 nominum
581 3990 774 4055 peregrinorum
793 3990 931 4039 declinatio
950 3997 989 4041 est
1005 4006 1051 4043 om.
1070 3988 1101 4039 M
1160 3988 1245 4039 iliam
1263 3988 1288 4037 id
1308 3987 1369 4037 ML
1424 3990 1538 4037 acinacen
1556 3986 1616 4035 ML

400 4058 432 4109 10
447 4060 572 4109 sermonis
590 4074 635 4109 om.
655 4059 712 4110 BL
784 4059 816 4109 13
835 4058 876 4109 hic
896 4058 955 4117 (hoc
971 4058 1009 4124 B)
1027 4060 1102 4108 tuber
1120 4059 1204 4109 simile
1218 4058 1278 4107 huic
1297 4058 1371 4107 uideo
1391 4072 1448 4108 esee
1466 4071 1546 4122 augur
1563 4056 1616 4105 BL

328 4128 376 4179 hoc
394 4129 469 4179 tubur
487 4128 571 4179 simile
590 4128 649 4179 huie
665 4128 714 4178 boc
733 4143 816 4194 augur
835 4128 873 4177 M.
898 4128 973 4178 tubur
990 4131 1131 4179 Poeaontm
1147 4144 1197 4178 noa
1216 4128 1339 4177 dream
1357 4142 1413 4177 esse
1430 4144 1447 4177 α
1463 4136 1547 4176 vetere
1564 4124 1615 4173 He-

328 4200 460 4251 braeorum
479 4202 573 4249 nomiae
591 4200 693 4263 tabbor‚
708 4200 731 4248 ll.
752 4216 774 4251 e.
799 4201 885 4260 collis,
902 4201 942 4248 vel
963 4200 1094 4250 talamda‘eo
1113 4198 1205 4253 tibbur.
1223 4197 1247 4246 Ιι.
1266 4214 1288 4251 e.
1309 4196 1444 4252 umbilicus.
1463 4205 1488 4247 et
1503 4198 1528 4245 ta
1543 4197 1617 4245 nomi·

328 4270 399 4319 nibus
422 4269 568 4335 quibusdam
588 4271 696 4317 locortun
718 4269 788 4331 npnd
803 4270 903 4319 Poenos
922 4270 1030 4318 inveniri
1039 4306 1046 4325 .
1063 4278 1091 4317 at
1104 4268 1239 4329 Tuburb0‚
1256 4267 1313 4317 mild
1329 4268 1449 4317 &dicarit
1466 4268 1617 4317 Mandrum

329 4324 500 4391 beltramolus.
535 4340 598 4389 idem
616 4339 712 4386 nomina
730 4341 841 4389 montium
859 4338 943 4388 Tabor
960 4340 1000 4389 oet
1019 4328 1181 4404 Ἰταβύριον
1198 4344 1223 4385 et
1239 4336 1390 4387 Rhodiorum
1406 4330 1568 4401 Ἀταβύριον
1585 4333 1616 4382 ab

328 4410 374 4458 boc
391 4409 509 4459 vocabulo
527 4423 576 4459 non
594 4409 677 4457 aliena
696 4423 751 4457 eaae
769 4410 910 4473 sapientae
926 4417 967 4459 eat
1037 4406 1069 4456 18
1093 4406 1226 4470 explicabo
1249 4406 1358 4456 Clinatio
1380 4420 1511 4471 grecorum
1535 4405 1617 4451 nomi-

329 4493 389 4528 num
405 4494 469 4540 quae
486 4493 640 4543 usurpamus
660 4478 747 4543 incipit
767 4477 945 4529 Nominatiuus
964 4479 997 4529 M
1014 4475 1158 4542 explicabo.
1178 4478 1204 4524 in
1223 4488 1371 4541 graecorum
1393 4476 1519 4523 nominum
1543 4474 1617 4522 incli-

328 4549 432 4597 natione
450 4548 621 4597 nominatione
633 4544 773 4597 Sicltardus
842 4548 1006 4598 indeclinatio
1018 4548 1043 4596 L
1113 4546 1148 4597 20
1163 4554 1191 4595 ut
1208 4555 1247 4596 est
1263 4561 1314 4612 pan
1330 4560 1393 4611 pean
1406 4543 1508 4609 delphin
1523 4550 1618 4591 antone

328 4618 410 4679 (corr.
424 4634 488 4671 man.
504 4632 555 4666 rec.
570 4614 690 4679 antonne)
703 4630 785 4682 agane
803 4617 876 4667 boelu
895 4619 1015 4683 protheus
1034 4617 1153 4683 quodque
1168 4616 1194 4667 B
1212 4626 1240 4667 ut
1256 4631 1308 4681 pan
1327 4630 1393 4681 pean
1411 4613 1512 4679 delphin
1527 4621 1617 4661 catnoe

329 4702 412 4751 agape
429 4688 454 4735 io
473 4690 514 4736 ino
533 4686 654 4752 protlteua
678 4688 770 4749 quodsi
791 4689 822 4737 M
843 4696 870 4737 ut
888 4697 927 4737 est
944 4705 993 4753 pan
1007 4690 1101 4753 peandi
1119 4688 1213 4739 deliine
1230 4695 1323 4737 utonea
1337 4682 1437 4751 gatteho
1456 4683 1495 4733 elu
1510 4692 1617 4746 proteus

329 4757 397 4817 quod
415 4757 458 4819 qui
478 4756 501 4804 L
572 4759 605 4807 ⁶22
628 4758 801 4806 nominatione
823 4758 923 4806 clinatio
941 4761 965 4808 L
984 4760 1133 4808 nominatiui
1156 4757 1285 4809 inclinatio
1304 4756 1331 4805 B
1349 4754 1495 4803 nominatini
1513 4752 1616 4799 elisatio

328 4824 362 4873 M
431 4824 465 4874 23
481 4824 649 4891 conplebitnr]
672 4826 832 4891 compellitur
844 4827 901 4876 BL
970 4829 1004 4876 24
1019 4826 1089 4893 cum]
1105 4829 1171 4891 quod
1192 4828 1253 4875 ML
1271 4841 1322 4889 quo
1340 4826 1365 4875 B
1417 4826 1443 4872 in
1460 4839 1504 4872 om.
1522 4820 1618 4872 BML

397 4895 499 4944 nomine
518 4910 587 4945 corr.
608 4899 645 4945 ·ni
662 4898 685 4945 L
707 4896 846 4945 nomiuiM
901 4904 928 4945 ut
943 4912 989 4946 noa
1008 4898 1032 4946 B
1084 4898 1119 4946 28
1138 4897 1166 4945 dt
1184 4898 1210 4945 iu
1230 4905 1316 4946 nostra
1334 4895 1390 4945 BL
1442 4890 1617 4943 tentasse
