3525 5600
754 441 826 503 lits
1313 471 1318 493 ι
1370 439 1434 505 345

1244 563 1264 603 p.
1278 551 1335 591 2025.
1348 552 1374 591 te
1387 549 1409 590 P.

235 625 308 688 lllud
337 628 571 688 animadvertere
599 627 756 697 debemus,
784 628 876 708 quod,
907 647 974 689 cum
1001 629 1143 708 pleraque
1171 632 1289 690 nomina
1312 630 1435 691 alterius

158 731 270 808 generis
293 731 351 790 viru
374 729 515 800 habeant,
540 747 612 790 sono
634 739 731 790 tamen
756 730 812 790 alia
834 749 943 808 genera
966 729 1113 810 videnltur
1135 733 1257 792 imitari.
1294 742 1339 792 est
1354 735 1433 792 enim
1447 744 1552 807 aidau

159 851 222 892 sono
244 831 455 901 masculinum,
484 832 636 893 intellectu
665 833 855 901 femininum,
886 840 918 892 ut
944 832 1104 895 Eunuchus
1126 834 1292 903 comoedia,
1317 834 1436 895 Orestes

158 934 313 1012 tragoedia.
341 939 386 994 est
408 935 478 994 item
501 953 574 994 sono
596 935 787 1002 femininum,
811 933 966 994 intellectu
987 934 1191 1003 masculinum,
1215 943 1248 995 ut
1270 935 1435 996 Fenestella

139 1038 297 1115 ascriptum
321 1036 423 1114 Aquila
446 1045 559 1104 orator,
583 1035 722 1104 Catilina,
745 1034 898 1112 Iugurtha.
942 1021 987 1095 est
1009 1038 1098 1096 etiam
1120 1056 1191 1096 sono
1214 1044 1366 1107 neutrum,
1391 1040 1435 1097 in·

158 1138 271 1198 tellectu
287 1139 473 1206 femininum,
491 1144 523 1197 ut
538 1136 705 1216 Glycerium
721 1135 917 1197 Phronesium
932 1137 1146 1216 Sophronium;
1159 1139 1210 1198 sed
1225 1139 1298 1198 baec
1313 1157 1435 1216 graecae

159 1240 376 1300 consuetudinis
398 1245 476 1299 sunt.
522 1247 567 1298 est
589 1236 719 1299 vicissim
742 1257 813 1298 sono
835 1240 1029 1310 lemininum,
1053 1239 1205 1300 intellectu
1227 1249 1381 1310 neutrum,
1404 1248 1437 1300 ut

160 1351 300 1412 loreuma;
324 1359 395 1401 seno
417 1340 627 1410 masculinum,
658 1340 810 1430 intellectu
832 1347 986 1410 neutrum,
1008 1348 1043 1400 ιιι
1062 1341 1184 1420 pelagus
1212 1341 1325 1420 vulgus.
1369 1361 1437 1402 nam

160 1445 318 1504 conversim
342 1461 414 1503 sone
436 1449 573 1502 neutrum
597 1449 627 1501 et
648 1441 802 1502 intellectu
825 1443 1020 1503 mascrdinum
1042 1442 1153 1503 nullum
1177 1445 1336 1504 invenitur.

132 1559 149 1596 ιι
237 1545 333 1606 Etiam
355 1531 427 1604 illud
451 1543 742 1604 animadvertendum
765 1551 810 1604 est
832 1543 935 1613 nobis,
958 1545 1037 1622 quod
1060 1544 1199 1624 pleraque
1222 1548 1341 1606 nomina
1364 1546 1481 1606 alte-29

160 1649 216 1706 rius
237 1649 357 1724 generis
378 1652 447 1706 sunt
469 1647 500 1706 in
524 1645 665 1723 singulari
689 1663 812 1706 numero
835 1644 1009 1705 et'alterius
1030 1649 1061 1705 in
1083 1647 1202 1725 plurali.
1244 1665 1313 1709 nam
1334 1650 1436 1726 singu·

159 1747 256 1808 lariter
278 1747 334 1808 boc
358 1737 507 1816 balneum,
532 1747 687 1826 pluraliter
708 1748 763 1807 bae
787 1746 910 1807 balneae
931 1748 1019 1818 lacit;
1050 1745 1242 1825 singulariter
1262 1749 1312 1808 bie
1334 1749 1437 1809 Tarta-

159 1869 219 1920 rus,
245 1849 403 1929 pluraliter
428 1849 502 1909 baec
531 1848 655 1909 Tartara
683 1850 768 1918 lacit;
803 1852 874 1909 item
897 1848 1034 1909 similiter
1056 1848 1169 1909 eaelum
1197 1851 1287 1920 caeli,
1315 1869 1438 1931 caepum

159 1969 276 2030 caepae,
305 1969 428 2030 porrum
456 1953 553 2030 porri,
583 1953 666 2011 iocus
694 1954 774 2021 ioca,
809 1952 892 2013 locus
926 1951 1005 2020 loca,
1039 1953 1136 2012 lorum
1168 1953 1235 2012 lori.
1280 1960 1378 2032 potest
1409 1963 1440 2013 et

129 2053 227 2113 1⁵baee
254 2055 382 2114 varietas
410 2053 540 2121 admitti,
571 2060 603 2112 ut
636 2053 809 2134 plerumque
837 2056 868 2114 in
897 2073 957 2114 uno
984 2061 1072 2132 atque
1099 2053 1203 2114 eodem
1234 2073 1358 2115 numero
1384 2073 1438 2134 per

159 2154 293 2233 quosdam
317 2172 404 2214 casus
425 2153 583 2214 diiersitas
598 2171 740 2230 generum
761 2157 889 2216 inveniri
911 2173 998 2234 posse
1020 2157 1153 2224 dicatur,
1178 2163 1210 2215 ιιι
1232 2175 1301 2216 ecee
1323 2157 1436 2234 vulgus.

160 2257 196 2314 ait
216 2257 296 2315 enirn
312 2255 453 2333 Virgilius
474 2258 532 2325 sic,
556 2256 743 2332 ‘ignobile
766 2258 925 2334 rulgus’,
948 2257 1027 2335 quod
1043 2265 1087 2317 est
1102 2260 1200 2318 neutri
1223 2260 1438 2328 nominativum

159 2365 185 2416 et
211 2357 288 2418 idem
316 2375 421 2418 rursus
448 2356 523 2418 dixit
550 2364 580 2417 et
607 2358 807 2436 ‘spargere
835 2377 944 2418 voees
972 2361 1008 2418 iu
1037 2359 1181 2436 vulgum
1209 2359 1436 2438 ambiguas’,

159 2458 230 2537 quod
259 2465 304 2519 est
332 2461 516 2520 accusativus
544 2476 630 2519 casus
660 2463 780 2537 generis
802 2461 966 2520 masculini.
1011 2462 1108 2522 simile
1131 2469 1176 2522 est
1197 2462 1333 2522 lundusz·
1350 2462 1437 2523 Luci·

127 2559 306 2622 aliusdicit

304 2665 469 2724 vertitur
491 2665 685 2724 oenoloris
709 2665 858 2734 lundus,
882 2668 1072 2726 sententia
1094 2665 1215 2736 nobis:

158 2773 185 2825 et
205 2772 307 2826 contra
330 2763 468 2827 Lucanus
491 2767 690 2827 accusativum
712 2766 876 2828 masculino
898 2768 992 2839 dixit,

303 2867 459 2928 decidat
481 2870 518 2927 in
542 2869 698 2929 lundum
720 2872 875 2947 penitus
898 2874 1112 2948 stagnantis
1134 2872 1279 2931 Averni.

237 2968 310 3029 lllud
327 2986 443 3049 quoque
460 2970 752 3031 animadvertendum
768 2978 827 3039 est,
844 2973 922 3050 quod
937 2972 1077 3051 pleraque
1093 2972 1211 3033 nomina
1227 2973 1333 3032 incerti
1349 2991 1437 3050 geue·
1450 2984 1481 3034 at

125 3070 197 3129 uris
219 3072 422 3131 inveniuntur.
466 3090 534 3131 nam
556 3073 636 3131 inter
658 3054 852 3133 masculinum
875 3081 906 3133 et
926 3075 1102 3135 femininum
1124 3082 1193 3134 sunt
1214 3074 1286 3134 baec
1309 3076 1437 3146 nomina,

158 3180 255 3233 cortex
282 3172 356 3233 silex
384 3174 452 3233 linis
473 3175 564 3253 stirps
585 3174 674 3252 pinus
696 3174 774 3234 dies:
804 3182 930 3255 utroque
953 3178 1032 3236 enim
1054 3194 1163 3253 genere
1184 3177 1259 3235 lecta
1282 3178 1437 3237 inveniun·
1499 3210 1506 3228 ι

158 3280 219 3343 tur,
252 3276 386 3353 quamvis
417 3276 450 3335 in
481 3274 657 3354 quibusdam
691 3283 770 3336 certa
804 3276 971 3337 observatio
1006 3279 1060 3347 sit,
1093 3285 1128 3337 ut
1158 3279 1301 3338 alterutro
1328 3296 1437 3355 genere

158 3377 356 3435 enuntientur.
392 3394 461 3436 nam
484 3378 607 3457 stirpem
631 3396 696 3439 eum
720 3379 755 3439 de
778 3397 889 3456 genere
911 3380 1050 3450 dicimus,
1075 3380 1218 3439 leminino
1240 3381 1437 3448 enuntiamus,

155 3483 186 3535 ut
207 3476 297 3537 ‘lieu
319 3478 480 3557 stirpem
503 3480 694 3550 inrisam’;
718 3482 840 3559 stirpem
863 3480 980 3541 arboris
1001 3482 1178 3551 masculino,
1201 3487 1233 3541 ul

121 3592 144 3631 ιο
304 3580 369 3639 sed
392 3582 550 3659 stirpem
574 3580 711 3641 Teucri
735 3582 836 3642 nullo
858 3582 1089 3643 discrimine
1107 3602 1259 3643 sacrum.

156 3680 224 3739 item
247 3682 357 3741 incerti
379 3684 500 3757 generis
522 3689 591 3742 sunt
613 3684 690 3744 inter
712 3684 907 3745 masculinum
929 3693 960 3744 et
980 3692 1129 3755 neutrum,
1153 3692 1186 3745 ut
1207 3686 1312 3763 vulgus
1333 3704 1439 3763 specus

238 3884 408 3951 dglieerium
432 3884 569 3935 irenesium
592 3884 731 3936 eufronium
749 3887 774 3936 B
796 3886 933 3953 gligerium
955 3887 1065 3937 ironicam
1084 3888 1234 3938 sullronium
1256 3888 1278 3937 L
1303 3888 1437 3953 gligerium
1529 3894 1533 3901 ‘

156 3953 293 4003 irenesium
312 3954 345 4003 M
413 3958 428 4005 7
447 3966 487 4005 est
504 3956 571 4004 enirn
589 3956 701 4007 uicissim
721 3956 775 4005 BL
793 3967 832 4006 est
848 3958 922 4006 etiam
942 3958 1053 4008 rricissim
1072 3958 1221 4009 Putrcdiue:
1240 3965 1279 4009 est
1297 3972 1360 4008 sono
1375 3958 1439 4007 femi

156 4024 281 4073 intellectu
300 4032 416 4073 neutrum
436 4033 463 4072 ut
480 4026 573 4091 degrna
593 4035 631 4075 est
654 4026 765 4076 uicissim
791 4040 853 4075 eone
873 4030 943 4075 mand
961 4028 994 4077 M
1061 4028 1225 4077 iltlroreuma
1243 4026 1269 4076 B
1282 4036 1396 4093 toregma
1414 4029 1439 4076 L

222 4093 254 4143 11
274 4094 367 4159 singul.
388 4094 528 4161 (singulare
544 4096 588 4157 Μ)
604 4104 631 4145 ιιι
646 4094 693 4145 boe
707 4096 824 4145 balneum
837 4096 902 4145 BM
906 4096 929 4144 L
999 4094 1031 4148 13
1049 4098 1144 4145 caelum
1158 4112 1250 4163 eocpae
1266 4111 1366 4160 porrum
1384 4098 1439 4146 ioca

156 4160 207 4211 loce
228 4162 278 4212 lori
298 4160 329 4211 M
416 4178 521 4230 coepere
540 4180 633 4229 coepue
651 4166 705 4215 BL
793 4165 825 4215 17
847 4166 882 4215 ait
904 4165 971 4214 enim
990 4167 1108 4233 uirgiiiue
1132 4168 1169 4216 sic
1186 4177 1212 4215 ιιι
1229 4166 1341 4231 ignobile
1359 4168 1385 4217 B
1403 4167 1439 4215 nit

156 4232 220 4280 enim
242 4232 356 4299 ignobile
375 4232 406 4283 M
424 4244 467 4283 eut
481 4234 594 4300 ignobile
614 4236 652 4284 L:
676 4236 754 4299 Verg.
775 4235 840 4287 Aen.
860 4235 871 4283 l
891 4234 941 4285 lto
992 4238 1059 4299 quod
1074 4237 1154 4288 neutri
1173 4245 1212 4286 est
1230 4236 1350 4285 nominat.
1370 4236 1438 4286 idem

155 4316 241 4351 rursus
261 4302 327 4351 dixit
347 4308 371 4353 et
388 4318 510 4369 spargere
528 4304 553 4354 B
570 4304 637 4366 quod
652 4312 690 4354 eet
709 4313 823 4353 neutrum
845 4305 1001 4355 nominatiuo
1019 4314 1044 4355 et
1062 4306 1126 4355 idem
1143 4320 1230 4355 rursus
1248 4305 1313 4355 dixit
1331 4316 1438 4371 elsper-

155 4386 213 4436 gere
232 4372 266 4423 M
285 4372 351 4435 qrrod
371 4374 452 4423 neutri
471 4381 511 4424 eat
529 4374 699 4423 nominatione
716 4385 741 4424 et
755 4374 821 4423 idem
841 4388 929 4422 rursus
950 4374 1015 4425 dixit
1033 4382 1057 4425 et
1074 4390 1193 4442 spergere
1212 4375 1250 4423 L:
1272 4376 1353 4440 Verp.
1374 4376 1439 4426 Aen.

155 4442 173 4489 ll
192 4440 227 4492 98
284 4441 314 4493 lli
329 4440 451 4509 Lucilius]
469 4444 602 4493 satirarum
616 4443 679 4492 libro
692 4444 765 4493 tertio
780 4442 844 4497 Nun.
857 4459 886 4506 p,
902 4441 951 4493 113
1005 4442 1257 4498 addictumue·
1308 4444 1341 4495 21
1361 4458 1438 4494 oeno-

156 4509 216 4562 loris
234 4510 446 4563 Noniurenolori
464 4513 519 4562 BL
537 4512 648 4563 eenoieri
663 4513 693 4561 M
764 4512 857 4563 fundus
876 4528 1013 4562 eom-um
1033 4514 1065 4563 M
1124 4517 1156 4565 22
1171 4510 1299 4579 Lucanus]
1317 4514 1437 4567 Plareal.

155 4581 174 4629 ll
185 4579 237 4632 668
307 4584 340 4633 24
360 4582 447 4632 incerti
471 4584 573 4649 generis
593 4584 755 4632 inueniuntur
768 4583 793 4632 L
811 4583 898 4632 incerti
916 4584 1017 4649 generis
1038 4593 1097 4634 eunt
1112 4586 1138 4635 B
1156 4584 1317 4633 inueniuntur
1338 4585 1439 4652 generis

156 4650 292 4701 ineertiM
358 4652 392 4703 26
409 4652 487 4717 stirps
503 4653 529 4702 B
546 4653 623 4717 stripe
642 4652 749 4705 Leorr.
770 4654 846 4718 stirps
862 4652 896 4702 M
958 4652 1128 4718 piuueBLm
1143 4653 1215 4718 pirus
1232 4652 1266 4702 M
1333 4664 1439 4718 utroque

157 4720 221 4771 enim
241 4721 308 4771 tecto
323 4736 416 4788 genere
434 4722 465 4771 M
484 4730 589 4786 utroque
611 4722 650 4771 uis
668 4722 777 4785 (utrouis
795 4724 830 4787 B)
852 4725 917 4771 enim
938 4738 1031 4788 genere
1050 4723 1113 4772 leeta
1130 4723 1186 4773 BL
1272 4722 1306 4773 27
1323 4725 1440 4788 quamuis

157 4790 299 4853 (euperem.
318 4790 357 4854 iu)
376 4792 527 4856 quibusdem
545 4801 611 4841 certa
635 4792 778 4842 obseruatio
796 4794 829 4843 sit
845 4794 877 4843 M
894 4807 969 4855 quiam
982 4793 1008 4841 in
1027 4792 1180 4856 quibusdem
1198 4802 1280 4842 rectae
1295 4794 1439 4844 obseruatio

158 4858 183 4907 dt
201 4861 225 4909 L
243 4862 361 4924 quamuis
378 4862 402 4910 in
420 4862 572 4924 quibusdam
590 4868 658 4911 reeta
676 4862 837 4912 obseruantia
856 4863 882 4911 lit
901 4863 925 4912 B
1005 4862 1040 4914 ²9
1057 4858 1117 4927 beu]
1144 4864 1222 4927 Verp.
1242 4862 1307 4913 Aen.
1326 4864 1370 4913 Vll
1388 4861 1439 4914 293

224 4928 260 4981 30
279 4928 336 4998 sed]
361 4932 439 4996 Verp.
457 4932 521 4981 Aera.
540 4929 655 4984 1111770

206 5020 383 5065 ommate!
396 5022 487 5065 tarint
501 5020 528 5065 V.
1197 5014 1239 5079 23
