3525 5600
648 395 885 460 communiunt
1373 391 1434 457 207

1251 503 1375 556 pinli—bit
1388 502 1411 543 L.

166 589 245 652 nibus.
286 605 343 667 quo
366 586 455 648 modo
476 585 602 649 dicimus
624 583 719 648 nubes
742 585 820 656 dies,
845 585 888 647 sic
910 587 999 646 etiam
1020 585 1052 644 in
1074 581 1301 663 pronominibus
1323 585 1436 644 inveni·

164 701 203 753 tur
221 689 379 750 communis
401 706 544 750 numerus
566 689 644 749 inter
665 687 846 767 singularem
869 695 900 747 et
919 686 1079 767 pluralem,
1109 686 1227 765 utqui:
1266 683 1354 746 etde
1377 703 1435 745 nno

164 810 264 874 possum
286 789 385 852 dicere
408 792 459 868 qui
481 797 510 852 et
532 789 570 851 de
592 789 708 852 duobus
730 799 760 852 et
782 788 819 850 de
841 787 991 868 pluribus,
1015 790 1066 866 qui
1080 788 1125 850 vir
1148 795 1178 848 et
1199 788 1336 864 quiriti,
1360 803 1436 864 quae

164 893 251 956 mulier
272 901 302 954 et
323 910 398 973 quae
420 891 570 954 mulieres.
601 898 671 954 sunt
685 893 775 954 etiam
797 893 974 970 pronomina
997 890 1163 951 deficientia
1185 906 1241 968 per
1262 887 1435 949 alterutram

144 1003 269 1077 apartem.
312 995 482 1075 quomodo
505 993 632 1055 diximus
654 995 686 1054 in
709 993 878 1055 nominibus
901 1010 966 1054 osse
989 991 1085 1072 aliqua
1108 992 1228 1052 nomina
1251 988 1297 1070 [in
1320 1007 1435 1050 mascu-

162 1097 212 1158 lino
230 1095 352 1178 genere]
380 1103 496 1158 tantum
523 1097 640 1158 numeri
663 1094 839 1175 singularis,
870 1093 1006 1156 similitor
1027 1095 1146 1155 uomina
1167 1101 1281 1154 tantum
1302 1090 1434 1171 pluralis,

161 1202 195 1260 sic
215 1199 296 1260 etiam
320 1205 350 1260 et
373 1200 404 1260 in
425 1199 612 1279 pronomine.
659 1205 729 1260 sunt
750 1199 928 1279 pronomina
955 1215 993 1258 ex
1013 1203 1138 1274 utraque
1160 1202 1244 1274 parte
1265 1191 1434 1271 singularia,

161 1310 187 1361 ut
205 1319 293 1371 meus,
323 1300 353 1361 id
383 1309 428 1362 cst
454 1309 484 1362 et
510 1298 560 1361 ille
587 1301 637 1380 qui
668 1300 800 1380 possidet
829 1307 858 1360 et
885 1298 934 1360 ille
956 1299 1007 1378 qui
1028 1298 1196 1378 possidetur
1218 1313 1294 1357 unus
1316 1304 1376 1363 est:
1399 1313 1436 1354 ex

160 1412 268 1483 rusque
289 1409 375 1482 parte
396 1401 537 1483 pluralia,
562 1411 595 1464 ut
616 1403 725 1473 nostri,
750 1410 779 1464 et
801 1403 850 1482 qui
872 1401 974 1462 dicunt
988 1417 1021 1461 se
1041 1397 1196 1480 possidere
1218 1407 1247 1458 et
1268 1396 1306 1458 de
1328 1395 1436 1474 quibus

132 1505 249 1566 uiuunt
270 1504 372 1584 plures
394 1515 471 1566 sunt.
517 1505 696 1566 intrinsecus
717 1503 875 1583 singulare,
899 1503 1082 1564 extrinsecus
1104 1497 1233 1581 plurale:
1256 1499 1435 1560 intrinsecus

161 1608 252 1668 dicitur
273 1606 353 1685 quod
376 1609 506 1687 pertinet
528 1606 564 1668 ad
586 1625 744 1688 personam
773 1604 967 1685 possidentis,
996 1605 1182 1664 extrinsecus
1203 1601 1281 1682 quod
1304 1602 1435 1680 pertinet

160 1710 189 1770 ad
207 1727 360 1789 personam
385 1708 388 1790 l
412 1709 618 1790 possessionis.
641 1707 759 1788 quando
782 1725 853 1786 crgo
875 1707 1054 1768 intrinsecus
1075 1701 1189 1784 plurale
1210 1710 1265 1774 est,
1289 1704 1433 1764 extrinse-

160 1831 203 1872 cus
227 1811 391 1890 singulare,
421 1813 478 1872 erit
505 1810 553 1872 bic
581 1817 698 1881 noster,
737 1817 770 1870 ut
797 1809 882 1870 multi
909 1811 968 1869 sint
1000 1809 1051 1888 qui
1078 1805 1244 1887 possident,
1279 1823 1356 1866 onus
1384 1806 1435 1884 qui

70 1953 75 1968 .
159 1913 321 1992 possidetur.
366 1912 525 1994 aliquando
557 1913 736 1973 intrinsecus
768 1909 933 1990 singrdare,
968 1911 1154 1970 extrinsecus
1180 1906 1311 1987 plurale,
1342 1915 1377 1967 ut
1410 1907 1435 1967 si

130 2015 229 2076 urticas
249 2017 315 2076 mei.
615 1993 618 2002 ⁴

230 2117 303 2178 Sunt
324 2119 414 2178 etiam
436 2118 549 2196 ligures
570 2118 601 2178 in
623 2115 859 2196 pronominibus.
891 2121 938 2175 est
957 2115 1052 2194 ligura
1073 2121 1124 2174 aut
1144 2111 1270 2192 simplex
1292 2121 1343 2173 aut
1364 2123 1506 2186 con-rao,
1520 2125 1553 2172 ao

157 2220 253 2298 posita,
287 2219 414 2299 simplex
447 2220 526 2299 quis,
560 2219 713 2298 conposita
746 2218 890 2298 quisquis.
934 2233 1003 2278 nam
1037 2215 1164 2277 dirime
1194 2217 1225 2276 in
1265 2210 1437 2276 nominibus

157 2321 283 2398 quoniam
310 2338 345 2381 ea
373 2323 493 2382 nomina
523 2339 598 2401 quae
628 2339 664 2382 ex
695 2319 810 2381 duobus
833 2317 1004 2380 nominibus
1025 2319 1179 2398 conposita
1202 2322 1272 2378 sunt
1293 2333 1328 2376 ea
1350 2322 1435 2394 parte

157 2421 337 2492 declinantur,
361 2442 420 2503 qua
443 2432 487 2485 est
510 2423 721 2492 nominativus:
745 2429 775 2482 et
795 2423 947 2482 invenitur
969 2438 1078 2480 nomen
1101 2418 1179 2499 quod
1202 2425 1329 2495 utraque
1350 2425 1436 2496 parte

128 2522 308 2586 ndectinatur
337 2523 470 2606 [praetor
496 2524 628 2586 urbanus
650 2531 775 2605 utraque
803 2531 888 2604 parte
922 2520 1116 2602 declinatur],
1140 2522 1278 2600 quoniam
1309 2527 1435 2598 utraque

156 2633 229 2704 parte
250 2627 447 2688 nominativus
469 2634 522 2687 est
567 2627 641 2687 baec
663 2627 829 2687 invenimus
851 2633 881 2686 et
901 2624 934 2684 in
954 2621 1192 2704 pronominibus.
1238 2629 1308 2684 sunt
1324 2639 1434 2701 prono·

157 2729 225 2788 mina
246 2729 399 2809 conposita
422 2746 497 2809 quae
520 2736 647 2808 utraque
668 2735 753 2810 parte
776 2727 977 2798 declinantur,
1006 2733 1077 2788 sunt
1096 2743 1173 2804 quae
1195 2726 1297 2806 priore
1319 2730 1435 2784 tantum

156 2839 230 2908 parte
250 2830 436 2893 declinantur
458 2840 488 2893 et
508 2833 674 2911 posteriore
690 2850 749 2893 non
765 2829 966 2899 declinantur,
988 2836 1059 2890 sunt
1072 2848 1147 2908 quae
1162 2830 1329 2907 posteriore
1349 2835 1435 2906 parte

157 2932 330 2995 declinantur
354 2941 383 2994 et
405 2934 505 3013 priore
527 2950 587 2995 aon
600 2931 805 3007 declinantur.
836 2940 963 3013 utraque
984 2940 1069 3013 parte
1083 2930 1248 2991 declinatur
1269 2945 1436 3009 pronomen

126 3036 289 3115 *qusquiss
312 3037 447 3116 quisquis
470 3036 639 3097 cuiusouius
662 3037 759 3099 euicui
781 3019 967 3115 quemquem
982 3019 1115 3113 quisquis
1136 3050 1154 3091 a
1176 3050 1310 3112 quoquo,
1333 3032 1435 3109 quiqui

157 3152 398 3217 quorumquorum
420 3137 634 3219 quibusquibus
657 3155 806 3219 quosquos
828 3137 931 3217 quiqui
951 3154 968 3196 a
989 3134 1214 3215 quibusquibus.
1245 3134 1308 3195 noli
1328 3141 1436 3212 putare

156 3237 205 3299 boe
225 3258 308 3301 causa
334 3239 540 3302 declinationis
562 3260 640 3303 esse:
672 3248 701 3301 et
722 3239 800 3321 apud
823 3238 998 3300 Ciceronem
1021 3239 1166 3300 remansit
1186 3237 1284 3298 euicui
1306 3243 1335 3296 et
1356 3232 1435 3314 apud

156 3337 324 3402 Terentium.
371 3360 439 3403 nam
461 3342 619 3404 Terentius
641 3341 714 3403 dixit
1312 3329 1317 3340 ¹

293 3443 555 3525 quiaspolies,
579 3443 742 3519 mutiles,
766 3443 924 3513 lateres,
948 3459 1167 3521 quemquem
1190 3447 1325 3502 nancta
1348 3440 1411 3502 sis.

127 3550 335 3623 ”quemquem
369 3546 445 3607 unde
475 3547 532 3607 erit
559 3548 616 3608 ista
643 3545 802 3608 declinatio
830 3553 923 3609 tracta
952 3545 1009 3606 nisi
1036 3562 1054 3605 a
1081 3546 1263 3605 nominativo
1292 3540 1434 3620 singulari
1534 3544 1537 3547 ’

157 3648 294 3727 quisquis?
318 3648 452 3728 quisquis
467 3650 638 3711 cuiuscuius
653 3650 751 3710 euicui
766 3664 954 3728 quemquem.
984 3648 1055 3707 item
1076 3648 1108 3707 in
1124 3648 1257 3708 verrinis
1271 3644 1389 3706 habetis
1403 3646 1434 3703 in

155 3746 199 3808 illa
212 3750 402 3811 frumentaria
415 3750 565 3812 Ciceronis
580 3750 825 3812 ‘cuicuimodi
840 3754 920 3811 est'.
944 3749 1051 3820 euicui,
1068 3749 1146 3810 unde
1162 3750 1219 3809 erit
1232 3750 1289 3808 ista
1304 3745 1433 3807 declina-

156 3850 191 3909 tio
205 3853 256 3911 nisi
271 3870 287 3913 a
303 3852 484 3913 nominativo
500 3853 650 3933 quisquis?
672 3855 804 3929 quisquis
819 3854 990 3913 cuiuscuius
1012 3853 1118 3912 euicui.
1155 3869 1227 3930 ergo
1250 3868 1321 3911 ecce
1341 3846 1435 3910 babes

157 3968 311 4028 pronomen
333 3953 414 4033 quod
437 3962 562 4033 utraque
584 3962 668 4035 parte
691 3952 870 4023 declinatur,
895 3955 1037 4034 quisquis.
1069 3962 1115 4015 est
1129 3955 1218 4015 etiam
1233 3952 1312 4030 quod
1333 3952 1434 4031 priore

130 4058 230 4130 ³⁵parte
251 4054 414 4119 declinatur
438 4063 467 4117 et
487 4058 654 4137 posteriore
676 4074 737 4118 non
759 4055 940 4126 declinatur,
961 4064 996 4117 ut
1010 4063 1056 4117 est
1070 4054 1157 4126 illud,
1181 4056 1343 4134 quispiam:
1366 4054 1434 4133 quis
1510 4044 1515 4059 '

158 4151 323 4227 declinatur,
347 4160 426 4238 piam
448 4175 509 4219 non
532 4160 713 4221 declinatur.
757 4166 806 4221 aut
827 4178 910 4221 versa
939 4160 1003 4218 rice
1024 4159 1108 4239 prior
1128 4176 1197 4237 pars
1219 4175 1279 4218 non
1301 4155 1432 4217 declina·

158 4262 200 4317 tur
223 4257 417 4321 declinatione
443 4262 474 4321 in
502 4262 668 4340 posteriore
691 4264 801 4341 posita,
825 4270 858 4322 ut
879 4260 998 4341 aliquis:
1022 4259 1060 4320 ali
1083 4278 1142 4321 non
1166 4258 1344 4328 declinatur,
1368 4259 1434 4337 quis

217 4464 248 4515 12
265 4466 368 4529 quando
386 4480 449 4533 ergo
467 4466 492 4515 Α
510 4482 573 4533 ergo
590 4466 692 4531 qnando
707 4466 770 4517 Gal>
788 4480 850 4531 ergo
865 4465 967 4529 quando
988 4465 1082 4516 dicoG
1164 4464 1263 4531 plurale
1288 4472 1327 4514 est
1346 4470 1371 4512 et
1387 4477 1433 4511 ex·

159 4530 268 4583 trinsecus
285 4534 310 4584 A
395 4535 427 4587 19
446 4532 506 4601 qus]
530 4538 573 4600 qai
591 4536 673 4587 Ano
755 4536 789 4587 20
811 4536 953 4586 declinatur
971 4536 996 4584 Α
1022 4535 1160 4601 declinetur
1176 4536 1248 4587 nea
1332 4543 1434 4599 praetor

160 4602 259 4653 urbanus
273 4614 381 4670 utraque
398 4615 470 4671 parte
488 4606 629 4657 declinatur
647 4621 692 4657 om.
710 4607 745 4667 A,
764 4606 825 4657 add.
843 4624 861 4658 a
944 4607 979 4654 25
998 4602 1124 4672 quisquis]
1145 4606 1180 4668 cs,
1198 4606 1301 4655 cledon.
1314 4620 1343 4668 p.
1365 4600 1434 4654 1908

218 4688 345 4739 equoquo
364 4674 447 4727 Ano
463 4691 478 4725 s
494 4692 543 4741 quo
559 4692 574 4727 a
591 4692 641 4741 quo
657 4676 691 4726 a*
779 4678 814 4729 26
836 4690 1052 4741 quorumquorum
1070 4676 1187 4740 quisquis
1205 4674 1391 4739 quibusquibus
1408 4671 1434 4721 B

219 4746 336 4807 aquibus
349 4760 369 4795 s
386 4747 479 4809 qulbus
496 4749 520 4796 A
591 4748 626 4798 28
644 4744 785 4813 Terentius]
801 4746 899 4814 Heepr.
919 4748 928 4795 l
946 4744 1004 4805 1,s
1072 4745 1107 4797 29
1122 4746 1224 4796 mutiles
1243 4743 1333 4795 nna*
1351 4742 1433 4792 mules

163 4810 183 4857 Α
227 4812 323 4880 lateres]
344 4816 386 4865 lss'
403 4818 417 4865 d
436 4816 462 4866 B
513 4816 545 4868 31
564 4818 679 4867 uerrenls
693 4818 761 4869 An:
777 4819 804 4867 in
824 4819 901 4868 Verr.
918 4824 968 4869 act.
985 4832 1037 4868 see.
1057 4816 1140 4879 le,
1161 4814 1210 4866 107
1264 4813 1433 4877 aequisque

164 4883 279 4935 annuo
328 4884 362 4937 34
381 4886 649 4953 quodlnutrnqqu
698 4888 732 4939 35
751 4902 801 4937 nou
819 4896 845 4937 ut
864 4895 903 4937 est
919 4886 983 4937 illud
1000 4885 1052 4937 BG
1103 4883 1435 4951 dbpismncnautABG
