3525 5600
633 363 870 426 COMMENTVM
1339 361 1400 426 113

1230 483 1251 524 p.
1264 473 1340 512 38-40
1352 471 1376 511 L.

135 553 205 616 babet
229 570 244 611 a
266 551 374 620 vocali,
404 559 434 612 et
460 569 553 612 unum
581 551 671 612 babet
697 571 713 612 a
741 551 857 614 duabus
885 549 1126 612 consonantibus,
1170 550 1282 612 idcirco
1309 553 1341 613 lit
1369 560 1400 613 ut

134 675 181 716 non
200 661 376 731 quaerantur
397 672 414 713 a
437 655 582 734 positione
606 655 663 714 nisi
685 653 761 714 duae
782 661 991 724 consonantes,
1016 655 1082 732 quia
1106 652 1181 716 duae
1204 662 1401 716 consonantes

135 755 267 816 dimidium
289 763 320 816 et
341 755 495 816 dimidium
517 754 629 816 babent
657 763 775 835 tempus
808 764 837 816 et
862 756 973 817 iaciunt
1002 753 1117 832 longam
1147 754 1288 834 syllabam
1315 775 1401 837 prac-

135 859 276 920 cedentem.
321 856 359 918 ob
375 858 452 918 banc
467 875 585 920 causam
605 856 733 919 diximus
748 857 806 918 duo
822 877 888 920 esse
904 865 1038 938 tempora
1059 865 1088 917 et
1107 858 1281 920 naturaliter
1296 859 1402 938 longae

117 969 158 1021 set
173 960 310 1040 positione
331 959 447 1038 longao.
491 958 565 1020 illud
589 961 677 1020 etiam
700 963 846 1040 sequitur,
876 979 940 1022 esse
969 957 1081 1040 aliquas
1103 958 1228 1038 syllabas
1250 960 1400 1040 plurimas,

135 1081 194 1143 quae
213 1069 241 1122 et
261 1061 345 1140 plura
367 1060 480 1122 babent
501 1071 651 1142 tempora,
680 1081 768 1142 quam
791 1070 922 1143 oportet,
952 1067 985 1124 ut
1008 1069 1052 1122 est
1073 1060 1129 1120 lex.
1176 1081 1245 1124 ecce
1268 1084 1284 1124 e
1306 1066 1402 1144 ipsum

135 1163 286 1224 naturaliter
314 1163 374 1225 duo
401 1170 536 1243 tempora
563 1163 668 1232 babet;
692 1183 724 1235 x,
758 1183 833 1244 quae
861 1163 986 1224 duarum
1015 1167 1242 1226 consonantium
1270 1165 1403 1243 iungitur

135 1269 194 1336 loeo,
213 1284 302 1326 unum
323 1265 415 1326 babet
435 1275 565 1345 tempus:
591 1284 661 1327 ecce
684 1268 833 1327 invenitur
853 1267 909 1326 ista
931 1263 1041 1344 syllaba
1056 1264 1167 1326 babere
1187 1268 1242 1326 tria
1260 1273 1402 1346 tempora.

135 1388 210 1449 quare
229 1367 284 1428 boc
307 1367 390 1428 uixit
413 1375 458 1428 est
478 1369 598 1448 quidem
613 1376 766 1438 tractatus,
789 1367 842 1428 sed
866 1369 954 1427 etiam
978 1367 1048 1427 utile
1072 1374 1116 1428 est
1137 1369 1167 1428 in
1189 1367 1246 1428 boc
1269 1376 1402 1438 tractatu,

109 1473 254 1550 uquoniam
281 1471 354 1531 istac
381 1468 525 1549 syllabae,
555 1489 632 1550 quae
653 1471 749 1544 tribus
771 1468 955 1550 temporibus
977 1470 1063 1539 tiunt,
1092 1471 1118 1530 si
1145 1469 1256 1532 babent
1283 1477 1350 1550 post
1372 1489 1404 1532 se

136 1573 193 1634 alias
216 1579 424 1641 consonantes,
448 1574 628 1652 asperrimos
650 1574 762 1634 iaciunt
783 1590 899 1642 versus,
923 1590 983 1634 non
1005 1570 1153 1632 ferendos.
1198 1574 1307 1651 quare?
1332 1584 1404 1633 tem·

136 1693 195 1753 pora
220 1676 295 1736 enim
323 1676 488 1736 crescentia
517 1673 594 1734 ultra
618 1673 622 1756 Ι
648 1674 768 1736 modom
796 1675 942 1755 incipiunt
968 1691 1091 1752 gravare
1121 1681 1237 1734 nostras
1265 1692 1350 1736 aures
1379 1683 1407 1734 et

138 1775 255 1836 obruere.
298 1785 369 1855 puta
399 1777 478 1856 siqui
511 1774 599 1836 talem
629 1794 746 1838 versum
779 1777 880 1847 iaciat,
916 1775 979 1836 ‘lex
1010 1778 1105 1856 prima
1123 1785 1178 1838 'est
1200 1776 1419 1857 quodcumque¹

136 1880 243 1956 potest',
271 1885 410 1958 quattuor
436 1885 507 1938 sunt
533 1886 678 1958 tempora.
728 1877 790 1949 lex,
814 1899 831 1940 e
859 1879 918 1940 duo
945 1877 1036 1939 habet
1057 1887 1205 1958 tempora;
1235 1877 1408 1940 naturaliter

110 1981 203 2040 centn
222 1978 305 2058 longa
329 1988 387 2040 est:
411 1981 547 2061 sequitur
568 2000 602 2052 x,
625 2000 716 2042 uuum
741 1988 857 2061 tempus
878 1979 983 2050 babet,
1007 1981 1073 2059 quia
1097 1979 1221 2040 duarum
1244 1999 1407 2042 consonan-

137 2083 197 2141 tium
216 2081 344 2159 iungitur
366 2083 447 2142 loco:
470 2083 605 2158 sequitur
626 2102 646 2164 p
669 2091 743 2151 etr,
767 2101 836 2144 eece
859 2084 969 2144 iterum
985 2081 1063 2143 aliud
1086 2091 1216 2162 tempus:
1240 2102 1309 2144 ecce
1325 2091 1408 2164 quat-

137 2191 194 2242 tuor
212 2191 341 2263 tempora
365 2191 451 2252 sunt,
483 2191 513 2244 et
534 2201 614 2244 nunc
635 2203 722 2265 asper
744 2195 797 2245 cst.
843 2203 900 2264 qua
924 2189 1038 2246 ratione
1060 2185 1117 2246 boc
1140 2185 1220 2246 dixi?
1258 2187 1407 2264 quotiens·

138 2303 248 2365 cumque
272 2286 412 2346 inciderit
438 2285 497 2345 tale
524 2285 649 2366 aliquid,
678 2286 820 2348 debemus
847 2286 938 2348 verba
967 2288 1121 2367 sequentia
1149 2306 1165 2347 a
1194 2286 1342 2348 vocalibus
1364 2287 1409 2346 io-

138 2385 244 2457 rboare,
266 2395 298 2448 ιιι
319 2387 461 2468 depereat
483 2386 593 2468 aliquid
615 2387 654 2449 de
675 2388 724 2449 illa
746 2407 869 2460 summa,
900 2398 932 2449 ut
953 2398 1024 2469 puta
1046 2391 1071 2450 si
1094 2387 1174 2448 dicas
1198 2387 1261 2448 ‘lex
1283 2391 1342 2450 ima
1365 2395 1411 2448 est
1493 2449 1497 2458 ,

111 2488 326 2569 aquodcumque
353 2490 458 2551 velis'
487 2489 581 2551 levius
608 2498 708 2560 sonat,
736 2493 761 2552 si
783 2491 864 2552 dicas
886 2490 950 2552 ‘lex
978 2493 1036 2552 ima
1064 2493 1134 2562 est',
1164 2509 1250 2570 quam
1278 2493 1303 2552 si
1331 2491 1411 2552 dicas

138 2587 191 2649 ‘len
209 2592 301 2670 prima
324 2594 403 2654 cst':
431 2591 490 2652 boc
512 2594 646 2674 asperius
668 2603 698 2654 ct
718 2594 837 2671 gravius
858 2601 951 2654 sonat.
997 2594 1117 2654 omnino
1140 2593 1197 2653 hoc
1219 2611 1339 2654 servare
1361 2591 1411 2652 de-

139 2689 199 2752 bent
218 2695 264 2774 qui
285 2693 387 2754 volunt
408 2693 540 2755 lubricos
567 2711 671 2756 versus
698 2705 728 2755 et
755 2705 909 2756 currentes
932 2696 1039 2756 lacere.
1084 2713 1151 2756 nam
1174 2694 1287 2756 idcirco
1309 2713 1412 2756 omnes

139 2791 186 2863 illi,
205 2796 366 2876 participiis
389 2816 458 2859 cum
480 2797 714 2876 coniunguntur,
744 2800 923 2877 asperrimos
946 2816 1048 2861 versus
1071 2797 1189 2859 iaciunt.
1235 2816 1322 2859 omne
1344 2816 1412 2878 par·

140 2897 256 2976 ticipium
277 2898 396 2979 longam
419 2898 507 2959 babet
528 2898 684 2980 syllabam,
709 2909 742 2961 ut
763 2900 873 2961 docens
895 2899 1037 2961 scribens.
1083 2907 1205 2980 utputa
1226 2902 1302 2979 siqui
1324 2898 1412 2960 talem

112 2997 215 3059 retaciat
233 3018 367 3070 versum,
392 2999 602 3081 ‘scribensque
625 3004 777 3082 patrique'
803 3001 885 3064 verbi
909 3021 1004 3073 causa,
1028 3004 1211 3082 asperrimus
1232 3020 1336 3063 versus
1358 3010 1411 3063 est.

141 3103 236 3179 quare?
257 3103 404 3184 quiahoc
425 3105 522 3183 ipsum
544 3123 562 3163 e
583 3105 758 3165 naturaliter
773 3103 894 3182 longum
918 3114 976 3174 est;
1001 3105 1108 3165 deinde
1130 3102 1273 3185 selquitur
1295 3122 1315 3165 n
1339 3114 1412 3174 ets,
1467 3148 1472 3153 -

142 3204 234 3263 crescit
255 3213 381 3284 tempus.
427 3207 566 3285 quoniam
589 3208 722 3286 sequitur
744 3206 792 3267 illa
816 3209 1001 3277 coniunctio,
1024 3205 1098 3268 illud
1113 3208 1230 3267 crescit.
1275 3214 1414 3284 quattuor

143 3310 261 3385 tempora
281 3317 368 3378 sunt,
393 3317 423 3367 et
444 3310 625 3389 asperrimus
645 3311 679 3370 lit
700 3326 816 3379 versus,
839 3310 1049 3389 scribensque,
1074 3316 1103 3371 et
1124 3310 1196 3371 latet
1217 3326 1306 3371 causa
1330 3327 1414 3388 aspe-

202 3636 217 3682 2
240 3642 429 3701 quaerenturs
453 3634 580 3698 positione
598 3632 619 3683 0
642 3640 779 3696 quaeratur
796 3648 812 3682 s
834 3634 961 3700 positione
976 3633 1002 3683 B
1019 3642 1172 3697 quaerantur
1195 3589 1364 3697 abositionem
1381 3633 1414 3685 A.

143 3700 241 3757 sortasse
259 3712 394 3767 quaeratur
416 3718 431 3751 a
449 3704 589 3769 positione,
611 3704 662 3753 nisi
680 3704 746 3753 duae
764 3704 814 3753 siut
837 3715 1007 3754 consonantes
1078 3704 1137 3766 quio
1159 3704 1225 3753 duae
1249 3713 1417 3754 consonantes

145 3787 183 3819 om.
197 3773 230 3833 A,
242 3772 301 3826 odd.
321 3790 338 3823 a
389 3772 576 3835 demmAG,
596 3774 657 3823 orld.
674 3791 692 3822 a
744 3773 882 3823 thobetx
900 3775 973 3825 BGa
990 3774 1065 3823 babet
1084 3788 1140 3822 nom
1157 3789 1174 3822 x
1200 3772 1256 3821 AL
1309 3772 1417 3834 liquare

145 3839 186 3889 hoc
201 3842 252 3891 dixi
268 3852 292 3892 et
309 3844 411 3905 quidem
426 3852 545 3893 tractatus
561 3844 608 3893 sed
625 3845 701 3893 etiam
719 3845 782 3892 utile
800 3855 838 3892 est
853 3845 878 3892 in
898 3844 945 3893 hoc
962 3854 1069 3893 tractatu
1089 3858 1167 3905 quare
1183 3842 1233 3892 hoo
1248 3843 1304 3891 dixi
1322 3844 1418 3905 etqui-

146 3912 194 3958 dem
212 3921 329 3963 tractatos
345 3913 391 3962 sed
410 3914 486 3963 etism
505 3914 565 3963 utils
583 3924 621 3963 est
638 3916 665 3963 in
685 3913 734 3963 hoc
754 3923 861 3963 tractatu
877 3930 955 3978 quere
973 3914 1021 3963 hoc
1041 3915 1094 3963 dixi
1110 3914 1171 3979 poni
1186 3914 1305 3977 quoniam
1324 3912 1349 3959 A

146 3989 178 4028 est
195 3982 291 4043 quidem
313 3992 445 4032 tractatum
463 3984 487 4033 L
558 3982 588 4033 ll
609 3984 674 4033 alise
692 3984 784 4049 longas
802 3996 970 4035 consonantes
989 3985 1044 4033 AL
1115 3982 1148 4033 ta
1166 3984 1273 4033 obruere
1292 3983 1420 4046 adscripto

146 4052 255 4116 iemcrp.
272 4053 444 4117 obstupiscere
464 4053 486 4101 A
558 4053 591 4103 lo
609 4052 724 4120 iungitur
738 4054 793 4103 loco
810 4056 834 4101 A
854 4054 977 4119 iungatur
996 4054 1049 4104 loco
1070 4054 1093 4101 L
1112 4052 1197 4101 olticio
1215 4052 1331 4118 iungitur
1349 4052 1420 4101 BGn

205 4123 235 4173 ii
252 4130 275 4171 et
286 4137 352 4171 nunc
369 4138 447 4188 asper
460 4134 498 4173 est
513 4124 589 4173 uua
605 4132 630 4171 et
644 4139 696 4172 nun
713 4139 788 4188 asper
804 4124 828 4172 A
844 4134 869 4173 et
883 4126 899 4173 ιῑ
915 4138 1006 4189 aspera
1022 4126 1047 4174 L
1064 4134 1089 4172 et
1103 4138 1169 4171 nunc
1185 4138 1261 4187 asper
1278 4133 1317 4172 est
1331 4136 1419 4171 versus

147 4192 240 4241 roseco
259 4192 440 4242 Lmdmmnnus
510 4192 543 4244 19
563 4194 687 4257 deperdat
701 4194 791 4256 aliquit
805 4194 836 4242 dc
856 4194 899 4243 illa
917 4196 997 4259 prima
1016 4193 1107 4243 sillaba
1125 4202 1186 4257 puts
1204 4194 1226 4242 si
1240 4192 1311 4249 dicas
1326 4192 1420 4239 lexinra

149 4276 212 4321 quam
229 4262 288 4313 siL
370 4264 405 4313 20
428 4262 605 4325 quodcumque
628 4263 692 4312 velis
712 4264 886 4328 Heusinperus
910 4264 928 4313 l.
947 4280 969 4315 e.
995 4264 1119 4325 quodcum
1140 4264 1204 4311 uelis
1223 4262 1275 4311 Bo
1295 4261 1421 4325 quodcum

149 4331 253 4380 uellisA
321 4331 409 4399 quam]
428 4333 530 4397 qoodG
597 4334 631 4385 22
645 4334 727 4383 omnis
745 4334 770 4381 A
839 4334 873 4384 23
890 4334 1027 4397 participiis
1043 4348 1100 4381 curu
1115 4330 1346 4397 coniungunturB
1363 4346 1421 4395 par-

298 4411 338 4440 con
654 4412 702 4439 cum
1131 4404 1147 4449 ᾗ

151 4451 232 4517 ticipiis
250 4468 305 4503 cum
329 4454 471 4521 iunguntur
487 4454 511 4502 A
537 4454 677 4520 participiis
700 4456 888 4519 coniunguntur
907 4454 927 4505 0
946 4455 1087 4521 participiis
1113 4454 1302 4519 coniunguntur
1321 4452 1352 4501 L.
1374 4452 1424 4501 alsi

150 4523 215 4583 plura
231 4532 287 4574 carte
306 4541 328 4574 o.
347 4524 386 4573 illi
405 4525 568 4589 caeciderunt,
586 4525 743 4575 amibmrdaaa
759 4526 858 4576 videtur
877 4540 935 4574 uam
950 4525 1044 4574 idcirco
1064 4524 1253 4573 coniunctiones
1270 4522 1328 4571 illae
1343 4520 1422 4589 parti-

152 4592 215 4656 cipiis
231 4609 284 4643 cum
302 4594 492 4659 coniunguntur
546 4609 646 4645 omnem
665 4611 735 4648 corr.
760 4610 835 4644 omne
854 4596 879 4643 Α
950 4596 984 4644 24
1003 4605 1029 4643 ιιι
1049 4594 1142 4643 docens
1159 4594 1227 4643 AL:
1245 4602 1272 4641 ut
1290 4609 1336 4644 om.
1352 4592 1424 4642 Bra

210 4663 242 4714 26
257 4664 361 4729 longum
384 4673 424 4713 est
440 4664 515 4715 uua
533 4666 611 4731 longa
629 4666 683 4719 AL
754 4666 787 4715 27
801 4666 920 4729 quoniam
939 4666 1053 4727 sequitur
1067 4663 1133 4713 illam
1153 4663 1246 4711 iunctio
1266 4662 1290 4710 L
1360 4662 1423 4711 illud

152 4730 240 4797 erescit]
258 4735 347 4784 iterum
366 4736 456 4784 erescit
476 4737 581 4786 coniecit
596 4734 783 4787 [dedareanus
850 4736 885 4785 28
903 4744 927 4783 et
945 4736 1112 4800 asperrimum
1131 4732 1158 4781 tlt
1176 4733 1279 4782 verbum
1299 4733 1424 4781 scribens-

154 4803 258 4865 que,›sed
270 4804 330 4854 latet
343 4819 422 4853 causa
435 4806 588 4870 asperitatis,
606 4808 628 4855 si
643 4807 669 4855 in
686 4822 774 4857 versus
792 4805 980 4855 contimmtioue
996 4804 1043 4853 lroc
1063 4802 1090 4853 tit
1105 4803 1234 4854 Mentoreo
1247 4804 1316 4875 opud
1333 4804 1367 4853 B.
1386 4810 1425 4853 teu

154 4872 227 4921 uriae
242 4872 319 4923 lubae
337 4874 455 4926 ,isaurus
470 4876 565 4941 [rapat.
581 4890 608 4939 p.
630 4876 661 4927 13
730 4877 844 4926 scribens
863 4877 931 4939 quod
951 4876 974 4923 L

199 4962 365 5007 aasumensi
381 4966 470 5007 mum
484 4968 511 5009 v.
1204 4956 1223 5021 8
