3525 5600
331 411 393 480 356
873 417 1074 479 consultati

372 551 379 566 .
392 526 450 567 eoas.
463 525 489 566 ro
502 523 525 564 r.

331 536 396 676 ull,
424 613 456 666 ut
483 603 520 666 ah
548 604 603 664 hac
631 611 718 665 noete
746 605 828 665 clade
856 605 961 674 caede,
991 607 1124 666 noctium
1150 605 1278 666 cladium
1304 605 1451 665 caedium.
1485 603 1562 683 quod
1581 613 1604 665 et

332 709 430 786 ipsum
458 714 555 767 tamen
584 725 642 767 non
672 714 718 767 est
743 714 935 786 perpetuum:
965 725 1033 767 nam
1060 707 1131 768 sede
1158 707 1261 768 sedum
1290 707 1377 776 lacit,
1405 724 1465 766 uon
1488 705 1602 766 sedium.

333 809 443 871 addunt
471 808 590 888 quidam
614 811 730 870 tertiam
754 809 902 888 regulam,
931 811 1068 889 quotiens
1094 811 1263 870 communia
1291 810 1411 870 nomina
1433 809 1602 868 nominativo
1710 824 1715 839 ·

332 910 477 988 singulari
499 930 516 971 a
539 918 569 971 et
590 931 604 972 s
627 911 736 971 litteris
760 914 972 982 terminantur,
997 920 1029 972 ut
1050 918 1166 972 nostras
1180 910 1339 971 Privernas
1360 912 1489 990 optimas
1510 928 1602 990 praeg-

331 1032 399 1073 nas:
424 1020 486 1072 turn
510 1015 589 1074 enim
612 999 787 1073 nostratium
815 1012 1033 1073 Privernatium
1055 1014 1241 1091 optimatium
1263 1014 1470 1092 praegnatium
1492 1013 1621 1083 laciuuts

331 1114 612 1195 quoniamquidem
635 1123 773 1175 neutrum
795 1133 889 1194 geuus
911 1114 973 1175 illic
996 1117 1117 1176 insitum
1139 1122 1198 1184 est,
1222 1117 1269 1175 cni
1293 1117 1324 1176 in
1346 1114 1458 1194 plurali
1482 1116 1602 1174 uomina·

331 1219 392 1279 tivo
414 1219 581 1278 accusativo
597 1224 626 1278 et
648 1220 780 1278 vocativo
802 1219 811 1278 i
835 1217 934 1278 littera
956 1217 1111 1278 lanriliaris
1133 1224 1193 1285 est,
1216 1225 1249 1278 ut
1262 1217 1337 1277 hace
1350 1217 1497 1276 nostratia
1511 1216 1603 1277 horum

332 1322 516 1381 nostratium.
561 1318 613 1378 scd
651 1319 725 1380 haec
759 1319 860 1396 regula
893 1318 996 1380 eadem
1029 1319 1101 1378 mihi
1134 1318 1265 1388 videtur,
1295 1336 1371 1398 quae
1398 1326 1444 1379 est
1466 1321 1603 1397 superior.

332 1441 398 1484 uam
426 1422 500 1482 haec
523 1422 637 1490 omnia,
661 1440 736 1501 qtrae
758 1421 887 1500 exempli
909 1439 998 1482 causa
1019 1423 1181 1500 posuimus,
1204 1422 1370 1482 communis
1391 1421 1515 1498 generis
1536 1428 1603 1479 suut.

332 1524 400 1585 inde
428 1525 453 1584 si
482 1523 625 1601 eligamus
652 1524 807 1592 feminina,
836 1523 947 1583 facient
973 1521 1010 1582 ah
1032 1523 1088 1583 hae
1109 1530 1256 1592 nostrate,
1283 1521 1322 1582 ah
1351 1523 1406 1582 hac
1428 1521 1602 1590 Privernate,
1615 1543 1632 1579 n

332 1625 368 1687 ah
390 1627 445 1686 hac
468 1617 623 1705 optimate,
653 1625 690 1685 ah
717 1625 771 1685 hac
798 1632 974 1703 praegnate,
1002 1643 1037 1684 ac
1064 1625 1189 1705 perinde
1219 1627 1300 1685 iuxta
1327 1625 1459 1704 priorem
1482 1624 1603 1701 regulam

332 1729 480 1804 genitivus
502 1727 626 1806 pluralis
650 1729 681 1786 in
703 1729 764 1788 ium
787 1735 886 1797 exeat,
910 1726 1104 1807 exemploque
1120 1729 1258 1788 seminini
1272 1727 1393 1804 generis
1408 1728 1500 1786 etiarn
1516 1734 1604 1786 cetera

332 1847 441 1906 genera
469 1829 708 1891 declinabuntur.
754 1838 783 1889 et
810 1829 859 1888 hic
894 1837 938 1890 est
966 1829 1049 1889 locus
1076 1831 1107 1889 in
1134 1848 1193 1908 quo
1220 1829 1350 1888 ellrcitur
1377 1837 1409 1888 ιιι
1437 1828 1603 1907 plerumque

333 1931 452 2008 regulae
475 1930 533 1992 sihi
556 1931 711 1991 videantur
739 1949 804 1992 esse
832 1933 1008 1992 contrariae.
1052 1949 1120 1992 nant
1148 1939 1237 2010 prout
1257 1932 1379 2008 generis
1400 1931 1477 1991 ratio
1499 1929 1604 1995 suadet.

332 2051 386 2113 per
409 2032 560 2093 ablativis
577 2033 706 2095 litteram
729 2035 877 2112 genitivus
899 2033 1024 2112 pluralis
1046 2035 1107 2092 exit
1121 2035 1152 2092 in
1168 2035 1231 2092 ium
1247 2032 1291 2092 vel
1315 2034 1346 2091 iu
1368 2049 1419 2092 um
1440 2032 1635 2093 moderantes

330 2134 492 2215 euphonia,
522 2154 578 2214 qua
607 2137 637 2195 in
668 2135 723 2196 hac
751 2138 910 2215 praecipue
938 2136 1041 2213 regula
1063 2134 1278 2195 declinationes
1300 2134 1432 2194 directae
1454 2141 1525 2194 suut
1546 2142 1606 2193 eta

329 2256 440 2316 genere
464 2238 499 2298 ad
521 2255 614 2314 genus
636 2256 725 2316 saepe
744 2245 911 2316 usurpatae.
941 2245 973 2298 ιιι
994 2245 1065 2316 puta
1087 2237 1196 2296 abhoc
1217 2237 1300 2297 hoste
1322 2235 1452 2295 hostium
1476 2235 1606 2303 dicimus,

329 2358 397 2400 curn
427 2339 508 2399 nulla
537 2339 639 2416 regula
668 2340 698 2400 iu
727 2341 788 2398 iurn
817 2341 929 2416 exigat,
957 2340 1027 2418 quia
1049 2338 1245 2399 masculinum
1268 2338 1323 2398 hoc
1344 2355 1440 2415 genus
1460 2346 1517 2398 est.
1559 2338 1607 2397 sed

328 2461 395 2502 cunr
418 2440 455 2502 ah
478 2440 532 2500 hac
560 2441 644 2501 hoste
673 2441 781 2502 hortea
808 2442 937 2502 hostium
963 2439 1109 2510 dicamus,
1132 2439 1296 2500 secuudum
1318 2440 1452 2516 regulam
1474 2440 1607 2500 feminini

328 2545 448 2620 generis
470 2543 600 2602 hostium
622 2544 855 2620 praesuntionis,
879 2542 957 2622 quod
980 2544 1020 2602 ita
1042 2545 1133 2604 etiam
1153 2542 1302 2622 euphonia
1323 2541 1511 2621 persuadeat.
1542 2543 1637 2601 iterus

328 2652 429 2706 contra
445 2663 504 2704 non
521 2644 647 2704 dicimus
668 2646 848 2720 coelestium,
871 2645 927 2705 sed
946 2645 1122 2715 caelestum,
1145 2644 1302 2705 masculini
1316 2644 1436 2720 generis
1451 2643 1608 2703 ablativum

329 2747 564 2826 contemplantes
586 2744 622 2807 ah
646 2745 701 2806 hoc
723 2745 865 2809 caeleste:
896 2767 963 2809 nam
986 2747 1130 2808 feminino
1151 2764 1261 2825 genere
1284 2744 1321 2807 ah
1343 2743 1398 2806 hac
1420 2745 1545 2806 caelesti
1566 2743 1607 2803 di·

328 2852 433 2910 cimus.
478 2850 534 2909 hoc
561 2848 699 2909 videntur
727 2849 899 2911 observasse
926 2852 978 2929 qui
1006 2850 1154 2909 inlautum
1177 2847 1413 2916 declinaverunt,
1442 2854 1476 2907 ut
1498 2866 1607 2907 mascu-

329 2952 383 3013 lini
412 2952 531 3028 generis
559 2949 719 3011 ablativum
748 2954 914 3028 cogitarent
946 2950 982 3011 ah
1010 2950 1066 3009 hoc
1094 2952 1221 3020 iulante,
1249 2952 1359 3010 omisso
1386 2948 1464 3027 quod
1494 2966 1513 3007 n
1542 2957 1608 3008 ets

330 3054 438 3114 litteris
466 3052 664 3113 nominativus
691 3052 851 3130 singularis
885 3048 1114 3132 terlrninaretur.
1160 3071 1231 3113 sane
1264 3051 1400 3131 plerique
1428 3069 1533 3111 omnes
1560 3050 1641 3109 base
1721 3088 1723 3129 ς

329 3155 461 3233 regulas,
486 3172 560 3232 quae
583 3154 746 3230 genitivum
774 3156 804 3215 in
833 3157 895 3215 ium
924 3157 1057 3224 mittunt,
1087 3155 1191 3214 dicunt
1212 3155 1302 3213 etiarn
1324 3154 1526 3213 accusativum
1547 3151 1608 3231 plu·

330 3256 423 3317 ralem
450 3256 481 3315 in
510 3256 536 3315 is
562 3256 695 3326 mittere,
726 3264 758 3317 ut
785 3255 838 3317 has
866 3248 999 3335 puppis:
1016 3256 1070 3315 hos
1092 3257 1215 3324 montis,
1239 3254 1293 3315 hos
1314 3256 1482 3333 optimatis;
1506 3253 1560 3314 sed
1581 3255 1610 3313 iu

329 3358 384 3418 hoc
407 3374 523 3435 quoque
546 3358 696 3435 sequenda
719 3366 763 3419 est
786 3358 942 3437 euphonia.
987 3358 1128 3438 pleraque
1155 3359 1235 3417 enim
1257 3375 1293 3416 cu
1315 3355 1454 3419 omnihus
1475 3358 1544 3417 istis
1564 3373 1609 3414 re-

329 3512 375 3560 ede
395 3510 506 3559 noctium
524 3509 634 3560 cladium
652 3512 760 3564 aedium.
778 3512 903 3574 quaedam
921 3519 1007 3561 eontra
1023 3512 1186 3560 inueniuntur
1201 3517 1227 3558 at
1241 3508 1348 3557 muliere
1361 3508 1497 3558 mulierum
1516 3508 1578 3557 iacit
1589 3520 1612 3555 et

329 3580 390 3631 sede
407 3580 495 3629 sedum
513 3594 561 3629 uon
581 3580 678 3629 sedium
699 3580 759 3629 lacit
778 3580 874 3630 addant
893 3581 926 3630 M
992 3583 1005 3632 l
1021 3581 1099 3630 caede
1113 3606 1147 3615 —
1161 3575 1289 3645 caedium]
1305 3578 1352 3627 ede
1370 3604 1403 3614 -
1416 3578 1502 3628 edium
1521 3579 1545 3629 h

329 3650 346 3697 4
369 3662 496 3714 praegnas
516 3674 550 3685 —
568 3652 744 3715 praegnatium
766 3650 899 3701 Pauchius
923 3651 1029 3716 prignas
1045 3676 1079 3685 —-
1102 3650 1255 3715 priguatinm
1279 3647 1389 3698 BML:
1411 3648 1446 3710 cs.
1462 3648 1564 3699 Charis.
1583 3665 1610 3711 p.

331 3720 388 3782 141,
405 3719 440 3768 27
455 3718 517 3769 ‘sed
536 3719 706 3769 cousuetudo’
726 3720 807 3783 inquit
826 3718 920 3769 Plinius
935 3725 978 3768 ‘ut
994 3720 1171 3787 praegnatium
1186 3719 1362 3782 optimatium’
1414 3716 1547 3767 hisceres
1563 3717 1612 3767 BL

399 3790 414 3838 7
433 3786 496 3837 haec
514 3790 635 3837 nostratia
654 3798 679 3838 et
698 3790 845 3839 nostratium
862 3788 888 3837 B
895 3790 927 3838 M
935 3790 958 3839 L
1027 3789 1175 3856 Ssuperior
1193 3798 1220 3837 ut
1238 3788 1310 3837 clude
1326 3802 1384 3839 uam
1402 3788 1435 3836 M
1505 3787 1540 3838 lt)
1556 3786 1613 3837 iude

329 3858 460 3923 elegamus
479 3855 600 3905 lemiuina
618 3857 712 3908 abhuc
729 3866 839 3908 nostrate
859 3859 892 3908 M
946 3857 1041 3908 iaciunt
1057 3858 1082 3907 B
1141 3859 1171 3908 ll
1187 3867 1326 3925 praegnata
1344 3858 1478 3909 muas
1495 3857 1612 3921 prignata

327 3928 390 3977 ΒΜ
400 3928 421 3977 L
492 3928 523 3977 12
543 3937 616 3976 exeat
633 3929 751 3992 exemplo
767 3928 791 3977 L
808 3929 860 3977 exit
874 3942 924 3991 quo
942 3928 1058 3995 exemplo
1077 3928 1110 3977 M
1165 3929 1242 3978 etiarn
1259 3938 1283 3978 et
1300 3937 1385 3977 cetera
1399 3926 1434 3976 M
1504 3925 1537 3975 ts
1556 3940 1611 3974 uam

328 4006 403 4063 prout
421 4010 500 4061 gener
513 3994 698 4061 (superscripto
716 3997 749 4059 is)
774 4000 837 4048 ratio
856 3996 946 4047 suadet
966 4014 1012 4063 per
1030 3998 1134 4048 ablatiui
1150 4015 1164 4046 e
1183 3996 1289 4047 litteram
1307 3998 1437 4063 genitiuus
1453 3994 1500 4060 plt't
1519 3996 1574 4044 exit
1588 3997 1613 4042 iu

328 4068 381 4116 ium
400 4065 582 4117 declinationes
599 4069 626 4117 s't
644 4066 790 4131 euloniae'q
806 4068 831 4117 in
851 4067 901 4121 h..
919 4066 1001 4130 (corr.
1014 4065 1077 4131 hoc)
1090 4068 1224 4132 praecipue
1238 4067 1327 4131 regula
1339 4066 1486 4116 moderante
1503 4065 1614 4115 directae

328 4145 386 4187 snut
405 4136 438 4187 M
459 4150 516 4185 uam
539 4144 614 4201 prout
636 4136 688 4201 (est
705 4138 766 4187 udal.
787 4136 825 4202 B)
849 4138 952 4203 generis
975 4139 1039 4188 ratio
1063 4152 1108 4202 per
1131 4136 1269 4186 ablatiuum
1290 4135 1342 4199 (-ui
1359 4152 1429 4189 corr.
1449 4150 1523 4184 -uum
1542 4132 1613 4197 L)e

327 4206 435 4257 litteram
453 4204 538 4270 geueti
552 4206 599 4271 pl'i
616 4206 682 4271 (elit'
696 4210 755 4273 gerit
772 4206 831 4271 plirr
845 4206 885 4270 B)
902 4208 984 4273 exigit
1001 4207 1176 4257 declinationis
1193 4205 1294 4255 eulouiu
1310 4220 1374 4269 qnae
1389 4206 1414 4253 iu
1428 4202 1478 4253 huc
1495 4204 1561 4269 (hoc
1578 4204 1614 4267 L)

327 4276 465 4341 praecipue
484 4278 573 4342 regula
588 4284 742 4327 monstrante
760 4278 871 4327 directae
887 4286 945 4326 suot
958 4276 1016 4327 BL
1086 4275 1120 4328 111
1137 4285 1162 4326 et
1180 4290 1303 4341 ageoere
1322 4275 1472 4325 femininum
1490 4284 1516 4323 et
1535 4289 1552 4323 a
1569 4288 1615 4338 ge·

328 4360 389 4396 uere
402 4348 458 4395 mal
476 4359 536 4409 sepe
555 4355 688 4411 ussnrpstc
706 4346 730 4395 L
802 4346 833 4397 li
852 4355 986 4411 usurpatas
1003 4355 1061 4396 sunt
1078 4353 1179 4410 utpote
1197 4344 1230 4394 M
1300 4344 1334 4395 18
1351 4345 1412 4408 quia
1430 4342 1492 4393 ML
1510 4341 1614 4407 quaudo

326 4434 364 4466 ιιι.Ι
384 4415 451 4478 qnod
467 4414 555 4465 mascl’
575 4420 640 4481 geni
658 4424 697 4467 est
714 4416 740 4467 B
810 4416 930 4466 sedeam
949 4416 980 4465 ab
1000 4416 1048 4465 hac
1064 4415 1126 4481 (hac
1142 4431 1187 4465 otu.
1206 4412 1276 4477 BL)
1292 4413 1365 4464 hoste
1382 4414 1498 4464 dicamus
1517 4412 1587 4463 ΒΜ
1593 4410 1615 4458 L

395 4482 429 4533 20
449 4484 583 4549 persuadet
600 4486 632 4535 M
648 4486 786 4551 persudeat
798 4486 823 4535 L
894 4486 927 4535 21
947 4500 996 4535 nou
1015 4486 1124 4535 dicimus
1142 4484 1277 4535 masculini
1295 4482 1434 4534 caelestum
1451 4483 1558 4549 generis
1570 4481 1615 4529 ate
1698 4542 1703 4549 Ι

327 4554 432 4604 latinum
454 4552 486 4603 M
504 4554 680 4605 condicimus
700 4553 840 4604 masculino
858 4554 994 4605 caelestum
1013 4556 1083 4620 gent·
1097 4554 1236 4605 ablatiuum
1254 4553 1280 4604 B
1302 4567 1351 4602 uon
1373 4554 1481 4603 dicimus
1501 4552 1616 4602 caelesti

327 4623 431 4674 mascul'
450 4638 543 4688 genere
561 4624 665 4675 ablatini
683 4624 721 4675 L:
746 4626 860 4680 fortasse
875 4625 935 4673 item
954 4639 1003 4675 uon
1021 4634 1107 4674 contra
1125 4624 1242 4690 regulam
1261 4623 1372 4672 dicimus
1388 4623 1537 4673 molestum.
1559 4636 1617 4671 eae-

328 4692 467 4743 testamen
488 4694 567 4758 Verp.
583 4694 649 4748 Aen.
664 4695 711 4745 Vll
729 4694 780 4745 4³2
795 4696 879 4744 attulit
894 4696 1072 4747 Ρνίιειιιιιιιιι
1092 4695 1138 4744 Vll
1154 4710 1182 4757 p.
1196 4693 1256 4755 351,
1273 4693 1309 4742 22
1360 4693 1395 4742 22
1411 4692 1616 4757 contemplantes

328 4772 356 4809 ut
372 4763 403 4811 ab
422 4762 454 4811 M
505 4761 653 4814 temtutnum
669 4766 700 4815 ab
717 4764 766 4814 hac
783 4763 892 4814 caeleste
911 4763 1019 4813 dicimus
1037 4765 1070 4813 M
1086 4764 1208 4815 lemiuino
1221 4764 1253 4813 ab
1265 4761 1313 4811 hac
1332 4762 1433 4811 caelesti
1450 4761 1476 4811 B
1492 4760 1617 4811 seminini

328 4831 421 4955 {glane
439 4829 529 4881 celeste
544 4832 570 4881 L
652 4834 685 4885 23
704 4834 840 4883 obseruare
856 4832 881 4885 B
898 4848 1016 4885 seruasse
1035 4833 1066 4884 M
1152 4834 1185 4884 24
1205 4829 1311 4905 omisso]
1331 4830 1379 4882 hoc
1397 4830 1489 4881 omisso
1511 4831 1545 4881 M

379 4899 526 4951 terminatur
544 4901 578 4954 M
