3525 5600
308 360 352 424 44
872 362 1045 425 etanorot

334 470 516 524 plmlml'.

309 550 378 611 boio
400 559 447 612 est
467 550 585 622 infelix,
609 570 683 630 quae
706 561 752 613 est
771 553 867 631 prima
882 552 1049 631 conpositio
1070 545 1216 628 [infelix];
1241 547 1380 609 secunda
1394 567 1458 609 esse
1475 568 1532 609 non
1549 568 1603 629 po-

309 660 380 723 test,
411 653 441 714 id
469 661 516 715 est
543 672 602 714 non
630 655 701 714 lacit
727 653 874 724 inintelix,
905 673 943 714 ne
965 653 1097 720 videatur
1119 651 1155 712 ad
1181 652 1310 730 primum
1332 669 1450 712 sensum
1474 652 1605 712 nominis

191 753 451 836 377,13simplicis
475 774 621 817 remeare.
636 790 678 799 —-
700 755 763 817 Vel
785 754 1171 818 senatusconsultum:
1196 754 1393 814 nominativus
1409 753 1465 814 boo
1483 751 1603 814 consul·

308 865 384 928 tum,
407 865 526 919 senatus
540 847 691 937 genetivus
707 866 751 919 est
767 861 882 920 numeri
897 854 1064 934 singularis.
1104 875 1175 935 ergo
1191 855 1477 918 senatusconsultum
1494 857 1550 925 sic,
1567 873 1603 916 ac

307 961 333 1021 si
349 961 461 1022 diceret
474 960 766 1040 patrumconsultum.
779 959 956 1020 —Nomina
972 961 1092 1039 propria
1108 961 1229 1020 cornino
1242 977 1301 1020 non
1312 967 1436 1038 possunt
1451 958 1601 1037 componi.
1616 969 1630 1008 ⁵

213 1071 253 1118 15.
268 1072 298 1120 16
396 1063 508 1124 Casus
535 1072 620 1126 sunt
645 1081 721 1125 ses:
750 1079 834 1121 casus
861 1081 878 1121 a
906 1060 1039 1122 cadendo
1067 1061 1146 1122 dicti.
1176 1096 1218 1107 —
1245 1063 1293 1122 Er
1322 1060 1377 1121 bis
1406 1060 1476 1121 duo
1504 1062 1605 1121 recti

307 1165 560 1247 appellantur:
593 1163 758 1226 secundum
793 1165 929 1241 antiquos
961 1165 1036 1223 recti
1064 1161 1202 1245 appellati
1228 1171 1311 1233 sunt,
1347 1181 1405 1224 nou
1438 1162 1603 1224 secundum

306 1276 492 1352 praesentem
515 1285 609 1329 usum.
648 1265 685 1326 de
711 1267 890 1326 nominativo
919 1283 987 1326 casu
1016 1254 1180 1337 dubitator,
1211 1267 1359 1344 quianon
1387 1271 1499 1346 potest,
1527 1267 1604 1326 sicta

307 1369 376 1441 alii,
405 1370 601 1432 nominativus
622 1367 744 1437 cadere,
773 1376 806 1428 ut
831 1368 880 1428 bic
904 1375 1004 1430 noster
1027 1388 1044 1430 o
1067 1377 1177 1430 noster.
1201 1403 1243 1414 —·
1265 1369 1371 1429 llecti
1399 1369 1603 1429 nominati·

307 1492 372 1534 vus
400 1482 436 1532 et
463 1472 666 1532 vocativus:
700 1471 776 1531 recti
796 1479 878 1539 suut,
908 1473 974 1552 quia
997 1469 1162 1550 analogiam
1185 1479 1365 1552 sequuntur,
1395 1469 1507 1550 obliqui
1529 1482 1642 1531 non.1⁰

309 1568 559 1657 [ablativumll
574 1573 706 1635 Graeci
735 1591 805 1633 nou
834 1571 1000 1653 babent].
1038 1575 1110 1634 recti
1135 1592 1220 1635 casus
1241 1581 1311 1634 sunt
1334 1575 1529 1634 nominativus
1548 1580 1553 1648 Ι
1574 1581 1604 1632 ot

308 1678 456 1738 vocativus
477 1677 509 1736 in
530 1677 625 1755 prIma
647 1677 734 1736 tertia
756 1683 859 1756 quarta
882 1682 911 1736 et
927 1675 1026 1756 quinta
1043 1675 1252 1745 declinatione3
1277 1684 1410 1737 ceterum
1425 1678 1455 1736 in
1471 1674 1602 1736 secunda

309 1797 368 1840 non
390 1797 550 1858 numquam
571 1780 725 1841 vocativus
744 1777 872 1858 oblique,
896 1785 928 1838 ut
948 1776 996 1838 bic
1016 1777 1119 1839 doctus
1141 1798 1158 1839 o
1178 1778 1273 1840 docte.
1297 1795 1473 1858 quamquam
1489 1779 1603 1854 antiqui

309 1884 397 1942 etiam
411 1883 510 1961 ipsum
526 1899 627 1942 casum
648 1888 762 1942 rectum
784 1881 946 1951 iaciebant,
970 1891 1003 1944 ut
1024 1889 1067 1944 est
1087 1881 1159 1942 illud
1183 1881 1260 1963 apud
1276 1880 1446 1959 Vergilium,

460 1983 530 2045 duc
552 1983 603 2045 ait
624 1992 658 2043 et
680 1983 836 2045 Rutulos
859 1985 1019 2064 equitem
1042 1985 1231 2064 Messapus
1252 1985 1289 2044 in
1313 1985 1436 2057 armis,
1616 1989 1642 2032 1⁵

263 2085 338 2146 voto
367 2093 412 2146 ost
439 2104 457 2145 o
479 2086 629 2166 Messapus
656 2103 711 2165 pro
739 2105 775 2146 eo
802 2086 881 2167 quod
910 2093 953 2148 cst
981 2107 998 2147 o
1021 2088 1163 2167 blessape.
1186 2087 1368 2148 -Etiam
1403 2087 1601 2165 septimum

309 2206 445 2249 casum:
469 2196 515 2248 est
537 2195 566 2248 et
586 2198 706 2250 octavus
727 2207 813 2250 casus
834 2189 932 2250 dativo
954 2168 1072 2260 similis,
1096 2191 1145 2270 qui
1168 2207 1222 2268 per
1237 2189 1433 2249 accusativum
1449 2188 1602 2267 protertur

310 2299 339 2352 et
361 2289 558 2353 elocutionem
580 2291 663 2361 lacit,
687 2299 720 2351 ut
743 2294 928 2372 ‘propinquo
951 2294 1064 2362 muro',
1088 2291 1214 2352 bucest
1235 2291 1271 2350 ad
1295 2308 1424 2352 murum.
1463 2291 1599 2350 nomina-

278 2456 280 2459 ,
307 2394 384 2453 tivus
404 2401 434 2453 et
453 2395 597 2472 septimus
612 2411 672 2454 non
692 2412 852 2473 numquam
866 2393 994 2454 similem
1018 2396 1186 2474 exprimunt
1201 2411 1337 2463 sensum,
1360 2402 1393 2453 ut
1408 2392 1524 2453 doctior
1538 2391 1600 2460 illo,

262 2501 295 2550 23
308 2495 423 2556 doctior
444 2512 535 2570 qaum
556 2499 607 2558 ille
630 2515 647 2546 ο
671 2494 780 2557 abillo
802 2503 959 2575 praesente
982 2499 1108 2578 suscepi.
1134 2531 1171 2540 -
1196 2497 1286 2556 Sunt
1313 2502 1429 2556 autern
1459 2494 1601 2556 lormae
1615 2501 1641 2544 ἢ
1735 2497 1736 2568 ζ

308 2596 478 2658 casuales
506 2616 584 2658 sex:
614 2598 727 2658 lormae
752 2599 825 2658 istae
853 2598 986 2660 casuales
1014 2618 1068 2679 per
1091 2617 1175 2660 casus
1203 2605 1417 2676 agnoscuntur,
1447 2604 1481 2657 ut
1508 2597 1603 2676 possit

308 2699 412 2777 regula
446 2701 600 2760 nominum
635 2698 841 2761 demonstrari.
895 2702 1159 2783 quotienscumque
1195 2719 1304 2762 nomen
1336 2700 1367 2760 in
1400 2698 1602 2760 declinatione

309 2821 394 2865 casus
413 2800 418 2885 Ι
437 2802 604 2884 superfluos
624 2802 776 2873 babuerit,
799 2811 1038 2884 sequestrantur,
1063 2813 1093 2866 et
1108 2812 1179 2887 quot
1192 2805 1404 2873 remanserint,
1427 2801 1516 2864 talem
1539 2804 1601 2862 lor·

309 2926 388 2967 marn
403 2906 528 2981 lucinum
553 2906 578 2966 si
592 2911 668 2974 tres,
691 2908 869 2988 ternariam,
893 2908 918 2967 si
933 2916 1084 2987 quattuor,
1109 2910 1336 2989 quaternariam.
1368 2906 1481 2967 lormae
1497 2924 1601 2967 casua-

308 3009 352 3069 les
373 3009 575 3086 significantur
596 3008 737 3068 varietate
759 3006 966 3071 declinationis
993 3011 1023 3070 iu
1054 3010 1164 3071 ultimis
1192 3008 1325 3090 syllabis
1355 3016 1386 3069 ut
1413 3008 1461 3068 bic
1483 3009 1600 3068 Aeneas
1614 3014 1641 3055 2⁵

308 3112 397 3172 buius
418 3113 535 3172 Aeneae
556 3109 625 3170 huic
647 3112 764 3171 Aeneae
786 3109 864 3172 bunc
887 3114 1006 3173 Aenean
1029 3132 1047 3173 o
1069 3118 1167 3174 Aenea
1195 3111 1233 3175 ab
1260 3112 1317 3177 boc
1339 3111 1446 3172 Aenea.
1485 3110 1600 3170 lormae

309 3213 418 3274 latinae
440 3210 626 3293 appellantur
647 3214 696 3282 ita,
720 3214 802 3273 unita
825 3211 940 3275 binaria
964 3216 1093 3276 ternaria
1117 3216 1306 3294 quaternaria
1322 3214 1458 3293 quinaria
1472 3213 1599 3273 senaria.

309 3316 390 3377 unita
419 3323 476 3385 est,
510 3314 627 3394 quando
655 3334 759 3376 ornnes
786 3334 871 3377 casus
899 3315 1010 3377 similes
1038 3317 1093 3377 sibi
1122 3324 1203 3387 sunt,
1234 3326 1265 3377 ut
1292 3316 1341 3377 hic
1363 3330 1490 3393 nequam
1512 3313 1602 3375 buius

311 3436 436 3497 nequam
460 3416 637 3496 etreliqua.
674 3416 787 3477 binaria
810 3417 934 3488 dicitur,
964 3421 1102 3499 quotiens
1129 3426 1191 3481 tres
1214 3437 1298 3480 casus
1319 3417 1401 3495 longi
1425 3423 1509 3485 sunt,
1538 3425 1601 3476 tres

312 3518 430 3589 breves,
457 3521 488 3579 in
510 3519 683 3580 nominibus
705 3520 819 3581 scilicet
840 3520 1113 3591 indeclinabilibus,
1141 3528 1174 3581 ut
1195 3521 1251 3582 boc
1274 3538 1368 3581 cornu
1390 3537 1407 3581 o
1430 3536 1539 3586 cornu,
1570 3518 1600 3577 id
1615 3524 1641 3565 ³⁰
1735 3564 1736 3567 ,

311 3628 355 3680 est
378 3622 573 3681 nominativus
595 3624 776 3683 aecusativus
800 3632 829 3682 et
850 3624 998 3684 vocativus
1022 3626 1151 3703 correpti
1172 3631 1253 3691 sunt,
1276 3622 1427 3700 genetivus
1443 3619 1556 3679 dativus
1573 3628 1603 3679 ct

311 3721 455 3783 ablativus
476 3722 623 3802 producti.
662 3725 789 3784 ternaria
819 3732 865 3785 est
892 3726 1000 3795 torma,
1035 3728 1172 3806 quotiens
1199 3726 1395 3786 nominativus
1421 3724 1603 3783 accusativus

381 3963 443 4017 θοαὶ.
464 3964 543 4016 Bam.
561 3964 608 4012 Vll
626 3962 713 4014 5-6.
791 3963 954 4014 Isecundae
979 3978 1036 4014 esse
1110 3962 1260 4028 drumart]
1279 3964 1355 4015 ruodo
1430 3960 1603 4025 llpatriaum-

311 4033 442 4085 consultus
490 4033 698 4099 componimus
716 4049 731 4083 a
749 4033 863 4086 eudendo
881 4035 941 4083 dicti
960 4044 1109 4084 cssussunt
1127 4050 1174 4084 sex
1192 4050 1224 4084 ex
1242 4033 1283 4083 bis
1333 4032 1414 4085 sutis
1468 4030 1502 4081 10
1515 4031 1603 4080 analo-

311 4104 355 4168 gio
406 4102 439 4154 13
459 4118 622 4168 nonnumqua
639 4103 741 4167 oblique
792 4105 825 4156 14
848 4120 934 4153 casum
954 4120 1036 4155 rerum
1058 4102 1183 4155 iaciebant
1206 4104 1261 4153 illut
1284 4114 1345 4170 aput
1399 4102 1432 4153 17
1451 4112 1476 4151 et
1494 4113 1532 4151 est

313 4172 345 4225 18
363 4170 453 4239 eat]es
526 4174 557 4224 ltt
571 4183 596 4222 et
613 4189 659 4229 om,
730 4182 758 4223 ut
777 4176 873 4225 doctior
892 4174 935 4226 illo
955 4175 1053 4225 doctior
1075 4178 1106 4225 ab
1127 4175 1169 4226 illo
1240 4176 1271 4225 21
1290 4171 1347 4239 sex]
1370 4188 1402 4223 ex
1473 4170 1506 4220 23
1528 4168 1599 4237 quot]

312 4243 379 4307 quod
431 4244 465 4295 25
484 4246 629 4294 uarietatem
682 4243 716 4295 26
733 4245 793 4295 huic
810 4245 950 4296 aeueabuc
969 4260 1064 4297 aenean
1117 4245 1151 4295 ‘29
1169 4243 1277 4311 reliqua]
1298 4246 1369 4310 regio
1420 4243 1451 4295 ³1
1472 4250 1603 4307 correptae

382 4451 413 4501 11
429 4449 568 4503 abiaticum
587 4450 676 4503 Graeci
694 4468 743 4502 nou
762 4451 854 4502 babent
864 4454 901 4503 ud
916 4452 991 4503 umba
1003 4454 1098 4503 Donati
1112 4452 1145 4501 ab
1162 4456 1300 4515 interprete
1318 4450 1450 4516 adscripta
1465 4450 1601 4511 pertiuent.

312 4526 337 4569 et
353 4519 467 4580 sortasse
484 4522 547 4573 ltuec
564 4538 617 4573 otuu
632 4526 664 4574 iia
681 4538 746 4589 quae
763 4524 913 4573 antecedant
929 4526 966 4573 itu
981 4522 1156 4583 cohaerebunt,
1172 4529 1200 4571 nt
1215 4522 1263 4573 llce
1278 4522 1416 4570 caudunum
1429 4522 1514 4571 lemma
1524 4534 1603 4582 prue-

310 4591 430 4655 acrv'ptuov
452 4600 532 4654 esset,
555 4595 617 4644 recti
644 4591 813 4642 nominativus
833 4605 858 4643 et
879 4595 1024 4653 vocativus,
1045 4593 1136 4657 reliqui
1159 4590 1267 4655 obliqui:
1293 4590 1430 4641 ablativum
1447 4591 1533 4657 graeci
1552 4604 1603 4640 uon

313 4658 405 4709 babent
475 4662 508 4711 14
526 4664 594 4728 apud
613 4660 765 4729 Vergilium]
785 4664 848 4713 Aen.
868 4662 904 4711 Xl
923 4663 974 4715 tut
1045 4666 1078 4715 15
1098 4660 1287 4713 dicPutoollv'ua
1356 4662 1452 4724 equites
1469 4660 1605 4711 Palaebisca

383 4730 416 4781 18
431 4730 546 4793 sortasse
565 4733 735 4783 nominativus
758 4732 883 4781 ablativus
906 4742 930 4781 et
948 4735 1071 4798 septimus
1096 4746 1301 4793 nonnumquam
1323 4731 1431 4781 similem
1457 4730 1604 4797 exprimunt

313 4813 424 4860 sensum,
446 4807 471 4848 ut
494 4801 590 4852 doctior
607 4818 682 4866 quam
702 4802 752 4860 ille,
772 4802 870 4852 doctior
888 4802 941 4865 illo,
961 4803 1059 4852 doctior
1075 4804 1106 4852 ab
1121 4802 1173 4856 illo,
1196 4802 1243 4851 scd
1259 4801 1350 4852 deinde
1364 4800 1487 4867 quaedam
1501 4801 1535 4850 de
1553 4800 1605 4865 dis-

309 4863 422 4932 fereotlu
436 4869 541 4922 ablativi
554 4882 578 4923 et
594 4874 690 4939 septimi
705 4888 779 4922 cusas
792 4873 942 4923 adderent
