3525 5600
783 1205 806 1286 I

550 1357 614 1430 EX
640 1357 780 1430 LIBRO
806 1357 1033 1431 MACROBH

227 1529 295 1622 ltu
339 1528 775 1624 tilltttlttts
819 1530 885 1623 ll
929 1527 1367 1624 stutttttttlt

433 1693 635 1760 onnucr
664 1694 966 1776 carensque
993 1695 1155 1761 vunai
1340 1691 1344 1698 ⁴

715 1923 866 1930 *—

1129 2032 1151 2073 p.
1164 2021 1266 2061 ater—as
1279 2021 1312 2062 ed.
1328 2021 1414 2062 Putscb.

114 2099 127 2138 ⁵
231 2092 360 2153 Graecae
383 2092 550 2178 latinaeque
574 2091 691 2170 linguae
707 2093 980 2154 coniunctissimam
995 2094 1200 2169 cognationem
1217 2101 1320 2153 natura
1343 2093 1434 2152 dedit.
1454 2099 1500 2146 187
1514 2098 1544 2146 V.

140 2212 213 2254 nam
241 2202 272 2254 et
298 2194 393 2254 isdem
419 2195 564 2254 orationis
586 2193 722 2274 partibus
743 2193 866 2275 absque,
879 2193 1014 2264 articulo,
1044 2213 1132 2274 quern
1147 2194 1273 2255 Graecia
1295 2194 1356 2255 sola
1378 2212 1440 2254 sor·

139 2297 200 2356 lita
224 2303 278 2366 est,
303 2296 397 2356 isdem
413 2315 507 2377 paene
523 2295 780 2358 observationibus
797 2298 901 2374 figuris
916 2296 1189 2357 constructionibus
1205 2303 1329 2375 uterque
1344 2315 1442 2358 sermo

139 2397 355 2476 distinguitur,
374 2408 404 2459 ut
419 2399 632 2478 propemodum
659 2399 708 2478 qui
727 2401 871 2459 utramvis
894 2408 987 2460 artem
1008 2398 1149 2459 didicerit
1171 2398 1272 2459 ambas
1289 2397 1293 2479 Ι
1316 2400 1441 2459 noverit.

139 2503 172 2560 in
192 2499 306 2562 'multis
328 2509 426 2562 tamen
455 2500 597 2561 differunt
624 2509 654 2561 et
682 2500 826 2580 quasdam
853 2501 1051 2579 proprietates
1078 2499 1202 2570 habent,
1232 2519 1307 2579 quae
1335 2518 1441 2578 graece

102 2613 126 2652 1⁰
140 2602 286 2664 idiomata
310 2609 461 2663 vocantur.

140 2804 191 2850 DE
216 2802 407 2851 vuussonvu
429 2802 626 2862 VTRIVSQVE
648 2803 803 2851 nineven
830 2804 1078 2853 DIFFERENTIIS
1102 2804 1169 2851 VEL
1192 2802 1441 2852 soclurnrtssvs

231 2910 377 2973 Accidunt
410 2908 511 2971 verbis
532 2912 686 2991 utriusque
708 2911 825 2989 linguae
847 2928 973 2990 persona
997 2912 1114 2971 numeri
1136 2911 1230 2987 ligura
1253 2908 1440 2988 coniugatiol

140 3020 266 3092 tempus
288 3012 403 3083 modus,
427 3031 514 3092 quem
532 3012 636 3073 Graeci
654 3013 780 3073 enclisin
797 3022 911 3083 vocant,
934 3013 1033 3073 Latini
1049 3032 1116 3073 cum
1130 3014 1236 3073 lormis
1250 3013 1281 3071 in
1297 3011 1441 3091 qualitate

138 3122 319 3194 posuerunt,
342 3132 446 3192 genus,
469 3114 548 3194 quod
571 3114 648 3193 apud
664 3114 793 3175 Graecos
808 3115 954 3175 diathesis
974 3121 1172 3194 nuncupatur.
1201 3113 1326 3173 eandem
1347 3130 1441 3192 paene

99 3232 123 3271 ιτ
139 3236 214 3277 cum
237 3215 355 3277 casibus
376 3218 629 3277 constructionem
651 3224 779 3287 servant,
803 3225 836 3278 ut
857 3219 1004 3278 misereor
1020 3218 1110 3287 illius,
1133 3234 1223 3295 parco
1238 3215 1292 3284 illi,
1316 3233 1441 3274 veneror

138 3320 238 3389 illum,
262 3318 427 3399 φροντίζω
450 3314 563 3397 τοῦδε,
586 3318 746 3399 πείθομαι
768 3316 864 3402 τῷδε,
888 3319 977 3399 φιλῶ
997 3314 1106 3379 τόνδε.
1139 3318 1297 3378 ablativum
1314 3317 1438 3377 Graecia

138 3440 204 3481 non
220 3422 338 3501 recipit.
368 3420 472 3481 eadem
487 3420 548 3481 illis
562 3440 756 3501 personarum
774 3422 951 3483 similitudo:
976 3424 1071 3500 prima
1096 3439 1175 3489 voco,
1191 3419 1320 3479 secunda
1344 3439 1439 3487 vocas,

138 3525 234 3583 tertia
257 3529 349 3593 vocat,
379 3521 469 3583 καλῶ
492 3522 605 3595 καλεῖς
635 3523 741 3584 καλεῖ.
791 3527 822 3585 in
850 3525 984 3584 numeris
1007 3542 1065 3583 una
1094 3523 1240 3583 dissensio
1269 3529 1330 3590 est,
1363 3521 1441 3600 quod

138 3620 282 3703 dvtxdv,
304 3624 335 3685 id
359 3632 405 3685 est
426 3625 560 3694 dualem,
592 3626 671 3687 nulla
694 3625 824 3687 latinitas
846 3626 976 3696 admisit,
1000 3625 1107 3686 Graeci
1122 3643 1192 3685 vero
1215 3626 1246 3683 iu
1269 3623 1368 3683 verbis
1390 3642 1441 3683 no·

98 3738 127 3777 ²⁰
141 3726 339 3807 minibusque
363 3722 464 3787 dotted
487 3726 625 3787 videntur
647 3727 768 3789 babere.

691 3910 738 3956 Du
762 3910 901 3960 stitutus

229 4017 357 4095 Figurae
386 4016 531 4077 ambobus
558 4034 616 4075 non
644 4018 709 4076 sine
748 4017 930 4078 discretione
961 4035 1058 4097 pares.
1111 4035 1163 4076 uos
1191 4016 1318 4076 dicimus
1351 3999 1546 4080 eurro'ltsv.

138 4136 298 4198 percurro,
322 4118 365 4179 illi
387 4115 492 4198 τρέχω
515 4112 688 4198 decept-‘qm
733 4126 873 4197 quattuor
906 4138 1024 4200 quoque
1052 4119 1147 4178 modis
1175 4126 1205 4177 et
1234 4118 1306 4177 hacc
1334 4125 1365 4177 et
1391 4118 1440 4179 illa

138 4228 363 4299 conponuntur,
387 4240 424 4280 ex
446 4220 562 4281 duobus
586 4221 712 4297 integris
734 4221 875 4299 produco,
900 4240 936 4281 es
958 4224 1077 4298 integro
1099 4229 1128 4280 et
1150 4229 1291 4299 corrupto
1306 4222 1438 4298 perficio,

229 4412 257 4466 P
276 4412 370 4467 codex
392 4411 546 4467 Parisinus
569 4410 649 4467 7186

224 4514 249 4567 p
272 4498 355 4552 editio
375 4500 516 4567 princeps
540 4496 682 4568 Opsopoei
702 4514 729 4553 α.
754 4488 835 4553 1588

213 4730 321 4792 liquem
338 4744 356 4791 p
372 4730 461 4791 queP
531 4730 561 4782 ll
582 4745 691 4780 trncvns
706 4745 751 4779 om.
774 4732 797 4780 P
849 4730 882 4781 13
902 4731 927 4778 in
946 4730 1068 4793 qualitate
1086 4746 1143 4779 exe.
1165 4730 1231 4783 Bob.
1251 4729 1397 4794 qualitatem
1417 4730 1441 4779 P

215 4800 247 4849 14
267 4799 349 4848 Latini
375 4800 480 4849 cassidem
506 4814 586 4865 paene
606 4815 661 4850 curn
682 4800 784 4850 Graecis
810 4802 833 4849 in
858 4800 959 4861 casibus
984 4802 1196 4851 constructionem
1215 4810 1316 4849 servant
1336 4804 1440 4851 coniecit

139 4870 290 4934 Opsopoeus
361 4870 394 4918 lb
412 4866 498 4937 parco]
522 4883 598 4934 pareo
615 4886 633 4932 p
706 4870 738 4921 16
754 4867 939 4936 φιλωντωνδε
957 4871 982 4919 Ρ
