3525 5600
748 413 820 476 ntis
1341 423 1342 428 ’
1390 400 1429 468 15

1236 528 1258 570 p.
1273 515 1329 558 reor.
1344 517 1370 558 ss
1382 514 1405 556 r.

139 602 211 661 inita
234 600 386 662 absentes
431 601 488 662 boe
511 619 676 682 pronomen
699 603 850 682 idipsum
873 603 977 672 mittit,
1001 618 1062 662 uon
1084 601 1115 660 in
1137 597 1238 678 ipsud,
1262 614 1320 675 quo
1343 595 1431 657 modo

138 703 202 763 illud
225 710 255 763 et
277 703 365 764 istud.
404 720 473 763 uam
493 705 537 764 sic
551 703 696 782 Vergilius
718 704 807 773 dixit,
831 702 965 784 ‘adque
988 704 997 762 i
1005 704 1135 782 psum',
1160 718 1219 761 nou
1243 717 1296 779 per
1319 699 1363 758 d'.
1393 733 1427 742 —

138 805 223 864 ltem
246 803 470 866 articulare:
499 804 655 867 articulare
677 806 745 866 ideo
767 805 881 877 dicitur,
906 806 972 884 qnia
997 803 1111 865 articuli
1133 803 1223 863 buius
1245 801 1431 880 pronominis
1443 806 1502 869 367,
1515 807 1549 858 ³5

137 905 304 968 nominibus
326 908 558 984 coniunguntur.
604 926 672 968 narn
695 910 774 968 inter
795 905 935 992 articulos
958 913 988 966 et
1010 907 1186 984 pronomina
1209 903 1267 963 boo
1288 904 1429 964 interest:
1506 901 1508 912 '

117 1010 310 1087 spronomiua
332 1008 393 1069 sola
416 1007 617 1078 declinantur,
638 1008 753 1070 articuli
775 1009 868 1070 iuncti
886 1011 891 1082 1
911 1008 1095 1074 nominibus,
1120 1015 1153 1069 ut
1167 1005 1215 1068 bic
1237 1006 1378 1083 magister
1401 1011 1432 1064 et

136 1109 204 1170 baec
219 1111 320 1171 blusa:
343 1117 443 1190 potest
458 1111 555 1180 etiam,
572 1111 598 1171 si
620 1112 734 1172 nomini
756 1128 815 1172 non
838 1112 984 1188 iungitur,
1009 1108 1136 1190 aliquem
1160 1107 1380 1178 demonstrare,
1397 1113 1431 1166 ut

136 1210 251 1272 sidioas
266 1211 337 1272 ‘bic
351 1216 423 1272 est’.
443 1247 478 1256 -
502 1211 585 1272 llic:
608 1212 666 1273 boo
680 1231 848 1292 pronomen
864 1213 933 1274 dum
949 1219 1119 1292 correptum
1129 1211 1240 1287 luerit,
1264 1225 1429 1289 pronomen

137 1320 189 1383 est,
211 1313 284 1374 dum
309 1313 503 1393 productum,
527 1313 701 1376 adverbium
724 1325 779 1376 est.
823 1315 892 1376 ideo
921 1313 1080 1377 articulare
1101 1313 1333 1394 praepositivum
1357 1310 1429 1370 dici·
1538 1317 1545 1334 ⁸

136 1422 192 1484 tur,
222 1417 295 1494 quia
324 1418 518 1496 praeponitur
546 1417 667 1477 nomini.
715 1417 785 1478 dum
814 1417 889 1478 dieo·
909 1417 957 1477 bic
985 1417 1138 1494 magister,
1168 1415 1356 1494 praepositus
1387 1421 1431 1474 est

108 1517 275 1578 oardculus
299 1519 422 1579 nomini.
446 1553 487 1562 -
511 1514 574 1578 Vel
596 1517 946 1580 demonstrativum:
971 1517 1232 1578 demonstrativum
1255 1515 1337 1584 ideo,
1361 1516 1431 1594 quia

137 1619 266 1680 ridemur
281 1620 505 1689 demonstrare,
530 1619 601 1680 dum
622 1619 748 1682 dicimus
771 1621 839 1681 ‘bic
854 1624 928 1689 est’,
952 1629 984 1681 ut
999 1617 1146 1698 Vergilius
1168 1619 1246 1678 ‘hio
1269 1626 1338 1686 est,
1362 1617 1431 1678 tibi

136 1740 235 1800 quem
258 1723 434 1800 promitti
456 1723 607 1800 saepius
629 1722 761 1784 audis'.
788 1757 822 1766 —
845 1718 860 1806 ΙΙ
886 1720 1011 1784 liuius:
1036 1739 1106 1782 sane
1129 1719 1290 1781 notandum
1312 1720 1425 1798 geneti-
1439 1724 1472 1773 36

137 1843 197 1884 rum
218 1842 412 1885 communem
438 1842 506 1885 esse
533 1830 593 1884 tam
621 1823 783 1885 masculino
805 1843 892 1904 qnam
915 1823 1058 1884 feminino
1082 1821 1126 1883 vel
1148 1830 1265 1883 neutro.
1303 1819 1430 1882 dicimus

138 1928 209 1986 euim
230 1925 325 1986 buius
347 1927 403 1986 viri
424 1932 454 1986 et
475 1926 565 1988 buius
587 1925 723 1988 mulieris
745 1934 775 1988 et
795 1927 885 1988 buius
907 1927 1029 1987 scamni.
1057 1960 1094 1970 —-
1124 1923 1426 1998 Subiunotivum:
1440 1927 1528 1990 dous

107 2046 127 2086 n
138 2028 356 2089 subiunctivum
371 2027 481 2088 dictum
498 2037 610 2090 estant
629 2028 801 2098 relativum,
825 2027 903 2106 quod
920 2026 1108 2106 subiungitur
1124 2034 1173 2087 aut
1188 2027 1327 2088 refertur.
1362 2043 1430 2086 nam

135 2133 185 2190 ista
207 2132 389 2209 pronomina
410 2129 618 2192 articularibus
636 2135 641 2209 t
662 2130 868 2211 praepositivis
891 2128 1023 2191 subiecta
1046 2137 1123 2190 sunt.
1158 2147 1225 2190 nam
1248 2146 1316 2190 enm
1340 2127 1430 2189 verbo

136 2241 216 2294 tenus
235 2233 458 2309 interrogamus
481 2232 548 2293 ‘hic
567 2241 611 2294 est
632 2233 822 2310 magisterl’,
846 2231 1010 2313 respondes
1031 2232 1066 2292 is.
1091 2249 1159 2293 nam
1188 2233 1213 2292 si
1240 2230 1288 2291 bic
1308 2229 1428 2306 dixeris,

137 2335 270 2394 vitiosum
286 2341 342 2409 est
368 2367 403 2378 -
430 2333 532 2396 Eius:
557 2334 719 2395 notandum
735 2333 813 2412 quod
829 2336 983 2412 genetivus
998 2332 1136 2394 omnibus
1153 2331 1247 2394 tribus
1268 2330 1430 2410 generibus

138 2437 298 2496 communis
315 2442 368 2496 est.
394 2470 429 2478 —
454 2438 478 2497 Α
499 2455 569 2515 quo
590 2436 645 2497 vel
667 2455 682 2496 a
705 2437 780 2517 qui:
803 2435 945 2497 ablativus
961 2433 1120 2514 singularis
1136 2433 1244 2516 duplex
1261 2441 1321 2522 est,
1345 2435 1456 2495 ouiustt

106 2537 199 2598 stalis
220 2544 266 2599 est
286 2537 406 2616 regula,
437 2555 494 2616 qua
516 2547 545 2599 et
565 2538 724 2619 ablativum
745 2534 890 2618 pluralem
912 2535 1060 2616 duplicem
1081 2555 1096 2598 a
1117 2538 1183 2618 quis
1206 2535 1250 2598 vel
1273 2557 1289 2597 a
1312 2535 1429 2616 quibus,

137 2641 206 2701 sicut
225 2657 243 2700 a
265 2639 357 2701 docto
378 2639 488 2708 doetis;
510 2639 548 2700 ab
569 2661 605 2702 eo
620 2641 699 2720 quod
716 2650 761 2701 est
781 2658 797 2700 a
813 2641 864 2719 qni
885 2640 955 2701 lacit
970 2656 985 2698 a
1001 2637 1124 2718 quibus,
1147 2640 1253 2700 sicuta
1269 2637 1360 2700 nobili
1376 2657 1429 2699 no·

137 2739 248 2803 bilibus.
267 2777 305 2785 -
332 2741 436 2813 Quis:
461 2742 789 2822 nominativus'duplex
806 2751 851 2803 est
872 2743 927 2803 iste
951 2740 1118 2820 singularis.
1150 2739 1276 2803 dicimus
1299 2742 1378 2801 enim
1401 2748 1431 2801 et

138 2846 233 2922 ‘quis'
258 2852 290 2905 et
311 2845 379 2924 ‘qui
402 2848 475 2904 est'.
520 2846 573 2907 sed
596 2847 647 2926 qui
669 2847 837 2907 communis
858 2846 978 2907 numeri
1001 2850 1060 2913 est,
1088 2844 1155 2924 quis
1182 2844 1349 2905 communis
1371 2861 1430 2903 non

139 2952 186 3006 est
229 2966 310 3025 quae
337 2948 505 3007 communis
531 2948 650 3009 numeri
676 2955 737 3015 est,
767 2954 799 3007 ut
827 2965 902 3027 quae
930 2945 1037 3008 mulier
1066 2954 1191 3027 atquae
1213 2944 1361 3006 mulieres.
1389 2980 1424 2988 -
1442 2952 1472 3001 13

108 3048 225 3108 uitem
247 3049 484 3127 possessiva:
508 3050 676 3129 possessiva
698 3048 792 3118 dicta,
815 3051 883 3127 quia
906 3047 1058 3127 possident
1080 3066 1203 3115 nomem
1237 3047 1317 3107 linita
1341 3045 1427 3116 dicta,

139 3151 199 3228 quia
222 3152 411 3230 personativa
433 3159 512 3211 suut.
543 3149 652 3212 borum
674 3152 885 3231 pronominum
902 3158 1040 3231 quattuor
1061 3148 1155 3210 latera
1178 3156 1259 3210 sunt:
1279 3156 1334 3239 ⁴aut
1348 3156 1427 3209 utra-

139 3270 190 3329 que
207 3254 213 3325 Ι
230 3251 374 3331 pluralia,
397 3261 431 3314 nt
452 3255 561 3321 nostri;
584 3260 636 3312 aut
658 3261 784 3332 utraque
807 3252 977 3331 singularia,
1002 3260 1034 3313 ut
1056 3269 1155 3319 meus;
1180 3259 1229 3312 aut
1249 3252 1428 3313 intrinsecus

138 3352 243 3430 plurale
266 3364 297 3415 et
321 3356 507 3415 extrinsecus
529 3354 689 3433 singulare,
709 3365 741 3416 ut
756 3363 868 3423 vestem
892 3361 943 3415 aut
966 3356 1146 3415 intrinsecus
1167 3352 1316 3431 singulare
1333 3361 1362 3415 et
1377 3373 1427 3415 er-

140 3456 281 3517 triusecus
311 3454 439 3535 plurale,
469 3465 503 3517 ut
529 3459 597 3519 mei,
645 3455 711 3537 [aut
733 3476 769 3517 ex
799 3464 924 3535 utraque
952 3463 1036 3534 parte
1058 3456 1235 3533 possessiva,
1260 3455 1297 3515 ad
1320 3454 1428 3535 aliquid

109 3574 130 3612 n
141 3574 169 3616 se
182 3554 338 3628 babentia,
354 3556 479 3637 plurale,
497 3567 528 3619 ut
543 3560 655 3627 nostri,
671 3562 835 3632 soporare.
852 3567 884 3618 ut
899 3576 981 3617 mous
997 3555 1117 3637 codem]
1136 3592 1173 3601 -
1190 3556 1272 3618 lnter
1294 3566 1429 3619 nostrum

141 3664 166 3716 et
185 3666 357 3720 nostrorum
380 3660 438 3721 boo
459 3662 597 3721 interest:
621 3668 755 3721 nostrum
779 3660 816 3720 de
838 3658 925 3721 uobis
947 3662 1034 3740 ipsis,
1057 3653 1229 3722 nostrornm
1246 3658 1282 3720 de
1302 3659 1428 3721 bomini·

140 3759 190 3820 bns
210 3764 331 3822 uostris,
375 3763 419 3823 sic
443 3771 471 3822 et
493 3757 624 3824 vestrum
648 3769 677 3823 et
700 3771 875 3823 vestrorum.
1195 3748 1199 3761 ’

204 4001 266 4051 cod.
286 4001 367 4050 Bern.
389 4001 410 4048 ll
427 4000 531 4053 3-st
602 4000 614 4053 l
645 4017 694 4052 uon
727 3969 754 4051 in
783 4003 851 4067 ipsut
880 4002 1008 4066 qnovnorlo
1035 4002 1091 4051 illut
1118 4009 1142 4051 et
1170 4004 1232 4053 istut
1256 4018 1324 4058 ectr.
1353 4004 1429 4070 ipsud

141 4090 169 4103 —
187 4069 298 4119 illud—
316 4071 384 4121 istud
438 4072 535 4121 2sicut
587 4070 675 4138 perd]
697 4074 788 4137 perdat
839 4072 922 4123 {liter
940 4073 1100 4121 articularem
1118 4073 1430 4125 articulaideodicuntnr

33 4139 34 4160 ³
142 4138 195 4200 qoia
212 4140 319 4190 articula
340 4142 416 4191 buius
435 4142 592 4205 pronominis
606 4143 801 4208 pronominibus
816 4144 1006 4209 coniunguntur
1075 4144 1090 4193 7
1110 4140 1237 4193 (lisathio
1256 4144 1296 4193 hic
1314 4142 1362 4192 boe

141 4210 310 4260 &articularis
328 4212 494 4277 praepositio,
512 4219 541 4261 st
556 4213 662 4273 ridetur,
679 4228 748 4268 corr.
761 4213 836 4262 -num
908 4212 942 4263 10
958 4212 1172 4264 demonstratiuus
1190 4212 1248 4263 ideo
1321 4214 1352 4264 lt
1371 4227 1428 4277 pro·

142 4280 211 4327 minis
283 4282 433 4346 genetiuum
447 4296 521 4331 omne
540 4297 596 4332 esse
615 4297 631 4331 a
648 4284 788 4333 masculino
805 4298 880 4345 quum
899 4298 914 4331 a
932 4282 1053 4331 lemiuiuo
1123 4282 1155 4332 lo
1168 4283 1330 4349 subiungitur
1349 4293 1373 4331 et
1391 4298 1430 4333 re-

144 4346 217 4399 tertur
292 4351 323 4401 17
343 4348 376 4414 is]
393 4350 434 4400 his
484 4353 576 4402 dixerit
648 4352 680 4404 tn
699 4349 851 4418 communis]
872 4352 954 4401 omnis
1024 4350 1055 4401 21
1077 4351 1109 4401 ab
1126 4351 1166 4419 eo]
1186 4352 1267 4403 babeo
1338 4352 1371 4403 27
1388 4362 1430 4403 ant

144 4420 294 4471 extrinsecos
317 4418 399 4483 (corr.
424 4422 586 4483 intrinsecus)
608 4422 739 4489 singulare
763 4432 807 4473 ant
832 4436 856 4472 et
881 4434 1042 4475 exuruseeus
1066 4422 1164 4487 plurale
1182 4430 1208 4472 ut
1227 4424 1276 4473 mei
1347 4424 1380 4477 29
1398 4425 1429 4474 ad

33 5023 35 5067 l

144 4486 224 4551 aliquit
240 4506 270 4539 se
288 4492 391 4541 vibentis
461 4492 496 4542 30
514 4493 643 4559 singulare
659 4508 706 4545 om,
778 4494 809 4545 31
829 4504 944 4545 nostrum
962 4492 994 4545 de
1010 4491 1154 4542 bominibus

204 4698 221 4745 2
240 4696 383 4764 Vergilius]
406 4698 469 4748 Aen.
491 4698 568 4749 1486
584 4708 662 4763 utque
680 4701 764 4765 ipsum
778 4716 870 4766 corpus
890 4700 963 4750 amici
1037 4700 1066 4752 11
1085 4698 1223 4765 Vergilius]
1242 4700 1306 4751 Aen.
1327 4698 1361 4749 Vl
1380 4698 1430 4751 793

208 4765 398 4832 lagenorum
417 4780 577 4818 communem
595 4784 653 4819 esse
671 4779 721 4820 tam
739 4773 879 4820 masculino
897 4786 971 4835 quam
988 4770 1110 4821 feminino
1127 4772 1258 4823 Panotios
1312 4772 1344 4823 19
1362 4787 1431 4821 com·

147 4836 223 4885 munis
240 4846 279 4885 est
297 4838 419 4903 Hesperus
486 4839 601 4903 sortasse
619 4840 691 4890 euius
709 4841 767 4890 talis
784 4851 823 4891 est
840 4842 943 4907 regula,
962 4855 1025 4904 quae
1042 4852 1067 4891 et
1085 4840 1221 4891 ablativum
1241 4842 1362 4907 pluralem
1382 4842 1430 4893 du·

147 4904 232 4969 plieem
250 4904 319 4973 lecit,
335 4924 350 4958 a
368 4910 426 4975 qais
445 4911 483 4960 vel
501 4927 516 4960 n
534 4911 636 4977 quibus.
665 4912 697 4961 nb
715 4926 745 4961 eo
764 4911 831 4977 qnod
850 4920 890 4963 est
906 4926 922 4963 a
941 4926 990 4975 qno
1009 4910 1069 4961 lacit
1087 4912 1154 4977 quis,
1173 4913 1238 4961 sicut
1255 4927 1270 4963 u
1286 4915 1361 4963 docto
1380 4920 1428 4969 etc.
1457 4930 1462 4937 ·
