3525 5600
739 468 810 530 ARS
1354 463 1418 530 355

1218 587 1241 630 p.
1253 576 1355 618 2037-39
1367 576 1392 616 P.

150 658 279 724 retinent,
308 663 339 717 vrt
363 656 510 716 iltretubus
533 657 630 736 potins
659 675 745 738 quarn
775 657 912 718 llrretibus
940 657 1048 717 dicant.
1094 657 1146 716 scd
1174 657 1204 717 id
1233 657 1416 718 consuetudo

149 757 316 838 inprobavit,
345 777 440 836 neque
470 761 500 818 in
529 759 596 819 aliis
623 759 807 834 nominibus,
836 779 924 840 quam
952 759 1005 819 ubi
1031 767 1077 819 est
1104 759 1281 836 ambiguitas
1303 760 1416 819 discer-

150 860 246 929 nenda,
270 863 432 929 retinetur,
457 869 490 921 ut
512 860 549 920 ab
572 861 627 920 boc
649 869 714 922 artu
737 861 836 922 biset
859 861 896 922 ab
918 863 966 921 his
988 861 1113 921 artubus
1136 857 1143 943 1
1168 868 1283 922 retenta
1305 881 1324 921 u
1347 862 1416 922 etie-

149 981 248 1031 ramuS,
277 980 314 1022 ne
342 969 420 1022 artes
449 965 546 1042 potius
575 981 662 1042 quam
691 969 772 1024 artus
802 964 912 1024 dixisse
935 963 1096 1023 videamur.
1140 982 1342 1044 quaecumque
1365 984 1416 1024 no·

129 1067 216 1124 sunna
238 1062 366 1124 ablativo
388 1083 458 1125 casu
480 1065 624 1142 singulari
647 1067 657 1124 i
680 1066 779 1125 littera
802 1067 914 1126 laverint
936 1066 1107 1133 terminata,
1132 1067 1295 1141 genitivum
1316 1064 1416 1144 plura-

149 1167 196 1226 lem
227 1167 257 1224 in
289 1167 365 1235 irmr,
399 1166 530 1227 dativum
563 1174 592 1227 et
621 1166 780 1228 ablativum
809 1170 839 1226 in
869 1167 924 1227 bns
952 1169 1088 1235 mittunt,
1118 1174 1150 1226 ut
1178 1167 1215 1226 ab
1242 1168 1298 1227 bac
1325 1171 1416 1246 puppi

148 1269 241 1328 harum
262 1269 405 1347 puppium
429 1268 476 1328 bis
500 1276 529 1328 ct
551 1268 587 1328 ab
610 1269 657 1328 lris
680 1268 838 1349 puppibus
883 1269 972 1330 datur
998 1278 1096 1328 tamen
1125 1269 1173 1328 bic
1200 1269 1343 1348 qumdam
1366 1269 1417 1328 ob-

148 1371 276 1436 servatio,
306 1389 381 1448 quae
411 1370 520 1448 dirigat
549 1369 691 1432 indicium
720 1379 868 1440 nostrum,
903 1371 1047 1451 siquando
1075 1369 1198 1430 dubirmr
1227 1379 1285 1440 est,
1320 1378 1418 1432 utrum

148 1469 280 1531 ablativus
303 1471 462 1548 singularis
486 1475 495 1532 i
518 1491 555 1532 an
578 1493 594 1532 e
623 1473 729 1534 debeat
757 1476 928 1542 terminari,
959 1475 1089 1552 itemque
1112 1480 1211 1533 utrum
1234 1476 1418 1535 accersativus

119 1593 138 1632 ro
148 1573 295 1650 singularis
319 1575 349 1632 in
373 1576 412 1632 im
436 1592 472 1634 an
496 1577 606 1635 inem.
651 1594 717 1635 nam
746 1577 825 1636 siin
849 1576 1045 1635 diminutione
1068 1575 1191 1655 ultimae
1214 1574 1345 1654 syllabae
1367 1595 1416 1634 vo-

148 1675 210 1735 ralis
232 1693 247 1734 a
269 1677 447 1736 nominativo
476 1678 598 1738 veniens
625 1677 812 1756 producitur,
841 1677 913 1738 iacit
941 1680 1113 1754 contingere
1142 1679 1173 1736 in
1201 1683 1326 1755 utroque
1349 1695 1418 1737 casn

148 1778 337 1856 iponendnm
365 1797 446 1846 esse,
481 1785 514 1837 ut
541 1780 613 1840 haee
642 1781 734 1839 turris
761 1779 920 1848 turricula,
950 1799 983 1839 ae
1011 1780 1135 1859 perinde
1164 1798 1180 1838 a
1209 1780 1286 1838 turri
1313 1779 1418 1839 turrim

149 1880 247 1939 iacere.
285 1879 362 1958 quod
386 1881 411 1938 si
439 1899 496 1940 non
519 1881 693 1960 producitur
717 1882 839 1950 voeatis,
864 1890 897 1942 ut
919 1882 990 1941 trare
1013 1883 1128 1944 securis
1150 1880 1325 1949 seemirula,
1348 1888 1419 1939 tunc

149 1983 238 2040 lacere
261 1981 403 2041 debemus
419 2001 433 2042 a
450 2002 554 2042 secure
577 2001 722 2043 securem.
760 1983 812 2042 sed
835 1985 875 2044 ita
899 1983 1081 2043 consuetudo
1104 1990 1133 2043 et
1156 1978 1317 2042 auotoritas
1338 1983 1419 2040 varie

119 2089 244 2142 neontra
265 2083 320 2142 hoc
342 2092 468 2162 pugnat,
500 2093 530 2144 ut
553 2085 687 2164 plerique
711 2087 742 2145 io
764 2085 818 2145 bac
841 2093 926 2165 parte
949 2085 1073 2146 dubium
1095 2086 1225 2144 dixerint
1247 2082 1419 2144 ablativum.

149 2192 220 2243 certe
241 2192 269 2245 et
290 2187 341 2264 qui
365 2185 523 2247 ablativum
547 2189 555 2246 i
579 2187 843 2256 litteraellerunt,
873 2191 1032 2266 septimum
1060 2205 1161 2246 casum
1183 2187 1219 2246 ad
1242 2206 1258 2246 e
1281 2179 1421 2263 redig'uut

150 2286 301 2346 interdum:
332 2286 474 2364 Virgilius
500 2291 634 2367 ‘puppi
668 2291 723 2348 sie
752 2289 853 2350 latur
881 2289 923 2350 ab
951 2290 1058 2357 alta'‚
1087 2289 1223 2349 Lucanus
1251 2289 1419 2348 ‘deserta

150 2407 257 2467 puppe
278 2390 487 2464 magister’.
533 2391 601 2450 lieet
631 2396 659 2448 et
686 2392 784 2468 ipsum
806 2393 965 2469 septimum
992 2409 1092 2450 casnm
1120 2392 1248 2458 varient,
1280 2391 1419 2450 ‘classe

150 2491 228 2549 volvo
259 2493 425 2559 meeum’‚
459 2491 670 2552 ‘advectum
704 2495 858 2554 demeum
892 2493 1035 2552 elassi'.
1080 2494 1112 2550 in
1146 2491 1199 2550 bae
1232 2492 1334 2567 regula
1362 2493 1420 2552 duo

119 2610 216 2651 torrova
242 2591 392 2660 accidunt,
423 2611 528 2660 111111111,
552 2593 629 2672 quod
653 2594 752 2656 lacere
775 2598 975 2654 accusativum
1003 2593 1146 2674 pluralem
1175 2594 1206 2651 in
1230 2594 1255 2650 is
1278 2593 1418 2674 syllabam

149 2693 330 2770 rorrpellitur,
355 2711 413 2771 quo
436 2694 551 2754 scilieet
572 2694 713 2755 diseretio
735 2697 774 2756 sit
796 2698 876 2756 inter
900 2699 995 2775 ipsum
1018 2696 1215 2755 accusativum
1237 2701 1266 2752 et
1287 2697 1419 2754 nomina·

149 2795 231 2855 tirrmr
253 2804 281 2855 et
304 2797 482 2866 vocativum,
507 2797 556 2875 qui
580 2798 694 2858 similes
717 2808 785 2859 sunt
807 2802 996 2880 frequentem
1019 2796 1112 2866 alind,
1129 2795 1207 2875 qnod
1223 2800 1421 2856 accersativum

149 2916 254 2975 (petoque
281 2896 463 2973 singularem
491 2900 521 2957 in
551 2878 600 2958 im
619 2900 764 2978 syllabam
791 2920 880 2981 saepe
904 2908 1077 2969 commutat,
1101 2907 1135 2958 ut
1157 2899 1279 2977 puppim
1300 2901 1421 2958 messim

150 3002 243 3059 restim
269 3000 368 3078 potius
402 3018 488 3077 quam
521 3018 650 3080 puppem
684 3022 810 3063 messem
845 3012 1013 3082 restemque
1047 3002 1188 3061 dieamus.
1234 3018 1289 3059 nce
1323 3010 1421 3061 tamen

117 3108 280 3179 vsperpetua
310 3108 356 3160 est
383 3101 455 3160 haee
483 3101 606 3179 regula.'
640 3121 707 3163 nam
736 3106 930 3165 inveniuntur
951 3104 1096 3183 quaedam
1124 3103 1242 3161 nomina
1265 3101 1353 3162 aliter
1375 3105 1420 3163 in·

150 3202 246 3263 elinata
268 3205 298 3262 in
322 3204 453 3278 genitivo
482 3204 605 3282 plurali,
635 3212 668 3264 ut
690 3204 726 3265 ab
749 3206 804 3294 boe
827 3207 909 3283 vigili
931 3206 1039 3285 pugili,
1064 3206 1169 3264 borum
1192 3204 1315 3280 vigilum
1336 3208 1421 3284 pugi·

149 3303 219 3373 lmn;
245 3322 318 3383 quae
340 3304 407 3363 duo
436 3305 568 3382 analogia
592 3308 670 3365 inter
693 3326 724 3365 se
748 3308 876 3376 conlert,
902 3310 1035 3385 quamvis
1058 3306 1178 3383 regulae
1200 3323 1259 3365 uon
1281 3308 1420 3366 serviant.

224 3406 259 3465 lit
288 3407 427 3485 quorriam
456 3404 492 3464 de
521 3409 650 3482 genitivu
679 3408 788 3486 plenali
821 3411 851 3468 in
879 3411 941 3469 inm
969 3416 1095 3469 ererrute
1122 3410 1234 3467 mentio
1261 3408 1337 3467 lacta
1366 3417 1420 3477 est,

149 3506 310 3567 adiciendae
340 3514 409 3567 sunt
437 3510 606 3569 necessario
634 3509 708 3570 aliae
736 3509 810 3569 rluae
839 3511 974 3587 regulae,
1003 3530 1057 3590 per
1084 3528 1157 3589 (peras
1179 3509 1259 3569 idem
1281 3508 1336 3569 lroe
1358 3510 1421 3589 ple·

116 3624 262 3688 eorumque
284 3611 404 3669 evenire
426 3611 615 3671 manifestum
643 3620 698 3671 est.
744 3630 800 3671 una
830 3620 890 3681 est,
914 3615 1051 3691 quotiens
1073 3614 1269 3671 nrrnrinativus
1291 3611 1421 3686 singula·

149 3710 274 3770 risnel
297 3730 312 3771 s
335 3710 444 3771 litteris
466 3714 657 3773 terminatur:
687 3722 748 3773 tum
772 3716 852 3774 enim
875 3716 1022 3791 genitivus
1044 3708 1178 3793 planabis
1200 3714 1368 3772 necessario
1392 3716 1421 3773 in

147 3812 204 3869 ium
225 3814 296 3881 exit,
325 3819 359 3871 ut
386 3811 435 3871 hie
462 3832 546 3872 nurus
568 3814 672 3875 horum
696 3818 853 3883 montium,
884 3834 985 3875 amans
1008 3818 1179 3875 amantium.
1223 3832 1298 3892 quae
1320 3814 1422 3891 regula

148 3930 201 3971 oon
229 3932 374 3993 peraeque
403 3924 515 3973 manet:
546 3934 612 3975 nam
641 3918 738 3977 inians
766 3919 913 3978 intantum
940 3920 1020 3978 lacit.
1066 3916 1121 3977 alia
1144 3923 1188 3974 cst
1211 3916 1326 3993 regula,
1349 3934 1421 3994 quo·

148 4014 219 4073 tiens
239 4013 367 4075 ablativo
389 4034 459 4075 casu
481 4017 625 4093 singulari
647 4018 789 4077 leminina
812 4022 932 4080 nomina
955 4027 1092 4097 correpta
1108 4037 1123 4077 e
1141 4017 1239 4078 littera
1261 4020 1421 4077 temrinau·

211 4250 409 4303 breteuendau
429 4254 461 4303 M
511 4256 619 4304 danus
635 4253 747 4318 pdixisse
763 4254 788 4304 B
858 4253 944 4319 anic]
965 4255 1024 4304 inde
1045 4256 1076 4305 M
1145 4256 1175 4305 ll
1196 4254 1349 4318 producatur
1367 4254 1422 4303 BL

214 4321 243 4370 12
259 4324 404 4387 ponendum
423 4324 561 4373 eieutBL
630 4340 659 4373 ae
676 4324 767 4374 deinde
786 4341 801 4373 a
818 4326 879 4374 turri
900 4326 987 4374 turrim
1002 4326 1065 4375 solet
1082 4325 1163 4373 iacere
1179 4324 1212 4373 M
1280 4322 1311 4374 13
1329 4324 1423 4387 proda-

148 4391 276 4441 oatarBL
326 4393 359 4443 16
375 4402 442 4443 certe
461 4402 484 4441 et
502 4393 685 4455 quiaLeerte
701 4394 821 4455 qnemM
873 4394 905 4443 17
923 4394 1048 4459 Virgilius
1068 4410 1114 4445 oar.
1126 4394 1170 4443 M:
1191 4396 1269 4458 Verp.
1283 4392 1348 4445 Aen.
1364 4394 1422 4441 Vlll

150 4458 194 4508 115
245 4476 328 4528 puppe
345 4462 378 4511 M
428 4463 459 4511 ab
479 4462 528 4511 atta
545 4462 571 4512 B
589 4462 620 4511 ab
637 4464 687 4511 alta
707 4462 754 4511 abl'
776 4462 951 4513 Lablatiunm
970 4463 1001 4511 M
1054 4460 1182 4529 [aroanna]
1202 4464 1321 4514 Pbareal.
1343 4464 1353 4510 1
1372 4464 1420 4512 ool

213 4530 243 4580 lii
258 4534 355 4581 uariant
372 4542 399 4582 ut
412 4531 480 4581 elasa
497 4534 542 4581 M:
566 4535 643 4596 Verp.
661 4532 725 4585 Aen.
746 4534 755 4581 l
775 4530 827 4583 3711
899 4532 931 4583 19
947 4541 971 4580 et
984 4534 1115 4583 advectum
1132 4532 1176 4581 M:
1192 4535 1271 4597 Verp.
1287 4532 1353 4581 Aen.
1366 4532 1423 4580 Vlll

150 4599 177 4646 ll
259 4600 320 4652 elaai
338 4600 370 4650 M
457 4591 489 4652 21
508 4602 670 4669 interipsum
690 4610 714 4651 et
732 4603 915 4652 nominatiuum
935 4613 960 4651 et
978 4604 1123 4653 noeatiuum
1143 4604 1172 4650 tri
1189 4604 1231 4664 qni
1250 4601 1346 4651 similes
1364 4611 1423 4649 sunt

149 4666 258 4729 frequent
274 4670 298 4719 B
367 4672 401 4721 22
419 4670 563 4735 frequenter
581 4688 626 4721 orn.
648 4672 680 4721 M
684 4672 708 4719 L
778 4673 848 4722 aliud
866 4687 967 4737 quoque
986 4673 1054 4736 quod
1072 4673 1245 4721 accersatiuum
1267 4672 1421 4735 singularem

149 4736 172 4783 iu
190 4738 198 4784 i
216 4739 293 4789 littera
306 4756 383 4807 saepe
399 4740 455 4790 BL
525 4742 559 4793 23
577 4742 665 4792 mesine
682 4740 714 4789 M
768 4744 814 4792 ·24
838 4757 932 4790 mesem
950 4742 983 4790 M
1049 4743 1082 4791 25
1100 4742 1172 4791 aliter
1186 4742 1309 4791 declinata
1324 4742 1358 4790 M

148 4806 244 4857 2711110
263 4824 307 4860 ora.
326 4810 370 4860 M:
390 4813 424 4875 es.
446 4811 544 4866 etam.
559 4828 588 4873 p.
612 4810 670 4872 136,
689 4812 723 4863 22
740 4810 834 4861 Plinius
853 4812 941 4861 eodem
960 4813 1023 4862 libro
1041 4813 1075 4859 vt
1093 4812 1150 4860 ‘hie
1163 4812 1258 4875 mogit⁷
1277 4811 1366 4872 iuquit,
1382 4817 1423 4861 ‘ut

149 4875 218 4939 pugil
236 4888 258 4927 et
275 4879 413 4945 vigtl'etc.
485 4880 519 4932 29
536 4882 689 4930 adterendae
706 4881 739 4931 M
806 4882 839 4931 32
853 4882 992 4931 amantium
1010 4891 1096 4931 eontra
1112 4882 1218 4945 quaeB
1288 4880 1321 4931 33
1338 4890 1423 4929 manet

149 4955 175 4995 ut
187 4945 306 4997 inlautum
325 4965 380 4999 nam
400 4952 455 5001 BL
525 4950 558 5001 34
578 4952 741 5001 terminantur
761 4952 889 5017 genitiuus
906 4952 1010 5019 pluralis
1026 4953 1051 5000 iu
1070 4956 1123 5003 ium
1141 4953 1193 5003 exit
1212 4956 1238 4999 ut
1257 4958 1330 5001 noete
1351 4950 1422 5001 clade
