3525 5600
313 354 377 420 262
883 356 1037 420 POllPllll

339 479 361 520 p.
375 467 464 507 ssu-sa
477 465 499 504 r„

315 546 421 615 delicit,
445 563 515 606 osus
536 545 607 608 lacit
627 545 788 624 praeterito
811 551 956 624 tempore.
999 545 1052 608 sed
1076 566 1113 608 ne
1137 547 1270 610 videatur
1292 553 1393 610 tamen
1415 547 1498 628 quasi
1518 545 1599 610 abso·

313 667 385 710 num
408 667 474 710 esse
495 655 526 708 et
547 647 671 717 durum,
693 664 839 727 conpone,
862 656 892 710 et
913 648 1047 709 invenies
1069 650 1211 712 usitatum
1232 668 1313 720 esse,
1332 668 1451 712 exosus
1471 669 1600 731 pmesus.

315 747 450 830 dilcimus
472 751 551 812 enim
575 749 696 811 ecarosus
718 767 784 812 sum
800 749 883 812 illum
899 751 1074 822 homiuem,
1099 755 1236 832 ‘perosus
1251 771 1319 813 sum
1333 750 1418 814 illurn
1433 751 1599 814 hominom’.

314 870 387 931 ergo
407 849 501 913 habes
523 850 647 914 verbum
668 851 861 923 defectivum,
884 852 942 914 hab
984 861 1120 916 stamen
1147 853 1247 933 aliqua
1273 854 1437 934 participia.
1481 853 1519 914 da
1539 872 1601 914 ser·

300 933 384 1016 'bum
413 955 530 1036 penitus
557 973 618 1016 non
647 953 838 1023 defectivum,
870 955 950 1036 quod
977 957 1135 1017 tamenin
1164 955 1320 1035 participio
1348 954 1457 1017 deficit
1506 956 1625 1018 studeo-¹»
1708 1020 1712 1031 ,

315 1055 471 1119 studebam
494 1055 681 1126 studueram
705 1057 736 1118 in
759 1057 924 1136 participiis
946 1064 1047 1119 tamen
1069 1057 1168 1119 delicit
1184 1057 1372 1139 [studueram
1390 1057 1471 1119 enim
1485 1055 1604 1120 dicimus

315 1154 511 1241 praeterito];
535 1176 595 1220 non
618 1157 745 1220 dicimus
768 1159 945 1229 studiturus,
968 1176 1058 1220 nemo
1081 1158 1163 1222 dicit

196 1272 256 1329 ιιι,
270 1271 303 1322 37
401 1261 492 1323 Sunt
499 1256 596 1338 aliqua
618 1261 773 1341 participia
796 1278 872 1339 quae
893 1260 1031 1322 videntur
1053 1280 1121 1324 esse
1141 1262 1297 1342 participia
1319 1268 1349 1324 ct
1369 1280 1432 1323 non
1451 1271 1523 1324 sunt
1542 1280 1605 1342 par·

197 1341 428 1470 5³fss¹pffticipiu
458 1369 529 1424 sunt
557 1360 654 1440 aliqua
677 1381 755 1443 quae
778 1361 915 1424 videntur
937 1381 998 1424 non
1020 1381 1087 1426 esse
1109 1365 1264 1444 participia
1293 1371 1324 1425 et
1351 1371 1421 1426 sunt
1442 1365 1606 1446 participia;

315 1472 434 1528 tenuem
457 1463 668 1526 discretionem
690 1463 802 1526 habent
816 1465 882 1527 ista.
914 1463 1121 1528 discernamus
1143 1484 1226 1545 ergo,
1249 1483 1339 1546 quern
1360 1465 1398 1528 ad
1420 1464 1542 1528 modum
1561 1465 1647 1539 illaur

315 1566 523 1646 intellegamus
546 1563 591 1628 vel
620 1584 710 1646 quem
737 1566 773 1627 ad
796 1567 918 1628 modum
939 1565 1000 1628 illa.
1044 1585 1113 1630 ecce
1141 1569 1292 1630 tunicatus
1312 1567 1460 1648 galeatus.
1495 1567 1606 1647 quando

316 1669 443 1732 dicimus
465 1670 615 1731 tunicatus
637 1667 778 1747 galeatus,
802 1668 941 1730 videntur
963 1687 1030 1730 esse
1052 1670 1216 1750 participia.
1260 1677 1290 1731 et
1311 1687 1345 1731 re
1366 1686 1451 1732 vera:
1479 1687 1550 1733 nam
1569 1671 1609 1732 sic

317 1782 363 1834 est
384 1771 532 1832 tunicatus
554 1768 695 1848 galeatus,
720 1787 809 1848 quem
832 1769 869 1831 ad
893 1770 1015 1835 modum
1036 1773 1159 1834 restitus
1180 1771 1332 1841 laudatus;
1366 1771 1493 1834 vestitus
1513 1778 1608 1834 antem

318 1881 349 1935 et
369 1871 507 1934 laudatus
529 1873 682 1952 participia
705 1881 782 1934 sunt.
828 1873 881 1934 sed
909 1875 966 1934 ista
986 1882 1088 1934 tamen
1115 1892 1176 1936 nou
1203 1883 1331 1954 possunt
1356 1892 1424 1936 csse
1451 1875 1609 1955 participia.

318 1975 389 2054 qnid
411 1975 503 2052 ergot
536 1977 655 2036 nomina
679 1983 750 2036 sunt
772 1973 996 2038 similitudinem
1023 1975 1247 2057 participiorum
1274 1974 1423 2038 habentia
1466 1977 1548 2040 unde
1567 1978 1642 2040 in-rs

318 2077 486 2155 tellegimns
513 2077 633 2138 nomina
656 2095 738 2147 esse,
768 2095 828 2139 non
857 2077 1035 2157 participis?
1071 2081 1213 2156 quoniam
1241 2075 1372 2140 arerbo
1394 2095 1456 2139 non
1479 2081 1610 2147 veniunt:

319 2197 407 2241 nemo
430 2178 502 2240 dicit
524 2179 632 2248 tunice,
656 2197 744 2240 nemo
767 2179 839 2243 dicit
859 2177 954 2260 galeo.
983 2197 1056 2259 ergo
1079 2179 1148 2242 talia
1168 2187 1241 2243 sunt
1261 2188 1292 2241 et
1312 2178 1371 2250 illa,
1394 2179 1504 2260 placita
1524 2189 1612 2261 nupta

318 2281 498 2362 triumphata
520 2288 653 2360 regnata.
687 2297 849 2343 namecca
870 2281 1025 2362 participia
1046 2291 1157 2345 suntet
1177 2284 1250 2351 ista;
1275 2281 1329 2344 sed
1351 2300 1440 2345 nemo
1462 2281 1536 2344 dicit
1554 2282 1629 2363 pta,

319 2402 405 2454 coer,
434 2400 523 2444 nemo
553 2381 623 2444 dicit
650 2381 748 2446 nrsbor
778 2383 950 2464 triumphor
978 2401 1098 2463 regnor.
1124 2381 1129 2464 1
1155 2403 1228 2463 ergo
1249 2401 1311 2446 non
1332 2403 1350 2445 a
1371 2384 1465 2446 verbo
1487 2386 1613 2446 veniunt

319 2485 391 2564 quid
414 2485 505 2563 crgo?
535 2483 661 2548 dicimus
682 2487 738 2546 ista
761 2488 881 2548 nomina
904 2504 971 2547 esse
992 2503 1048 2566 pro
1069 2487 1235 2567 participiis
1256 2487 1361 2569 posita,
1383 2485 1435 2548 illa
1461 2486 1646 2566 participia»)

320 2607 387 2648 esse
413 2605 469 2668 pro
497 2579 668 2648 nominihus
695 2589 802 2667 posita.
848 2605 908 2666 quo
930 2587 1035 2656 modo,
1064 2607 1132 2650 cnm
1154 2607 1212 2650 una
1239 2591 1281 2652 sit
1305 2588 1480 2667 significatio
1510 2595 1543 2649 et
1563 2605 1615 2647 nec

319 2687 392 2752 illud
415 2708 432 2750 a
452 2687 544 2750 verbo
566 2689 672 2760 veniat,
695 2707 752 2750 nec
773 2687 847 2751 illud
870 2707 888 2750 a
909 2688 1003 2750 verbo
1024 2689 1137 2760 veniat,
1159 2689 1233 2752 illud
1255 2691 1448 2770 participium
1469 2697 1523 2759 est,
1546 2687 1615 2749 illud

321 2791 449 2854 nornen?
483 2798 527 2853 est
548 2789 646 2871 aliqua
668 2789 808 2855 diseretio
831 2811 908 2872 quae
930 2791 988 2854 hoc
1010 2800 1158 2864 secernat,
1180 2805 1214 2855 ut
1228 2810 1373 2872 agnoscas
1387 2800 1476 2873 puta,
1500 2790 1616 2871 quando

322 2902 369 2955 cst
389 2894 510 2973 penitus
532 2912 669 2969 nornen.¹
692 2894 744 2957 sed
766 2901 866 2957 tamen
889 2895 1022 2974 speciem
1047 2895 1196 2975 participii
1223 2894 1330 2965 habet,
1371 2893 1492 2973 quaudo
1519 2901 1616 2955 autern

322 3013 383 3057 non
406 3003 452 3057 est
472 2995 591 3075 penitus
613 3014 732 3067 nomen,
756 2996 809 3059 sed
831 2998 1030 3077 participium.
1069 3003 1220 3058 ettamen
1241 2994 1443 3059 iliadicimus
1464 2997 1649 3076 participles

323 3116 404 3167 esse;
437 3096 487 3159 illa
518 3096 643 3159 dicimus
670 3099 826 3178 participia
853 3116 915 3160 non
937 3116 1018 3169 esse,
1052 3116 1128 3177 quae
1155 3098 1236 3161 nulla
1257 3100 1375 3161 ratione
1397 3097 1522 3161 verbum
1544 3098 1617 3161 rcci-

324 3202 418 3280 piunt,
441 3218 498 3263 nec
519 3218 605 3262 suum
629 3217 684 3261 nec
712 3199 842 3263 alienum
870 3199 1005 3261 verbum.
1049 3201 1151 3263 tunice
1177 3202 1311 3264 tunicor:
1344 3201 1419 3263 istae
1447 3210 1520 3265 sunt
1546 3201 1618 3263 duas

325 3300 547 3371 declinationes,
571 3301 658 3372 dicit;
681 3302 734 3365 sed
758 3303 857 3365 tunico
880 3320 941 3364 non
962 3320 1084 3381 possum
1105 3302 1207 3365 dicere
1228 3321 1284 3364 nec
1306 3302 1435 3371 tunicor,
1457 3320 1515 3365 nec
1537 3302 1620 3382 galee

326 3422 381 3465 nec
403 3401 514 3482 galeor.
559 3412 698 3467 neutrum
720 3403 845 3467 verbum
865 3404 988 3485 recipit:
1022 3423 1079 3465 nec
1107 3402 1188 3466 illam
1211 3402 1440 3466 declinationem
1461 3422 1620 3484 possumus

325 3506 396 3567 dare
420 3524 475 3567 nec
496 3504 578 3567 illam
601 3505 839 3570 declinationem.
884 3525 956 3586 ergo
978 3505 1083 3579 modo,
1111 3506 1251 3584 quonum
1279 3524 1336 3568 nec
1362 3504 1439 3568 illud
1468 3522 1526 3567 nec
1547 3503 1653 3572 illuds
1717 3579 1718 3582 Ἴ

325 3613 423 3687 potest
445 3626 526 3678 esse,
556 3616 586 3669 et
612 3627 674 3671 non
696 3610 847 3690 recipiunt
869 3628 925 3670 nec
946 3608 1040 3679 aliud,
1069 3609 1189 3670 nemina
1211 3616 1282 3670 sunt
1302 3610 1397 3687 magis
1418 3626 1510 3688 quarn
1532 3608 1621 3687 parti·
1717 3663 1718 3672 ,

326 3712 417 3792 cipia.
452 3711 590 3789 quoniam
619 3728 717 3792 neque
746 3709 858 3773 hahere
886 3718 1012 3791 possunt
1038 3710 1183 3789 originem
1209 3711 1270 3780 sui,
1304 3728 1403 3790 noque
1418 3717 1558 3790 ,possunt
1578 3706 1621 3770 rel
1717 3765 1718 3774 ,

326 3810 446 3873 aliunde
473 3812 619 3892 originem
647 3814 766 3876 ducere.
812 3814 1006 3875 econtrario
1034 3812 1086 3875 illa
1113 3830 1192 3890 quae
1213 3820 1370 3883 secuntur,
1399 3812 1511 3893 placita
1531 3819 1622 3890 napta
1717 3841 1718 3876 1

325 3913 522 3995 triumphata,
545 3914 616 3977 licet
637 3933 697 3977 non
720 3913 850 3977 habeant
871 3916 993 3996 propris
1015 3914 1122 3985 verba,
1144 3914 1224 3975 unde
1246 3922 1421 3985 nascantur,
1444 3913 1559 3979 habent
1579 3922 1621 3975 ta·
1717 3957 1718 3960 ,

325 4034 395 4078 men
417 4018 527 4087 ricino,
556 4016 635 4079 unde
663 4017 809 4096 originem
839 4024 967 4079 sumant.
1013 4035 1081 4079 nam
1109 4015 1207 4081 nuber
1233 4035 1294 4079 non
1316 4016 1400 4087 dico,
1429 4017 1513 4081 nubo
1537 4015 1619 4083 dico;
1633 4040 1655 4081 as

325 4119 446 4199 placeor
468 4137 528 4181 non
551 4117 632 4189 dico,
653 4116 657 4199 Ι
676 4118 779 4199 placeo
795 4117 876 4187 dico;
904 4136 1015 4198 regnor
1036 4138 1097 4181 non
1119 4118 1201 4188 dico,
1226 4135 1319 4197 regno
1342 4118 1424 4189 dico;
1453 4118 1622 4199 triumphor

326 4238 388 4283 non
410 4220 485 4289 dico,
510 4218 661 4301 triumpho
682 4227 782 4283 tsmsn
803 4219 881 4284 dico.
917 4220 985 4284 ideo
1007 4238 1080 4300 ergo
1101 4220 1243 4283 dicuntur
1265 4222 1385 4301 penitus
1406 4220 1458 4283 illa
1481 4239 1548 4283 esse
1570 4238 1625 4281 no·

327 4324 422 4393 mina,
454 4322 596 4409 'quoniam
626 4340 682 4383 nec
710 4320 798 4384 ullam
830 4326 961 4403 speeiem
989 4323 1116 4393 habent3
1152 4323 1227 4386 haec
1253 4332 1355 4387 autem
1378 4342 1444 4386 esse
1465 4323 1624 4403 participia

326 4426 391 4485 sine
413 4422 529 4494 verbis,
556 4423 588 4485 id
617 4431 662 4485 est
689 4424 753 4487 sino
781 4442 817 4486 ea
838 4428 953 4507 specie,
981 4424 1062 4487 uude
1090 4424 1202 4486 dehent
1228 4427 1374 4504 originem
1395 4425 1523 4496 ducere,
1555 4423 1623 4485 ideo
1717 4417 1718 4466 l

328 4528 467 4604 quoniam
490 4524 535 4587 vel
558 4544 575 4587 a
597 4526 692 4588 vicino
715 4527 860 4607 originem
882 4526 1015 4589 trahunt.
1055 4544 1126 4606 ergo
1148 4528 1224 4607 siqui
1246 4526 1301 4589 tibi
1323 4526 1402 4591 dieat
1422 4544 1550 4609 pransus
1572 4544 1620 4587 ce·
1634 4556 1657 4594 u

398 4714 663 4767 duodenorum}
698 4714 729 4767 11
743 4712 860 4781 galeatus
873 4686 1120 4776 sedqusndoABG
1152 4714 1345 4767 addicemusc
1379 4711 1625 4781 attumulatus
1717 4779 1718 4784 Ἰ

329 4782 403 4835 Aac
435 4783 470 4834 25
484 4784 529 4835 sed
541 4782 705 4849 participium
718 4783 795 4835 habet
807 4792 831 4835 et
844 4792 928 4835 umen
938 4783 1012 4835 ABG
1045 4784 1247 4837 itimtionemA
1282 4784 1316 4837 31
1330 4800 1382 4835 non
1390 4783 1561 4851 recipiscunt
1574 4796 1625 4834 non

331 4852 421 4917 recipit
434 4852 486 4903 AB
521 4852 841 4919 magismn.AB‚odd.d
877 4853 912 4907 35
929 4853 1328 4919 proceleumaticorum
1372 4855 1408 4907 tu
1419 4855 1460 4905 nel
1473 4854 1556 4905 uicino
1569 4851 1626 4903 AB
