3525 5600
247 1213 472 1308 33333333
500 1213 555 1307 33
581 1211 746 1308 3331333
773 1210 1087 1308 3333333333
1115 1211 1159 1306 u
1185 1197 1401 1308 3333333·
1501 1222 1538 1271 0

710 1589 758 1650 uu
780 1587 927 1652 uouruu
1125 1617 1129 1623 ·
1207 1617 1436 1671 ,anunm

258 1708 355 1780 Quare
386 1708 536 1769 inchoavit
565 1708 694 1769 Donatus
724 1725 739 1767 3
771 1711 890 1769 numine
923 1715 954 1768 et
980 1725 1040 1770 uon
1073 1725 1088 1766 a
1121 1705 1233 1776 littera,
1265 1726 1332 1768 cum
1365 1705 1414 1768 alii
1446 1725 1462 1766 a

183 1809 269 1870 littera
292 1811 499 1870 inchoassent?
523 1810 626 1870 Sciens
652 1810 784 1871 Donatus
811 1811 876 1888 quia
904 1817 933 1868 et
958 1811 1020 1889 ipsa
1044 1809 1140 1869 littera
1164 1827 1273 1868 nornen
1296 1816 1372 1878 erat,
1395 1805 1463 1866 ideo

160 1911 319 1973 sineboavit
340 1931 356 1973 3
379 1914 498 1973 nomine
521 1922 550 1973 et
572 1930 631 1972 non
654 1932 670 1972 a
693 1912 799 1973 littera.
845 1911 909 1982 Quo
931 1911 1037 1972 modo?
1059 1911 1131 1972 Puta
1155 1913 1180 1971 si
1202 1927 1347 1971 assumam
1371 1927 1463 1969 unum

182 2033 295 2084 nomen,
324 2013 422 2075 divido
446 2013 517 2075 iilud
540 2032 596 2094 per
623 2013 771 2095 syllabam}
794 2012 898 2076 ultima
920 2011 1030 2093 syllaba
1053 2031 1129 2093 quae
1150 2014 1343 2081 remanserit,
1367 2010 1463 2071 divido

180 2116 253 2176 illam
281 2134 333 2196 per
361 2116 489 2186 litteras,
518 2115 615 2176 littera
644 2118 924 2196 quaeremanserit
956 2115 1047 2176 dividi
1080 2134 1139 2176 uon
1171 2123 1271 2195 potest
1298 2120 1333 2174 et¹
1356 2132 1463 2174 nomeu

182 2226 229 2278 est.
273 2215 340 2278 ideo
362 2237 377 2278 3
402 2219 520 2280 nomine
542 2217 689 2279 inchoavit
717 2225 746 2278 et
773 2236 833 2278 non
862 2237 878 2278 a
908 2217 1016 2278 littera.
1052 2253 1086 2260 —
1116 2217 1253 2278 Nomen
1281 2215 1464 2294 quidest?

180 2320 263 2380 Pars
294 2321 479 2381 orationis
514 2339 591 2380 cum
631 2338 733 2381 casu:
780 2320 845 2391 Quo
878 2319 966 2380 modo
999 2337 1069 2398 pars
1101 2321 1245 2380 orationis
1277 2337 1344 2379 cum
1376 2318 1464 2378 casui

151 2441 171 2478 n
182 2421 248 2481 Pars
269 2419 424 2482 locutionis
446 2441 512 2483 cum
535 2441 613 2484 casu.
659 2421 852 2494 Quomodo?
891 2421 964 2493 Ouia
993 2424 1126 2501 quamvis
1153 2422 1330 2482 deiectivum
1352 2422 1390 2478 sit
1411 2437 1463 2479 no-

181 2541 257 2592 rnen,
285 2525 348 2584 sine
378 2542 448 2584 casu
478 2543 544 2584 esse
573 2543 632 2584 non
660 2531 767 2604 potest.
812 2522 901 2586 habet
929 2525 1008 2583 enim
1036 2531 1087 2583 aut
1113 2541 1204 2585 unum
1233 2532 1284 2584 aut
1312 2523 1387 2583 duos
1414 2529 1464 2581 aut

180 2623 371 2704 ntrantoelibet
393 2625 429 2686 de
452 2627 514 2685 istis
536 2644 587 2686 sex
611 2625 755 2704 casibus¹
779 2625 876 2696 Quare
896 2624 969 2685 dixit
990 2627 1078 2704 ‘pars
1099 2627 1242 2686 orationis
1264 2644 1332 2686 cum
1354 2624 1463 2686 casu'i

181 2728 246 2798 Ouia
268 2745 343 2808 puer
364 2727 434 2788 iude
457 2726 678 2807 ambiguitatem
700 2726 803 2798 babet,
834 2745 869 2786 eo
893 2725 972 2806 quod
994 2731 1165 2808 pronomini
1188 2736 1217 2789 31
1238 2728 1393 2809 participio
1415 2745 1463 2810 ca·

179 2849 225 2890 sus
253 2830 403 2900 accidunt,
432 2831 508 2891 sicut
536 2836 565 2890 et
593 2831 714 2891 nomini.
760 2830 831 2891 dicit
858 2831 1017 2910 Pompeius
1043 2830 1149 2911 ‘plane
1177 2834 1254 2891 scire
1280 2829 1373 2890 debes
1396 2829 1464 2906 quia

149 2932 226 3009 requi
247 2931 371 3009 aliquam
394 2950 458 2994 rem
482 2930 584 2993 definit
606 2932 644 2993 ita
668 2930 756 2993 debet
777 2932 916 3001 delinire,
949 2938 980 2992 ut
1003 2942 1032 2993 et
1053 2934 1147 3012 ipsam
1169 2952 1233 2994 rem
1256 2934 1410 3012 exprimat,
1435 2936 1464 2989 et

180 3050 193 3091 3
216 3036 321 3094 ceteris
343 3034 432 3096 rebus
455 3036 602 3113 seiungat,
629 3036 666 3094 ita
692 3040 723 3094 ut
745 3036 827 3113 prius
850 3032 928 3094 dicat
947 3032 1025 3113 quod
1049 3054 1207 3095 commune
1230 3044 1287 3104 est,
1311 3041 1341 3093 et
1362 3042 1464 3113 postea

180 3134 253 3212 qttod
276 3138 429 3215 proprium
454 3141 527 3198 est'.
574 3144 603 3197 et
631 3136 761 3198 Donatus
789 3136 865 3197 banc
887 3135 1021 3214 regulam
1043 3154 1164 3197 servans
1185 3119 1273 3217 prius
1290 3135 1364 3195 dixit
1385 3130 1464 3213 quod

180 3254 330 3297 commune
355 3244 414 3307 est,
439 3247 468 3299 et
489 3246 590 3318 postea
614 3238 692 3317 quod
715 3240 869 3317 proprium
894 3247 947 3298 est.
977 3238 1047 3298 dum
1063 3238 1136 3299 dixit
1157 3240 1244 3299 ‘cum
1260 3241 1359 3308 casu',
1382 3254 1463 3321 rotra-

179 3356 290 3399 munem
314 3357 378 3399 rem
407 3340 494 3410 dixit,
524 3342 593 3421 quia
622 3340 790 3419 pronomini
819 3346 847 3399 et
874 3340 1031 3418 participio
1054 3358 1137 3400 casus
1159 3340 1312 3410 accidunt,
1336 3340 1413 3400 sicut
1435 3345 1465 3397 31

148 3442 299 3501 3333333131.
329 3440 381 3500 sed
404 3448 437 3501 ut
458 3440 538 3502 illam
561 3442 596 3503 ad
619 3443 832 3522 proprietatem
855 3440 1049 3520 perduceret,
1073 3442 1144 3503 dixit
1167 3444 1295 3524 ‘corpus
1311 3449 1361 3503 aut
1377 3442 1464 3510 rem’‚

180 3559 251 3621 quae
273 3548 388 3603 tantum
411 3542 498 3603 modo
520 3546 633 3605 nomini
655 3544 806 3614 accidunt,
837 3559 896 3602 non
925 3542 989 3603 aliis
1011 3542 1110 3605 rebus.
1144 3544 1223 3606 unde
1245 3543 1354 3612 ludar,
1378 3541 1465 3601 ‘dell-

179 3645 248 3703 uitio
270 3642 341 3723 quid
364 3645 427 3705 est?
451 3646 544 3705 oratio
567 3664 641 3726 quac
664 3644 692 3705 id
717 3644 753 3705 de
769 3661 827 3722 que
849 3647 1003 3724 quaeritur
1025 3655 1128 3727 aperte
1150 3646 1293 3708 describit
1315 3652 1345 3705 31
1367 3644 1464 3705 deter-

179 3747 279 3815 minat,
308 3752 341 3807 ut
368 3754 441 3827 puta
469 3749 493 3807 si
521 3766 646 3827 quaeras
674 3767 690 3808 3
718 3766 780 3818 me,
810 3746 879 3827 quid
905 3749 945 3808 sit
972 3748 1078 3818 bomo,
1107 3746 1309 3829 respondebo,
1339 3745 1465 3808 ‘animal

178 3845 315 3908 rationale
338 3846 462 3908 mortale
483 3850 562 3910 risus
584 3852 704 3929 capax’.
734 3849 803 3910 dum
827 3848 900 3909 dixit
922 3849 1075 3920 ‘animal'‚
1098 3870 1287 3911 communem
1303 3868 1366 3911 rem
1382 3849 1462 3916 dixit,

145 3952 243 4029 asquia
272 3968 358 4011 omne
388 3949 465 4030 quod
494 3952 561 4011 vivit
588 3960 618 4011 et
645 3970 699 4031 per
726 3970 759 4011 se
788 3959 924 4012 movetur
950 3970 1040 4032 super
1068 3960 1179 4013 terram
1207 3951 1314 4013 animal
1341 3952 1463 4012 dicitur:

179 4070 242 4111 nam
266 4050 388 4129 arbores
411 4060 440 4112 et
462 4061 560 4112 cetera
588 4052 755 4114 inanimalia
776 4065 946 4125 moventur,
975 4055 1027 4115 sed
1050 4074 1110 4116 non
1132 4072 1168 4114 ex
1191 4074 1238 4124 se,
1267 4056 1325 4115 nisi
1346 4072 1361 4113 3
1385 4061 1464 4113 tactu

179 4163 224 4212 aut
245 4152 374 4233 impulsu
398 4152 553 4215 cuiuslibet
573 4156 627 4215 rei.
666 4154 736 4216 dum
760 4154 832 4215 dixit
855 4156 1044 4226 ‘rationale',
1061 4158 1225 4235 segregavit
1237 4155 1274 4215 ab
1289 4154 1464 4217 animalibus

177 4252 282 4326 brutis,
305 4262 336 4317 31
357 4252 414 4315 1333
437 4254 522 4327 dixit,
541 4257 619 4337 quod
642 4276 798 4319 commune
822 4257 912 4318 babet
933 4259 1022 4320 homo
1044 4278 1110 4319 cum
1134 4258 1259 4338 angelis,
1277 4260 1343 4336 qrria
1366 4254 1463 4335 angeli

219 4498 370 4562 ,11331113
393 4499 524 4556 Romane
547 4518 575 4555 3.
600 4499 681 4558 1797
705 4517 720 4557 3
743 4504 842 4579 codiee
863 4500 999 4557 Palatino
1023 4494 1104 4558 1746
1127 4516 1269 4575 expresso

240 4665 257 4714 u
277 4680 323 4729 per
341 4663 456 4729 syllabas
473 4692 507 4703 —
526 4665 595 4715 illam
614 4682 660 4720 om.
677 4668 708 4729 11,
727 4668 788 4719 add.
809 4668 834 4717 B
905 4668 936 4717 ll
957 4664 1044 4731 babet]
1065 4667 1153 4717 babuit
1169 4669 1193 4717 11
1265 4670 1296 4718 lt
1316 4666 1463 4733 Pompeius]

176 4732 307 4795 1390331.
328 4735 406 4788 Lind.
494 4734 582 4802 debes]
607 4737 722 4787 (13133111
793 4740 822 4787 ’21
845 4736 958 4786 delinitio
974 4764 1006 4773 —
1021 4737 1055 4787 23
1073 4739 1140 4787 risun
1157 4753 1239 4803 capax
1257 4754 1292 4787 ear
1305 4739 1419 4788 Audacia
1432 4740 1464 4788 de

178 4810 231 4853 arte
248 4805 508 4869 9333333333111333,
536 4810 578 4871 pul
596 4815 633 4857 eat
650 4809 675 4857 in
693 4808 779 4857 codiee
797 4807 925 4857 Beraeuei
942 4806 994 4859 336
1017 4816 1041 4857 31
1060 4809 1216 4872 l'ra‘ainpenaa'
1231 4810 1282 4858 234
1299 4810 1381 4872 petita
1405 4818 1465 4859 3331

241 4873 635 4942 24331133313]33113331)11311
706 4878 893 4928 admoneant
913 4878 1158 4929 Berrorrebuuturli
1229 4879 1385 4929 nisiadaetu
1404 4880 1429 4929 B
