3525 5600
296 329 360 394 noc
865 328 1019 393 rourun
1072 289 1076 298 ’

321 453 343 495 p.
357 442 447 483 ore—m
460 439 483 480 u.

296 532 356 585 tam
379 521 429 583 diu
451 529 520 583 sunt
541 520 704 601 participia,
729 529 818 598 quam
840 515 891 579 diu
913 536 973 579 non
994 519 1145 598 recipiunt
1166 517 1424 598 conparationem
1452 535 1516 580 cum
1536 537 1582 580 re

298 625 441 706 ceperint,
466 625 540 684 liunt
561 623 691 684 nomina.
735 623 877 684 incensus
899 622 1092 700 praeteritum
1113 627 1232 703 tempus
1254 627 1313 690 est3
1342 627 1481 701 acceptus
1500 640 1583 702 prae·

298 730 417 790 teritum
445 733 564 805 tempus
592 734 647 786 est.
692 741 764 803 ergo
793 732 933 804 acceptus
961 730 991 784 et
1012 725 1153 785 incensus
1174 725 1295 785 nomina
1315 731 1396 786 suut.
1442 725 1584 804 acceptior

299 839 329 892 et
349 830 514 899 incensior,
543 829 601 894 iam
629 845 689 888 non
718 845 735 888 a
756 827 922 906 participiis
944 834 1009 888 orta
1030 835 1100 887 sunt
1120 825 1195 887 haec
1216 825 1291 896 duo,
1318 825 1371 887 sed
1394 832 1462 886 orta
1482 835 1550 888 sunt
1569 845 1584 887 a

300 933 428 994 nornine.
764 987 775 1010 ,
1597 943 1609 982 s

383 1033 447 1096 Hoc
468 1030 548 1112 quod
570 1030 642 1094 dicit
671 1029 731 1092 noli
757 1029 801 1092 illi
829 1030 969 1092 credere:
999 1029 1072 1092 dicit
1097 1029 1236 1094 adverbia
1263 1028 1301 1092 de
1324 1047 1358 1090 se
1380 1029 1480 1091 tacere
1501 1033 1587 1109 parti·

300 1137 376 1218 cipia
399 1133 447 1216 [ut
470 1146 515 1196 est
536 1133 703 1196 scribenter
730 1131 890 1214 legenter}
935 1151 995 1194 non
1023 1141 1069 1194 est
1094 1151 1214 1202 verum,
1242 1131 1295 1193 sed
1325 1139 1396 1193 tunc
1424 1129 1482 1193 hoc
1509 1131 1589 1194 nobis

300 1244 425 1320 possunt
447 1243 600 1318 praestare
622 1232 776 1312 adverbia,
805 1237 941 1316 quotiens
962 1233 1076 1299 ducunt
1103 1237 1250 1314 originem
1271 1253 1290 1296 a
1310 1235 1489 1316 participiis,
1517 1252 1589 1312 quae

300 1341 455 1422 participia
478 1339 623 1417 originem
646 1337 758 1399 ducunt
780 1357 796 1398 a
819 1339 949 1400 nomine.
984 1344 1018 1398 ut
1039 1339 1117 1417 siqui
1139 1338 1218 1400 dicat
1238 1332 1454 1418 indulgenlter:
1475 1336 1590 1418 quando
1701 1360 1702 1419 p

301 1443 368 1504 dico
390 1440 589 1520 indulgenter,
613 1458 672 1502 non
696 1439 797 1500 videor
819 1441 965 1519 originem
988 1438 1108 1502 duxisse
1130 1439 1218 1502 liuius
1240 1438 1373 1500 adverbii
1398 1438 1436 1500 ab
1458 1458 1494 1502 eo
1515 1440 1590 1520 quod
1601 1455 1621 1492 1⁰
1701 1428 1702 1513 l

302 1553 348 1607 est
369 1543 540 1624 indulgens,
568 1541 598 1602 id
621 1550 667 1604 est
694 1561 711 1603 a
734 1543 906 1622 participio,
938 1540 990 1603 sed
1013 1561 1030 1602 a
1052 1543 1182 1604 nominc.
1227 1559 1295 1604 nam
1325 1543 1433 1623 recipit
1453 1559 1590 1622 conpara·
1701 1520 1702 1609 l

302 1649 422 1718 tionem,
444 1643 655 1724 indulgentior.
701 1652 731 1705 et
752 1654 786 1706 ut
808 1645 884 1707 scias
906 1661 1010 1705 verum
1033 1663 1114 1714 osso,
1138 1662 1248 1725 quaere
1270 1645 1476 1724 participium,
1498 1642 1529 1705 id
1551 1654 1593 1706 est

303 1768 367 1810 rem
390 1767 450 1810 non
478 1748 680 1832 recipientem·
695 1748 952 1826 conparationem,
976 1745 1053 1808 aude
1075 1746 1146 1808 inde
1168 1745 1267 1808 lacere
1290 1745 1471 1808 adverbium.
1516 1746 1592 1807 uude

304 1860 428 1931 apparet
450 1851 592 1931 quoniam
614 1867 674 1910 non
697 1848 833 1910 ducimus
855 1847 994 1910 adverbia
1016 1848 1074 1909 nisi
1095 1867 1112 1910 a
1134 1849 1256 1910 nomine
1277 1845 1382 1930 [orta].
1413 1847 1493 1910 unde
1512 1867 1592 1910 error

306 1961 353 2015 est
374 1954 515 2033 quoniam
537 1950 574 2013 de
597 1951 760 2034 participiis
782 1958 946 2012 nascuntur
969 1948 1117 2012 adverbia.
1233 2016 1237 2022 ,
1604 1963 1624 2003 1⁵

1701 3631 1703 3682 l

1701 3727 1702 3782 l

773 2121 823 2184 DE
845 2067 1123 2184 CONIVNCTIONE

207 2265 296 2330 418,4
393 2243 566 2304 Coniunctio
589 2248 723 2322 estpars
746 2243 891 2303 orationis
912 2242 999 2312 dicta,
1022 2239 1101 2321 quod
1116 2243 1277 2320 coniungat
1292 2241 1500 2304 elocutionem.
1531 2260 1595 2302 nam

190 2335 248 2398 515,
262 2334 375 2408 itideo
398 2344 475 2406 dicta
499 2344 681 2406 coniunctio.
724 2343 899 2405 naturaliter
931 2345 1010 2404 euim
1033 2351 1134 2406 nostra
1162 2344 1259 2404 oratio
1285 2341 1432 2404 dissidens
1453 2350 1484 2404 ct
1504 2343 1597 2404 soluta

308 2456 360 2519 est,
386 2466 441 2508 nco
463 2454 561 2528 potest
583 2448 613 2507 in
636 2449 831 2508 concitionem
854 2447 955 2507 renim
977 2447 1035 2508 nisi
1056 2447 1240 2526 interpositis
1260 2444 1318 2506 illis
1332 2443 1496 2526 particulis.
1526 2464 1598 2524 quae

307 2548 470 2631 particulae
501 2551 527 2611 si
554 2568 613 2612 non
645 2550 758 2612 luerint
783 2549 992 2628 interpositae,
1026 2549 1138 2610 iaciunt
1165 2547 1369 2610 soloecismos.
1419 2549 1498 2629 siqui
1524 2548 1628 2610 dicato

269 2688 271 2694 ·
309 2653 381 2732 ‘ego
403 2659 435 2713 tu
459 2655 589 2722 camus’,
613 2670 674 2714 non
698 2659 742 2714 est
769 2651 871 2731 plena·
885 2653 942 2712 ista
964 2648 1106 2719 elocutio;
1142 2651 1194 2711 sed
1222 2652 1247 2712 si
1269 2652 1441 2730 interponas
1463 2659 1509 2720 et,
1531 2651 1598 2712 lacis

309 2752 427 2835 plenam
455 2751 668 2824 elocutionem,
700 2753 730 2815 id
760 2761 804 2815 cst
830 2753 904 2815 tacis
933 2745 1037 2833 ὑφέν,
1068 2752 1099 2815 id
1129 2762 1174 2815 est
1201 2755 1372 2815 continuam
1394 2753 1596 2815 elocutionem.

311 2862 400 2937 atque
427 2855 497 2918 huic
523 2858 569 2919 rei
597 2857 765 2919 contrarius
794 2864 840 2918 est
866 2852 918 2917 ille
950 2863 1068 2936 tropus,
1103 2856 1262 2936 asyndetos
1291 2854 1408 2937 [dicunt
1440 2856 1598 2937 asyndeton

310 2966 431 3038 tropum
452 2956 576 3039 unum];
601 2960 659 3019 iam
682 2956 800 3019 videtur
822 2966 926 3019 contra
948 2960 1187 3021 coniunctionem
1209 2977 1276 3021 esse
1297 2957 1348 3021 hic
1368 2958 1537 3039 asyndetos,

1373 3062 1440 3133 ite,
1610 3070 1631 3111 ὅ

464 3163 561 3224 terte
584 3163 651 3224 citi
673 3160 858 3232 flammas,
882 3160 967 3223 date
988 3160 1080 3232 tela,
1102 3160 1280 3242 inpellite
1302 3160 1454 3245 remos!

221 3300 223 3309 .
314 3282 385 3326 ecce
414 3264 471 3326 hoc
500 3263 565 3327 loco
593 3263 673 3326 nulla
701 3264 871 3326 coniunctio
901 3271 960 3339 est,
994 3273 1023 3325 et
1050 3273 1149 3344 potest
1174 3272 1254 3325 stare
1285 3260 1413 3325 elocutio
1441 3265 1508 3326 sine
1535 3282 1600 3325 oon·

312 3368 473 3447 iunctione.
505 3384 575 3445 crgo
598 3374 698 3447 potest
719 3366 784 3427 fieri
807 3364 1021 3446 utaliquando
1043 3367 1120 3428 desit
1141 3367 1319 3429 coniunctio.
1353 3364 1433 3427 aliud
1457 3375 1503 3429 est
1518 3366 1604 3453 verba

314 3467 470 3548 copulare,
500 3466 577 3532 aliud
606 3478 652 3531 est
680 3485 801 3531 sensum
830 3465 979 3547 copulare.
1030 3467 1121 3531 verba
1154 3469 1219 3531 sine
1246 3469 1456 3531 coniunctione
1485 3469 1601 3532 omnino

315 3588 380 3633 esse
409 3588 470 3632 non
497 3579 634 3651 possunt,
668 3587 774 3633 sensus
800 3571 865 3631 siue
893 3570 1103 3632 coniunctione
1134 3588 1200 3633 esse
1232 3577 1340 3650 potest.
1390 3571 1508 3649 quando
1540 3570 1633 3632 utcoo

315 3674 384 3742 itte,
408 3671 484 3733 terte
507 3674 557 3735 citi
578 3672 722 3741 dammas,
746 3672 813 3735 date
828 3672 895 3744 tela,
918 3670 1054 3751 inpellite
1071 3679 1194 3743 remos’‚
1218 3660 1433 3736 videor'verba
1454 3692 1515 3736 non
1538 3690 1602 3735 con·
1701 3693 1702 3724 t

315 3774 453 3853 iungere,
478 3776 531 3836 sed
554 3794 675 3837 sensum
698 3776 888 3853 coniungere.
935 3772 1001 3854 [aut
1021 3773 1111 3835 verba
1134 3793 1195 3836 noo
1216 3776 1385 3856 coniungit,
1412 3776 1466 3837 sed
1486 3794 1603 3838 sensum
1701 3789 1702 3872 ἦ

316 3868 478 3955 coniungit.
525 3894 585 3939 nou
612 3878 701 3939 modo
731 3876 768 3937 de
795 3878 960 3939 conexione
987 3874 1147 3938 verborum
1169 3878 1281 3956 agitur,
1310 3877 1363 3939 sed
1385 3878 1423 3939 de
1445 3879 1603 3939 conexione

316 3976 446 4059 sensus]
480 3996 548 4041 nam
571 3978 677 4057 singuli
699 3998 805 4041 sensus
827 3978 909 4060 pleni
930 3986 1012 4040 sunt:
1043 3978 1139 4041 ‘terto
1161 3979 1210 4039 citi
1232 3980 1393 4050 llammas’‚
1416 3980 1546 4060 inpletus
1565 3988 1605 4040 est
1701 3995 1702 4000 ’

317 4097 437 4150 sensus3
461 4080 542 4141 ‘date
565 4079 643 4152 tela',
667 4081 796 4161 inpletus
818 4089 864 4141 est
878 4100 998 4149 sensus;
1020 4080 1165 4161 ‘inpellite
1186 4088 1308 4152 remos‘,
1330 4082 1462 4165 inpletus
1484 4091 1636 4145 scisco-³⁵

318 4201 377 4244 sus.
423 4198 482 4260 quo
505 4189 639 4263 tempore
661 4183 715 4245 tihi
736 4182 807 4245 licet
828 4182 984 4245 detrahere
1006 4184 1250 4245 coniunctiones?
1278 4203 1337 4264 quo
1360 4195 1497 4265 temporo
1511 4193 1604 4266 potest
1701 4235 1702 4264 ,

229 4364 233 4381 .
318 4284 382 4345 lieri
405 4292 438 4344 ut
459 4290 574 4347 remoto
596 4284 646 4347 illo
668 4303 757 4347 sensu
780 4293 838 4347 stet
859 4304 964 4347 seusus
986 4288 1038 4366 qui
1059 4285 1247 4366 relinquitur.
1279 4288 1470 4348 econtrario
1492 4286 1604 4367 quando

389 4541 478 4591 lenm
493 4543 637 4607 reciperent
653 4539 679 4589 A
748 4539 841 4591 ddioit
854 4544 998 4604 posteriorc
1016 4544 1071 4591 loeo
1089 4557 1136 4595 orn.
1155 4542 1188 4606 A,
1208 4543 1269 4596 odd.
1289 4541 1323 4592 a*
1394 4540 1545 4607 8quottenr
1561 4544 1604 4593 dn·

320 4618 379 4659 cunt
398 4612 522 4677 originem
538 4627 553 4661 a
571 4610 703 4677 participio
723 4611 811 4677 Ano,
825 4626 872 4661 om.
889 4611 911 4661 G
994 4610 1011 4660 o
1028 4613 1163 4678 participia
1179 4612 1205 4663 ia
1222 4614 1328 4663 litterae
1404 4610 1438 4664 13
1455 4614 1523 4664 aude
1537 4608 1601 4678 inde]

320 4689 363 4729 eut
378 4680 469 4729 deinde
487 4681 571 4733 ABG
626 4680 660 4733 23
679 4682 816 4747 asyndeton
834 4680 979 4744 (esindetos
997 4680 1031 4743 Β)
1049 4682 1137 4733 dicunt
1154 4683 1269 4733 osindete
1281 4683 1339 4733 AB
1356 4698 1507 4735 eorrarroo
1525 4682 1605 4733 dicitnr
1701 4719 1702 4754 p

320 4750 479 4801 aorudeteC
547 4752 580 4801 24
598 4766 676 4801 unum
694 4766 740 4801 om.
760 4752 800 4811 A,
817 4751 877 4802 odd.
891 4767 909 4799 a
961 4748 1381 4819 estoetVerp.Aen.11uooo
1441 4753 1477 4805 26
1494 4752 1605 4819 inpellcte
1701 4761 1702 4812 ξ

321 4818 346 4868 Α
417 4835 502 4870 remus
526 4836 595 4874 corr.
615 4822 700 4873 ·osA
771 4818 1020 4873 34estom.ABG
1701 4819 1702 4870 l
