3525 5600
655 405 892 490 coprueurvn
1068 413 1073 441 ι
1356 403 1416 468 181

1231 526 1252 567 p.
1267 515 1356 556 tta-et
1370 511 1393 554 L

144 615 209 659 nere.
250 613 307 674 quo
334 593 422 656 modo
454 594 511 655 hoc
538 601 636 674 potest
663 595 745 654 steri?
777 595 801 654 si
825 613 933 656 nornen
957 595 1157 674 conpositum,
1186 602 1219 655 ut
1240 594 1329 663 dixit,
1358 613 1417 655 vrnn
1525 668 1529 683 ι

142 706 224 780 potest
243 698 385 778 conponi,
409 714 467 774 quo
490 697 578 758 modo
601 705 698 778 potest
720 699 848 776 conponi
872 696 909 757 de
931 695 1084 776 pluribus?
1117 715 1186 758 nam
1209 696 1327 777 quando
1351 695 1418 758 dico

141 803 243 870 doctus,
271 818 328 862 una
357 818 405 860 res
434 807 491 868 est;
522 799 641 878 quando
669 799 736 860 dico
764 799 917 868 indoctus.
946 798 1023 861 duae
1051 817 1100 859 res
1123 805 1201 860 sunt.
1246 818 1306 879 quo
1328 796 1418 860 modo

138 921 276 984 possumus
298 901 336 962 de
357 899 494 982 pluribus
517 919 700 981 conponere,
724 903 780 962 nisi
803 901 988 981 conpositum
1011 903 1120 962 iterum
1143 901 1363 981 conponamusl
1386 909 1419 962 ut

120 1013 175 1067 sest
194 1004 261 1066 illud
283 1005 363 1080 qued
383 1003 523 1082 legimus,
553 1002 757 1083 expugnabilis
784 1003 1033 1084 inexpugnabilis.
1077 1004 1145 1064 ideo
1168 1003 1270 1064 videor
1292 987 1330 1064 de
1351 1001 1416 1084 plu·

138 1109 207 1170 ribus
228 1108 445 1186 conposuisse,
470 1109 609 1187 quoniam
632 1108 690 1168 iam
714 1108 901 1186 conpositum
924 1123 1033 1166 nornen
1050 1107 1219 1185 'conposui‘
1240 1109 1295 1168 iste
1317 1113 1417 1166 autem

137 1211 198 1270 dirit
217 1212 247 1272 in
268 1211 417 1290 principio
446 1211 565 1270 nomina
589 1210 743 1290 conposita
765 1227 826 1270 non
849 1227 936 1288 posse
959 1210 1102 1288 conponi,
1132 1210 1254 1270 etitem
1277 1207 1351 1268 dixit
1374 1216 1416 1270 ta·

137 1331 194 1374 nen
219 1311 287 1372 ‘sed
316 1311 471 1372 sciendum
499 1319 543 1372 est
565 1314 653 1373 etiam
676 1312 713 1373 de
735 1311 869 1392 pluribus
892 1329 979 1390 posse
1001 1311 1157 1390 conponi’.
1203 1311 1353 1372 contraria
1376 1312 1417 1370 vi·

120 1414 241 1488 dentur.
271 1415 421 1475 contraria
443 1419 514 1476 sunt
535 1399 654 1494 quidem
677 1413 712 1475 ad
736 1414 835 1484 verba,
857 1413 894 1474 ad
916 1415 1063 1474 rationem
1085 1431 1145 1474 non
1167 1421 1238 1473 sunt
1259 1413 1417 1475 contraria.

111 1519 202 1578 uscire
229 1517 307 1578 enim
338 1515 444 1586 debes,
473 1535 548 1596 quae
576 1519 696 1578 nomina
724 1518 878 1597 conposita
901 1524 983 1585 sunt,
1007 1517 1107 1576 omnia
1129 1513 1302 1576 naturaliter
1325 1515 1417 1577 semel

136 1620 274 1698 conposita
304 1629 388 1687 eunt;
419 1637 478 1679 non
508 1629 630 1698 possunt
657 1621 715 1680 iam
739 1618 864 1698 amplius
887 1620 1026 1697 conponi.
1071 1616 1123 1678 sed
1146 1618 1171 1678 si
1194 1616 1323 1678 volueris
1345 1636 1417 1678 cou-

135 1739 234 1802 ponere
259 1723 292 1780 in
323 1719 561 1798 similitudinem,
590 1729 717 1801 possunt
743 1723 850 1782 iterum
880 1722 1017 1800 conponi.
1063 1738 1131 1780 nam
1159 1720 1234 1781 haee
1255 1720 1319 1798 ipsa
1341 1737 1418 1800 quae

136 1825 272 1902 conposita
302 1830 372 1884 sunt
399 1822 436 1884 de
464 1822 616 1902 plurihuS‚
639 1825 670 1884 in
693 1823 919 1886 similitudinem
941 1827 1142 1884 revertuntur.
1186 1839 1348 1899 numquam
1370 1822 1416 1885 in·

136 1928 207 1986 venis
231 1945 342 1987 nomen
369 1927 401 1986 in
428 1927 608 1987 contrarium
638 1928 834 2006 conpositum.
879 1933 952 2006 puta
979 1923 1063 1985 lelir:
1100 1926 1152 2002 qui
1180 1933 1225 1985 est
1251 1923 1339 1985 felix?
1367 1925 1418 2005 qui

111 2027 214 2088 elabet
237 2047 414 2108 prosperam
442 2029 606 2098 iortunarn;
641 2047 709 2089 ecce
737 2027 830 2090 habes
857 2028 1113 2106 significationem.
1149 2030 1293 2106 ‘conpone
1326 2026 1416 2088 illud:

138 2233 214 2293 lucris
235 2250 420 2312 conponere,
444 2232 562 2310 regredi
585 2231 673 2294 habet
696 2234 792 2313 prima
807 2233 984 2309 significatio
999 2230 1167 2292 damnatam
1182 2233 1417 2310 conpositionem

137 2333 269 2404 intulelix,
300 2333 415 2395 sublata
442 2335 497 2396 ista
524 2353 572 2396 re:
601 2335 658 2396 hoc
689 2353 747 2396 non
776 2334 859 2404 lieet,
883 2335 938 2394 ista
960 2334 1126 2412 conpositio
1147 2351 1209 2394 nnn
1231 2333 1414 2395 conceditur.

139 2445 255 2498 ceterum
277 2437 336 2497 iam
359 2437 578 2516 conpositiones
602 2435 690 2518 [iant]
714 2436 864 2517 simplices
886 2443 963 2497 suut.
1005 2442 1076 2516 puta
1099 2433 1280 2515 pugnabilis,
1305 2451 1417 2514 expug-

110 2539 244 2600 ouabilis:
267 2538 349 2600 idem
372 2546 416 2600 est
438 2537 654 2618 expugnabilis,
678 2539 757 2619 quod
773 2545 817 2600 est
832 2537 1016 2618 pugnabilis,
1040 2536 1109 2599 ‘ille
1132 2536 1214 2598 locus
1236 2543 1281 2598 est
1302 2554 1416 2617 pugna·

137 2640 218 2711 bilis’,
246 2641 302 2702 hoc
331 2648 376 2702 est
403 2642 453 2718 qui
481 2641 574 2721 possit
596 2659 690 2720 paene
713 2641 805 2711 dirui;
834 2642 908 2702 ‘iste
930 2639 1013 2701 locus
1036 2648 1081 2700 est
1102 2639 1335 2721 expugnabilis',
1358 2639 1416 2701 hoc

139 2744 245 2823 estqui
272 2745 368 2824 possit
393 2761 489 2823 paene
517 2743 603 2805 dirui.
648 2741 886 2825 inexpugnabilis
909 2761 970 2805 non
992 2741 1126 2803 videatur
1147 2743 1234 2805 tertia
1258 2760 1323 2804 esse
1345 2759 1416 2804 con·

139 2848 244 2925 positio,
265 2844 269 2927 Ι
288 2846 341 2907 sed
364 2846 502 2907 secunda.
547 2846 682 2908 similiter
704 2848 839 2908 territus:
864 2846 934 2923 quid
958 2853 1002 2906 est
1022 2844 1163 2906 territus?
1187 2843 1316 2905 timidus.
1347 2864 1416 2923 per·

139 2950 242 3009 territus
264 2947 333 3029 quid
358 2950 419 3009 cstl
453 2947 587 3009 similiter
611 2948 742 3011 timidus.
786 2948 930 3027 numquid
957 2946 1015 3009 tale
1043 2955 1101 3017 εει,
1126 2964 1215 3024 quem
1237 2946 1416 3007 admodum

110 3050 213 3111 vtetur
246 3051 391 3131 numquid
417 3053 481 3131 ipsa
510 3053 674 3131 conpositio
704 3053 849 3111 convertit
876 3069 999 3117 nomen,
1029 3056 1060 3110 et
1085 3068 1146 3109 non
1169 3051 1262 3128 magis
1284 3050 1415 3129 priorem

138 3154 366 3231 significationem
395 3154 536 3215 frnnaviti
570 3171 642 3231 ergo
679 3152 797 3233 quando
830 3153 974 3231 siguificat
1006 3154 1138 3232 priorem
1172 3152 1416 3230 significationem

139 3258 362 3325 confirmantem,
392 3256 535 3335 numquid
566 3275 725 3336 possumus
752 3254 808 3316 hoc
836 3255 937 3316 dicere
971 3274 1037 3315 esse
1071 3256 1180 3315 iterum
1213 3254 1416 3333 conpositum?

139 3378 188 3419 non
208 3360 284 3421 enim
307 3358 422 3419 videtur
446 3360 528 3437 qnasi
553 3360 638 3419 tertia
661 3356 811 3427 adhiberi,
840 3358 893 3418 sed
921 3365 988 3436 post
1010 3358 1265 3417 confirmationem
1288 3356 1416 3417 secunda

140 3468 182 3521 εει.
223 3470 250 3523 ει
270 3461 342 3522 licet
364 3459 451 3521 nobis
473 3462 513 3521 ita
537 3478 723 3541 conponere,
747 3459 833 3521 aliter
856 3479 915 3521 non
939 3459 1015 3520 licet

112 3667 130 3705 a
662 3644 710 3691 nn
732 3642 876 3692 casrnvs

209 3750 310 3811 Graeci
327 3768 414 3811 casus
429 3749 539 3810 habent
555 3751 686 3831 quinque
710 3757 837 3819 tantum,
862 3750 1076 3811 nominativum
1100 3750 1269 3826 genetivum
1286 3748 1416 3809 dativum

140 3854 317 3912 accusativum
341 3860 371 3911 ot
394 3853 566 3912 vocativum.
602 3853 713 3913 idcirco
737 3852 895 3914 ablativum
918 3851 1053 3932 plerique
1078 3852 1155 3911 varie
1178 3849 1342 3930 appellant:
1366 3849 1416 3909 elii

140 3954 206 4014 illum
234 3956 335 4015 dicunt
362 3961 477 4015 sextum
504 3974 520 4015 a
548 3974 688 4025 numero,
718 3954 767 4017 alii
795 3953 878 4015 illurn
906 3954 1030 4015 latinum
1060 3961 1165 4014 vocant
1194 3955 1232 4012 ab
1260 3972 1312 4022 eo,
1336 3951 1414 4032 quod

140 4056 230 4118 Graeci
250 4056 331 4117 illum
355 4074 416 4117 nou
439 4056 582 4126 habeant,
607 4057 659 4119 sed
682 4056 820 4137 specialis
843 4064 890 4117 est
910 4056 1073 4117 latinitatis.

115 4176 131 4213 e
164 4216 165 4219 ,
208 4158 295 4219 Plane
324 4160 488 4235 quaesitum
517 4167 573 4229 est,
605 4164 702 4220 utrum
731 4160 930 4220 nominativus
957 4176 1045 4219 casus
1073 4166 1160 4220 esset.
1206 4164 1236 4219 et
1263 4159 1531 4236 sisenandum

142 4312 424 4324 ——u——a

196 4412 353 4479 dquomodo
379 4425 486 4481 possunt
504 4414 587 4467 ABG
655 4416 757 4480 5quod
775 4432 820 4466 om.
842 4414 929 4467 ABG
997 4416 1177 4482 expugnabilis
1203 4416 1262 4465 ideo
1281 4412 1357 4465 uideo
1375 4414 1414 4463 in·

142 4486 300 4551 expugnabilis
319 4487 378 4536 iden
396 4486 509 4535 uideoA
582 4484 680 4552 videor]
695 4486 834 4538 uideoBG
903 4485 983 4535 Seed
1001 4500 1046 4534 om.
1065 4487 1105 4545 A,
1121 4486 1183 4538 add.
1201 4502 1218 4535 a
1288 4486 1364 4533 etiam
1383 4486 1414 4535 de

141 4554 238 4617 plurimis
254 4558 278 4606 Α
333 4558 365 4607 14
382 4557 407 4604 in
426 4557 578 4606 contrarium
598 4558 747 4624 positumG
800 4558 832 4609 15
851 4554 940 4623 habes]
961 4554 1038 4604 habet
1054 4556 1139 4607 ABG
1209 4556 1241 4607 17
1259 4555 1436 4622 signillcotiov

142 4624 161 4671 in
179 4626 312 4676 damnatum
332 4628 361 4679 G.
380 4626 495 4684 sortasse
511 4628 613 4677 damnat
628 4628 701 4677 istam
721 4628 929 4693 compositionem
983 4624 1103 4677 attidem
1121 4635 1159 4677 εει
1180 4625 1247 4688 qnod
1268 4625 1414 4690 pugnabilis

142 4706 161 4742 ει
175 4698 344 4763 expugnabilis
362 4696 430 4745 idem
447 4706 486 4745 est
505 4696 545 4746 ille
563 4698 601 4747 do
622 4698 687 4748 idem
705 4708 743 4749 cst
760 4698 827 4761 quod
843 4696 990 4763 pugnabilis
1007 4706 1031 4745 ει
1048 4696 1230 4763 expugnabilis
1248 4696 1290 4745 ille
1302 4696 1328 4745 B
1346 4696 1414 4745 idem

142 4772 173 4813 εει
189 4766 282 4818 illeA:
307 4766 375 4831 quod
396 4768 545 4833 pugnabilis
561 4775 587 4817 et
607 4769 786 4834 expugnabilis
805 4768 871 4817 idem
889 4776 927 4816 est
945 4769 972 4817 iu
989 4782 1067 4832 marp.
1085 4782 1102 4817 a
1171 4768 1205 4817 24
1224 4767 1345 4829 numquid
1364 4767 1414 4815 tale

142 4844 173 4883 est
189 4838 392 4900 quemadmodum
416 4836 476 4885 latix
497 4852 542 4887 ont.
558 4836 593 4903 A,
610 4841 671 4891 add.
690 4858 707 4890 a
759 4838 793 4888 28
811 4837 973 4889 edltibereA
1027 4836 1061 4889 32
1079 4837 1195 4904 plerique
1213 4836 1287 4887 nea
1302 4836 1413 4905 plerum-

143 4908 219 4967 qned
285 4908 318 4960 33
337 4918 429 4957 nocent
450 4922 479 4956 co
498 4906 580 4958 ABG
