3525 5600
689 316 926 380 cuuuudrvlt
1401 317 1460 382 135

1256 449 1262 474 ,
1285 439 1306 480 ῃ.
1320 427 1395 468 ss-sr
1410 427 1433 466 r..

173 527 234 568 nem
256 525 309 567 nec
331 507 478 575 osticium,
502 507 559 567 nisi
580 505 641 567 sint
661 507 737 568 istae
758 512 859 586 partes
881 507 1026 568 orationis
1048 471 1230 586 principales
1253 509 1381 576 iunctae,
1405 526 1458 568 rio·

171 627 233 672 men
255 617 284 668 et
307 607 441 670 verbum.

247 711 320 772 Octo
342 719 444 790 partes
465 711 609 771 orationis
630 708 743 771 babent
764 707 885 780 Graeci,
909 716 977 770 octo
1001 710 1088 770 etiam
1112 710 1223 780 Latini,
1247 710 1300 771 sod
1324 709 1380 772 boc
1403 711 1458 771 dii·

170 815 262 874 ierunt
282 811 339 874 illi:
363 813 471 873 Graeci
492 811 605 873 babent
626 811 800 881 articrdum,
829 830 919 892 quem
943 819 1104 892 conputant
1125 813 1204 874 inter
1226 820 1327 892 partos
1350 816 1459 874 oratio·

150 918 225 983 snis;
248 934 301 976 nos
324 933 394 976 eum
416 933 477 975 nou
499 922 695 994 conputamus
717 916 797 976 inter
818 922 919 994 partes
943 915 1098 976 orationis.
1135 922 1202 975 octo
1225 913 1337 976 habent
1357 924 1459 995 partes

169 1018 318 1085 orationis,
342 1035 453 1078 nomen
475 1035 642 1096 pronomen
663 1015 787 1078 verbum
810 1015 983 1078 adverbium
1005 1017 1194 1095 participium
1218 1019 1457 1080 coniunctionem

170 1121 413 1201 praepositionem
440 1118 608 1180 articulum.
653 1118 705 1180 sed
734 1117 895 1181 articulum
918 1137 974 1180 nos
997 1137 1056 1178 non
1079 1110 1289 1198 conputamus,
1314 1117 1365 1180 sed
1388 1137 1456 1198 par·

171 1230 223 1282 tem
243 1222 429 1301 pronominis
447 1221 616 1291 credimus,
646 1228 770 1300 utputa
793 1220 841 1281 bic
864 1228 894 1281 et
916 1221 990 1298 quis.
1036 1219 1108 1280 dicit
1130 1220 1186 1280 boc
1208 1222 1239 1280 in
1268 1223 1456 1300 pronomine,

171 1324 230 1384 ‘bic
250 1327 366 1384 autcm’
390 1322 462 1386 dicit
484 1327 563 1384 ‘non
587 1330 632 1384 est
652 1342 834 1403 pronomen,
857 1321 910 1382 sed
934 1329 978 1382 est
999 1319 1152 1392 articulus,
1176 1321 1224 1383 hic
1240 1325 1355 1384 deneas
1370 1322 1457 1384 buius

141 1440 161 1478 1⁰
171 1427 304 1487 leneae'.
350 1445 405 1488 nos
433 1425 573 1495 dicimus,
602 1444 661 1487 non
690 1432 736 1486 est
760 1423 916 1495 articulus,
945 1422 996 1485 sed
1025 1442 1190 1504 pronomen
1219 1425 1297 1504 quod
1324 1426 1457 1503 iungitur

172 1527 276 1590 articuli
298 1527 406 1589 oilicio.
439 1547 506 1589 narn
529 1527 586 1588 hoc
609 1529 734 1588 interest
754 1527 834 1588 iuter
856 1543 1022 1606 pronomen
1039 1534 1068 1586 ct
1090 1524 1261 1596 articulum,
1286 1528 1364 1606 quod
1386 1546 1456 1607 pro·

173 1648 269 1692 nomen
296 1630 392 1690 solum
419 1631 548 1708 ponitur.
593 1638 663 1710 puta
691 1628 740 1688 bic
766 1629 854 1689 huius
881 1629 969 1698 buic,
999 1627 1088 1689 modo
1115 1647 1282 1710 pronomen
1312 1638 1373 1699 est;
1408 1629 1456 1690 bic

173 1734 273 1794 leneas
300 1730 387 1793 huius
414 1735 545 1802 Aeneae,
576 1731 664 1792 modo
687 1749 747 1792 non
770 1738 815 1792 est
835 1749 1018 1810 pronomen,
1043 1730 1096 1791 sed
1120 1738 1164 1790 est
1186 1729 1339 1792 articulus.
1383 1749 1456 1810 ergo

173 1853 233 1896 ecce
252 1831 344 1894 babes
372 1852 460 1894 unam
488 1841 604 1914 partem
632 1835 788 1904 orationis,
812 1851 901 1912 quam
923 1834 1030 1895 Gracci
1052 1839 1229 1912 conputant,
1253 1851 1308 1893 nos
1333 1831 1456 1912 [articu-

139 1935 236 2017 ¹⁵lum]
260 1954 317 1996 non
340 1944 552 2015 conputamus,
575 1935 628 1996 scd
651 1937 682 1996 in
704 1933 933 2015 pronominibus
955 1937 1102 2015 ponimus.
1141 1935 1212 1997 item
1235 1953 1289 1996 nos
1312 1933 1456 1996 habemns

1471 723 1576 786 iesu
1612 711 1617 720 '

1472 791 1530 850 aaa,
1545 793 1575 841 n

174 2057 249 2100 unam
275 2047 389 2118 partem
418 2039 575 2107 orationis,
605 2055 693 2121 quam
722 2037 829 2098 Gracci
858 2055 918 2097 non
946 2043 1122 2116 conputant,
1154 2043 1186 2098 ut
1208 2043 1252 2097 est
1273 2037 1453 2098 interiectio.
1552 2039 1559 2051 ‘

172 2141 236 2201 bcus
261 2141 284 2200 si
313 2137 394 2200 dicas
416 2139 537 2208 Latino,
567 2138 639 2199 dicit
665 2138 718 2198 tibi
747 2135 942 2221 ‘interlieotio
971 2141 1048 2206 est’;
1078 2138 1192 2200 Graeco
1215 2141 1240 2198 si
1263 2139 1358 2207 dicas,
1383 2139 1455 2200 dicit

172 2243 217 2302 tibi
242 2240 431 2303 ‘adverbium
458 2246 531 2302 est’.
576 2261 645 2302 nam
673 2241 753 2321 quod
783 2260 837 2301 nos
863 2241 1102 2303 interiectionem
1131 2240 1287 2311 babemus,
1323 2239 1367 2302 illi
1394 2259 1453 2302 non

171 2344 271 2405 babent
290 2345 543 2413 interiectionem,
567 2341 620 2405 sed
642 2345 674 2404 in
696 2341 837 2403 adverbio
860 2349 1033 2422 conputant.
1070 2360 1141 2422 ergo
1165 2341 1259 2413 vides,
1284 2342 1453 2422 quomodo

137 2459 157 2496 2⁰
171 2447 276 2508 locutus
298 2455 341 2506 cst
363 2447 419 2506 iste
441 2446 492 2523 qui
513 2446 634 2524 scripsit
655 2453 759 2506 artern.
797 2461 858 2504 non
880 2444 954 2505 dixit
975 2451 1025 2504 aut
1047 2443 1167 2506 Latinos
1191 2463 1250 2504 non
1272 2443 1384 2505 babere
1407 2463 1453 2506 ar-

170 2547 265 2608 ticulos
291 2555 341 2608 aut
364 2548 494 2607 Graecos
521 2566 580 2607 non
604 2546 715 2607 babere
738 2547 993 2616 interiectionem,
1023 2565 1098 2617 nori,
1122 2546 1257 2608 sednon
1280 2554 1452 2626 conputare.

168 2652 204 2709 ita
225 2650 299 2710 enim
322 2650 396 2709 dixit
419 2648 535 2710 ‘Latini
557 2646 697 2709 articulos
712 2665 772 2709 non
788 2648 1016 2718 adnumerant’‚
1041 2667 1100 2709 nun
1123 2648 1198 2709 dixit
1221 2652 1297 2710 ‘non
1314 2648 1452 2710 babent’.

169 2770 229 2813 nam
251 2759 279 2812 et
299 2749 343 2812 illi
365 2752 531 2831 iunguntur
553 2750 651 2813 cilicio
672 2751 890 2813 interiectionis
911 2751 941 2811 in
965 2749 1104 2811 adverbio
1133 2758 1162 2813 et
1185 2769 1239 2813 uos
1262 2751 1359 2812 officio
1383 2753 1453 2813 arti-

169 2853 219 2915 culi
240 2856 270 2915 in
291 2855 481 2934 pronomine.

138 2966 158 3006 ὅ
242 2955 325 3017 llulti
353 2956 457 3016 dieunt
485 2954 558 3017 duas
590 2963 690 3036 partes
718 2974 783 3017 esse
811 2956 969 3024 orationis,
1004 2973 1113 3017 nomen
1144 2917 1178 3016 el
1201 2954 1338 3027 verbum,
1368 2955 1452 3017 multi
1466 2974 1524 3035 428,
1540 2976 1569 3023 11

67 3113 68 3120 ,
168 3060 303 3137 quinque,
325 3067 358 3117 ut
381 3057 483 3118 dicunt
498 3058 604 3128 Stoici,
627 3057 712 3119 multi
727 3066 809 3129 octo,
834 3067 867 3119 ut
881 3056 986 3119 dicunt
1007 3060 1205 3137 grammatici,
1229 3058 1313 3119 multi
1338 3077 1452 3130 novem,

67 3161 68 3172 ¹
169 3159 242 3219 multi
264 3159 383 3230 decem,
407 3159 491 3221 multi
514 3159 661 3221 undecim.
699 3159 752 3221 sed
774 3161 851 3221 scire
880 3158 994 3221 debetis
1021 3159 1101 3237 quod
1123 3162 1162 3219 ita
1185 3159 1355 3221 dividuntur
1377 3162 1452 3221 istae

167 3270 263 3341 partes
295 3282 353 3343 quo
377 3262 466 3323 modo
489 3261 677 3346 dividuntur?
699 3262 753 3322 ita:
778 3260 839 3322 ires
862 3270 932 3322 sunt
952 3270 1054 3341 partes
1076 3264 1218 3323 orationis
1240 3282 1315 3343 quac
1338 3261 1453 3323 casibus

168 3365 303 3433 serviunt,
333 3383 391 3425 una
414 3383 489 3444 quae
511 3361 698 3443 temporibus
720 3366 824 3434 servit,
854 3371 993 3444 quattuor
1016 3382 1091 3444 quae
1114 3366 1235 3425 omnino
1258 3382 1313 3425 nec
1336 3369 1450 3444 tempo-

138 3464 240 3526 oribus
262 3485 317 3526 nec
341 3466 458 3527 casibus
479 3468 619 3527 serviunt.
665 3473 726 3527 tres
747 3465 865 3527 casibus
888 3468 1029 3527 serviunt·
1042 3468 1130 3537 istae,
1155 3484 1263 3527 nomen
1285 3484 1452 3546 pronomen

168 3569 360 3649 participium:
399 3587 467 3629 nam
491 3575 520 3629 et
542 3585 651 3628 nomeu
674 3566 763 3630 babet
785 3588 900 3637 casum,
925 3567 974 3629 bic
996 3569 1117 3629 deneas
1132 3568 1221 3629 buius
1243 3570 1359 3629 Aeneae
1381 3568 1452 3629 huic

167 3672 286 3741 leucae,
311 3678 341 3731 et
362 3688 543 3750 pronomen,
567 3671 615 3730 bic
630 3670 717 3732 buius
731 3671 816 3740 huic,
841 3679 870 3731 et
891 3671 1081 3751 participium
1102 3689 1205 3731 amans
1227 3671 1366 3731 amantis:
1390 3678 1451 3731 tres

126 3834 129 3845 ,
168 3774 233 3834 istae
259 3771 377 3833 casibus
405 3773 547 3833 serviunt.
585 3771 771 3851 temporibus
798 3791 857 3834 una
885 3774 989 3843 servit,
1019 3770 1156 3841 verbum,
1186 3770 1251 3852 lego
1274 3772 1347 3851 legis
1369 3770 1449 3851 legit.

168 3874 289 3954 reliquae
316 3892 422 3935 omnes
449 3892 510 3933 non
537 3875 669 3935 serviunt
690 3892 747 3935 nec
769 3872 887 3935 casibus
914 3892 970 3936 nec
992 3874 1192 3955 temporibus,
1223 3883 1254 3936 ut
1275 3882 1345 3937 sunt
1366 3876 1448 3945 istae,

139 3975 330 4037 &adverbium
354 3976 523 4036 coniunctio
547 3977 724 4055 praepositio
747 3978 925 4037 interiectio.
954 3976 1075 4057 idcirco
1091 3994 1150 4037 non
1167 3996 1221 4039 nos
1236 3974 1325 4037 debet
1346 3974 1449 4037 iallero

167 4077 210 4138 illa
231 4077 371 4149 elocutio,
401 4074 489 4158 [iam]
513 4085 542 4139 et
564 4078 622 4137 iam
645 4079 763 4158 saepius
790 4079 848 4138 boc
875 4080 1079 4141 tractavimus:
1109 4077 1285 4159 plerumque
1308 4077 1451 4156 contingit

168 4188 197 4241 ut
216 4180 381 4242 nominibus
403 4186 521 4239 utamur
541 4198 597 4259 pro
620 4178 767 4241 adverbiis
789 4183 949 4242 etiterum
971 4180 1116 4242 adverbiis
1138 4190 1255 4242 utamur
1276 4199 1332 4260 pro
1355 4180 1449 4240 nomi-

168 4282 253 4343 nibus.
297 4280 469 4343 nominibus
490 4284 602 4343 utimur
623 4299 680 4360 pro
702 4282 866 4351 adverbiis,
890 4283 913 4342 si
936 4282 1017 4343 dicas
1038 4284 1200 4345 ‘torvum
1223 4282 1371 4343 clamat'
1394 4300 1449 4361 pro

267 4421 344 4426 .--
359 4420 460 4427 *-

164 4483 166 4486 ’
227 4488 244 4538 9
262 4486 302 4536 iric
318 4496 402 4536 autem
420 4487 483 4536 dicit
500 4500 551 4535 non
566 4486 641 4537 Bou
661 4486 703 4536 bic
721 4495 805 4536 autern
826 4500 876 4536 non
896 4488 935 4537 A:
952 4488 987 4550 cf.
1004 4488 1075 4539 Seru.
1093 4488 1199 4538 tollore.
1216 4502 1243 4549 p.
1264 4482 1325 4547 teu,
1345 4483 1379 4535 23

170 4554 325 4623 diiungitur
340 4557 442 4608 articuli
461 4556 546 4606 cilicio
561 4558 584 4606 A
604 4555 725 4623 iungatur
743 4557 827 4608 cilicio
846 4555 944 4605 articuli
962 4558 1038 4607 uua
1105 4558 1137 4607 14
1155 4570 1201 4608 nos
1219 4556 1384 4619 —ponimus
1401 4570 1446 4608 om.

170 4626 197 4687 Il,
210 4628 267 4676 add.
286 4627 301 4675 b
388 4629 424 4678 25
443 4628 516 4677 multi
532 4629 644 4690 quinque
664 4628 734 4677 Bac
752 4627 824 4677 multi
844 4627 931 4676 dicunt
948 4628 1057 4690 quinque
1076 4626 1128 4677 Ac
1206 4626 1241 4678 26
1256 4624 1329 4674 multi
1347 4634 1403 4675 octo
1421 4636 1449 4674 nt

169 4696 247 4745 dicunt
262 4698 422 4762 grammatici
439 4714 485 4752 orn.
504 4697 612 4758 dudd,
632 4713 650 4747 a
719 4700 753 4748 27
770 4698 868 4747 debetis
887 4695 970 4746 ABG
986 4696 1107 4747 debemus
1125 4714 1142 4747 a
1210 4696 1373 4759 susurrasse
1392 4696 1447 4761 lego

169 4764 214 4829 legi
230 4766 310 4832 legam
381 4766 414 4817 35
427 4769 577 4817 cortinnctio
602 4768 756 4833 praepositio
776 4766 801 4816 A
825 4765 979 4831 praepositio
1004 4767 1147 4817 coniunctio
1165 4766 1238 4817 uua
1309 4780 1356 4817 nos
1374 4766 1449 4815 debet

170 4834 236 4884 auc
252 4838 325 4887 nobis
343 4838 418 4887 (lebet
438 4838 478 4888 Gb
549 4836 583 4889 38
599 4834 710 4903 torvum]
736 4840 815 4903 Verp.
831 4836 896 4887 Aen.
917 4837 961 4885 Vll
980 4834 1031 4887 399
