3525 5600
350 359 414 424 220
919 361 1072 423 tonent

376 482 398 524 p.
411 472 502 513 eram
515 470 538 510 1.
1277 495 1281 501 .

350 551 507 631 participio
535 549 647 620 lutuno,
682 568 769 612 nemo
797 549 868 609 dicit
895 547 1096 610 calesciturus.
1147 565 1204 626 qua
1231 550 1347 611 ratione
1374 555 1458 610 caret
1486 549 1626 628 participio

350 653 444 714 luturi
473 654 633 732 temporis?
667 652 742 713 liaeo
769 670 857 712 causa
886 657 939 711 est.
986 670 1074 713 omne
1101 652 1291 731 participium
1319 652 1412 712 futuri
1438 653 1575 730 temporis
1597 651 1627 712 ab

351 755 445 817 activo
466 755 679 833 significatione
702 756 847 832 originem
870 749 951 814 ducit
972 772 988 813 a
1011 754 1173 832 praeterito
1195 754 1320 833 passivo.
1352 759 1421 832 puta
1440 751 1548 824 lectus,
1569 753 1627 815 tolle

350 856 419 920 inde
434 877 457 930 s,
481 855 556 919 adde
573 875 632 929 rus,
656 855 728 918 lacit
741 856 888 917 lecturus:
911 856 1049 935 scriptus.
1065 854 1136 916 tolle
1158 853 1267 926 indes,
1290 854 1366 916 adde
1381 873 1443 924 rus,
1467 855 1535 916 lacit
1547 857 1627 934 scrip
1702 896 1703 921 1

351 968 448 1021 turus:
479 961 612 1029 auditne,
636 957 706 1019 tolle
728 958 797 1019 inde
819 977 841 1032 s,
866 957 942 1020 addc
963 965 1027 1027 rua,
1055 958 1125 1049 lacit
1147 957 1311 1020 auditurus.
1357 975 1428 1036 ergo
1450 957 1531 1018 vides
1552 960 1648 1036 parti-5

351 1062 425 1142 cipia
449 1062 543 1123 tutori
564 1061 708 1142 temporis
731 1061 932 1141 apraetoritis
954 1050 1094 1140 perlectis
1116 1061 1226 1120 venire.
1271 1078 1337 1120 cnm
1361 1067 1460 1120 autem
1483 1057 1629 1120 dixerimus
1702 1138 1703 1143 ἵ

349 1165 546 1244 praeteritum
569 1163 735 1244 perlectum
759 1180 819 1222 non
841 1163 970 1224 inveniri
991 1163 1022 1222 in
1044 1160 1228 1236 isto'rcrbo,
1252 1163 1386 1242 sequitur
1414 1169 1448 1223 ut
1469 1159 1542 1222 illud
1562 1163 1628 1241 quod

350 1267 419 1328 inde
448 1268 580 1327 nascitur
608 1283 667 1326 non
694 1266 870 1327 inveniatur.
915 1263 988 1333 haec
1016 1283 1104 1326 causa
1133 1263 1203 1325 iacit
1229 1272 1262 1325 ut
1287 1282 1347 1325 non
1372 1261 1377 1345 l
1400 1265 1496 1343 possit
1520 1265 1632 1325 inveniri
1702 1258 1703 1269 ’

351 1369 408 1430 Ιοοο
431 1369 620 1449 participium
644 1367 735 1428 loturi
758 1367 910 1445 temporis.
955 1369 1012 1428 ista
1036 1375 1081 1428 est
1101 1365 1205 1444 reguis
1227 1363 1471 1427 inchoatirorum.
1702 1426 1703 1441 ,

231 1485 290 1548 tta,
307 1483 338 1534 tu
412 1488 415 1497 ·
434 1469 569 1532 Perfecta
585 1468 687 1547 regula
704 1477 756 1539 est,
780 1468 831 1530 uhi
846 1467 953 1549 plenus
968 1476 1015 1530 est
1036 1487 1151 1539 sensus,
1169 1474 1201 1530 ut
1214 1469 1240 1530 si
1256 1467 1337 1528 dicas
1351 1467 1418 1546 lego
1439 1467 1539 1529 scribo
1554 1487 1629 1530 curro
1640 1484 1658 1523 ο
1702 1540 1703 1547 ¹

231 1555 290 1616 ⁵⁰⁰¹
308 1555 338 1602 14
349 1571 534 1652 simpliciter.
562 1572 774 1652 frequentativa
791 1577 843 1646 est,
860 1569 912 1632 uhi
927 1589 1016 1651 saepe
1031 1591 1087 1632 nos
1101 1570 1212 1653 aliquid
1228 1571 1325 1632 lacere
1341 1568 1534 1641 ostendimus,
1552 1579 1582 1635 ut
1594 1579 1630 1630 est
1702 1586 1703 1635 ξ

350 1673 459 1744 lectito,
483 1673 512 1735 id
529 1682 574 1735 est
588 1691 678 1752 saepe
693 1671 769 1752 lego,
793 1675 935 1751 scriptito,
951 1673 981 1733 id
997 1681 1042 1734 est
1056 1692 1146 1754 saepe
1161 1672 1268 1742 scrilro,
1292 1674 1413 1744 erusito,
1428 1691 1518 1753 saepe
1543 1692 1629 1733 curro.
1702 1730 1703 1733 ,

349 1775 564 1856 frequentativa
580 1774 669 1836 rerba
685 1783 754 1836 sunt
768 1777 834 1836 ista.
865 1777 896 1836 in
912 1777 960 1836 his
973 1776 1197 1853 lnequentativis
1213 1775 1287 1837 dixit
1302 1793 1389 1836 unam
1405 1794 1470 1836 rem
1492 1776 1629 1855 optimam,
1702 1770 1703 1857 ]

351 1878 403 1940 sed
427 1897 485 1939 non
508 1878 632 1942 firmam.
655 1880 766 1940 scimus
789 1879 928 1956 quoniam
951 1879 1033 1938 novit
1054 1889 1084 1939 ct
1104 1875 1257 1947 intellexit,
1282 1876 1333 1938 sed
1357 1896 1416 1938 non
1433 1879 1472 1937 ita
1489 1880 1629 1956 expressit
1702 1868 1703 1963 l

351 1986 437 2058 qu'em
454 1981 490 2041 ad
513 1979 633 2041 modum
656 1979 766 2042 debuit.
798 1981 839 2042 ait
859 1981 911 2050 sic,
935 1999 1037 2041 omnes
1058 1979 1170 2041 formas
1190 1980 1422 2058 frequentativas
1444 1981 1555 2060 primae
1577 1992 1659 2039 essert
1702 1972 1703 1985 ¹

354 2083 580 2160 coniugationis
605 2091 637 2144 ut
659 2093 705 2143 est
727 2082 826 2144 lectito
842 2081 964 2152 lectitas,
989 2083 1124 2160 scriptito
1139 2084 1296 2162 scriptitas.
1327 2100 1428 2143 verum
1445 2088 1491 2142 est
1505 2083 1631 2159 quonian
1702 2146 1703 2149 ,

350 2185 446 2245 omnis
467 2185 563 2245 torma
585 2185 799 2264 frequentativa
820 2185 935 2264 primae
950 2185 1168 2263 coniugationis
1183 2190 1240 2253 est;
1265 2193 1294 2244 et
1316 2183 1391 2245 adde
1413 2183 1495 2254 illud,
1519 2186 1543 2244 si
1559 2185 1587 2243 in
1606 2192 1630 2244 to

350 2293 443 2358 exeat,
467 2287 601 2366 scriptito
617 2287 775 2366 scriptitas
792 2286 892 2348 lectito
907 2283 1032 2355 lectitas,
1049 2288 1158 2346 consito
1173 2288 1308 2348 cursitas
1338 2289 1364 2347 si
1380 2287 1460 2346 enim
1475 2287 1631 2366 frequenta·

350 2390 406 2450 tiva
422 2389 517 2450 torma
532 2389 622 2448 luerit
638 2396 667 2448 et
681 2405 740 2449 non
756 2389 787 2449 in
803 2395 832 2449 to
848 2390 962 2460 exierit,
980 2388 1033 2448 sed
1049 2387 1144 2458 aliter,
1160 2389 1219 2448 iam
1235 2388 1349 2450 recedit
1363 2407 1380 2449 a
1396 2387 1508 2466 regula.
1530 2389 1632 2450 lacesso
1702 2382 1703 2387 ’

348 2509 408 2552 non
431 2491 501 2550 lacit
522 2489 657 2562 lacessas,
680 2490 732 2550 sed
756 2489 887 2552 lacessis.
923 2508 994 2569 ergo
1008 2497 1106 2570 potest
1120 2489 1366 2569 frequentativum
1383 2492 1457 2551 etin
1474 2498 1504 2552 to
1519 2499 1548 2553 et
1560 2492 1587 2551 in
1604 2505 1661 2552 soa

349 2594 441 2654 exire.
464 2594 489 2654 si
503 2601 601 2654 autern
617 2593 865 2674 frequentativum
881 2595 912 2653 in
929 2599 958 2654 to
973 2598 1067 2662 exeat,
1084 2611 1207 2654 necesse
1222 2602 1267 2654 est
1280 2595 1396 2674 primae
1411 2594 1449 2653 sit
1461 2595 1632 2672 coniugatio·

349 2697 409 2765 nis;
434 2697 459 2756 si
481 2697 510 2756 in
527 2713 569 2767 so,
586 2703 674 2775 prout
688 2697 839 2757 inventum
856 2697 954 2766 inerit,
977 2694 1134 2775 aliquando
1148 2695 1295 2756 invenitur
1313 2697 1343 2755 in
1359 2697 1465 2774 prima,
1488 2695 1632 2775 aliquando
1702 2710 1703 2721 ¹

348 2800 378 2859 in
401 2797 497 2859 tertia.
542 2800 756 2879 frequentativa
783 2806 878 2859 autem
908 2798 965 2859 ista
987 2796 1059 2859 nihil
1082 2796 1160 2858 aliud
1183 2798 1350 2876 significant
1378 2800 1435 2859 nisi
1456 2797 1632 2875 frequentem
1702 2792 1703 2862 ζ

349 2908 456 2962 aetum.
487 2900 561 2961 liaeo
583 2910 679 2961 antem
703 2876 791 2963 verba
815 2898 973 2981 aliquando
995 2901 1024 2960 in
1048 2919 1139 2962 unum
1156 2900 1281 2979 gradum
1298 2909 1412 2962 tantum
1428 2899 1630 2972 conscendunt

349 3000 507 3081 aliquando
535 3004 566 3063 in
594 3001 683 3072 duos;
712 3004 742 3062 in
770 2988 877 3072 unum,
907 3007 940 3061 ut
961 2998 966 3079 Ι
990 3000 1057 3080 lego
1087 3001 1201 3072 lectito,
1230 3004 1260 3063 in
1284 3001 1366 3072 duos,
1390 3009 1422 3063 ot
1444 3021 1532 3063 curro
1552 3014 1661 3062 cursori
1702 2987 1703 2990 ¹

350 3106 476 3173 cursito,
507 3103 604 3166 scribo
633 3106 744 3185 scripto
772 3104 917 3182 scriptito.
963 3120 1021 3181 qua
1047 3105 1162 3165 ratione
1188 3103 1243 3166 tibi
1270 3104 1330 3165 dixi
1363 3104 1453 3183 paulo
1486 3112 1552 3165 ante
1573 3104 1631 3172 hoc,

349 3206 487 3285 quoniam
509 3208 534 3266 si
556 3208 586 3267 in
610 3214 640 3267 to
663 3208 770 3269 exierit
790 3206 1037 3286 frequentativum
1053 3204 1187 3276 verbum,
1211 3209 1326 3287 primae
1348 3216 1394 3268 est
1410 3208 1631 3285 coniugationis3
1702 3259 1703 3266 ,

350 3309 421 3369 siin
438 3327 480 3377 so,
498 3326 558 3369 non
574 3307 635 3368 dixi
651 3310 765 3379 tertiae,
789 3307 840 3368 sed
856 3316 947 3388 prout
962 3328 994 3369 se
1009 3327 1096 3369 casus
1111 3308 1269 3370 obtulerit?
1292 3328 1350 3389 qua
1361 3310 1497 3371 rotrone?
1519 3315 1633 3389 propter
1702 3373 1703 3382 χ

350 3408 408 3469 Ιοοο
430 3407 563 3480 verbum,
587 3418 655 3489 puta
680 3408 761 3491 [lego
784 3409 883 3471 lectito
907 3408 1011 3490 curro]
1028 3428 1115 3472 curso
1138 3409 1296 3491 [cursito];
1322 3430 1392 3472 ecce
1414 3431 1503 3473 curso
1525 3414 1565 3473 sic
1585 3418 1632 3479 est,
1702 3413 1703 3416 ’

350 3530 409 3591 quo
432 3510 519 3572 modo
542 3511 663 3579 lacesso,
689 3518 718 3573 ct
741 3518 838 3573 tamen
862 3532 950 3573 curso
972 3532 1074 3573 eursas
1095 3515 1174 3574 lacit.
1213 3531 1285 3591 ergo
1307 3512 1356 3574 illa
1379 3532 1456 3593 quae
1479 3515 1509 3573 in
1533 3522 1560 3573 to
1580 3513 1662 3573 exitu

349 3612 553 3675 indifferenter
576 3614 690 3693 primae
712 3621 757 3675 est
779 3614 1008 3693 coniugationis‚
1033 3616 1088 3675 ista
1112 3634 1188 3694 puae
1216 3617 1247 3675 in
1274 3634 1308 3675 so
1335 3615 1493 3695 aliquando
1519 3618 1632 3695 primae,

350 3713 509 3792 aliqnando
537 3716 651 3775 tertiae.
702 3714 774 3775 illud
803 3718 891 3777 etiam
918 3718 995 3777 scire
1024 3715 1182 3787 dehemus,
1217 3718 1344 3777 inveniri
1371 3716 1447 3797 apud
1476 3702 1534 3778 nos'
1554 3715 1632 3776 rerba

350 3817 447 3897 aliqua
475 3815 664 3897 principalia,
695 3834 770 3895 quae
800 3825 923 3898 possunt
949 3820 1048 3879 iacere
1070 3818 1251 3890 diminutiva.
1302 3819 1438 3881 novimus
1465 3822 1496 3879 in
1524 3820 1633 3880 nomine

350 3920 407 3981 hoc
429 3936 494 3981 esse
516 3919 628 3980 dietum
652 3918 735 4001 [sunt
756 3918 852 4001 aliqua
876 3921 996 3981 nomina
1019 3939 1092 3981 sono
1116 3921 1296 3991 diminutiva,
1320 3922 1472 3983 intellectu
1495 3922 1631 4001 principa·

352 4021 416 4103 lia],
439 4028 473 4083 ut
494 4040 581 4083 mons
603 4021 790 4083 monticulus.
835 4021 892 4083 hoc
915 4024 1004 4083 etiam
1025 4024 1056 4083 in
1078 4022 1176 4083 verbis
1199 4041 1358 4101 possumus
1379 4025 1529 4093 invenire,
1550 4030 1580 4083 ut
1598 4022 1663 4082 sitii

351 4122 473 4186 verbum
496 4122 662 4204 principale
686 4131 715 4185 et
737 4124 824 4186 iaciat
845 4123 1061 4195 diminutivum,
1086 4133 1119 4186 ut
1140 4132 1186 4204 est
1207 4125 1315 4186 sorbeo
1331 4134 1361 4187 et
1375 4144 1459 4205 sugo.
1490 4127 1544 4186 ista
1558 4124 1631 4203 prin·

418 4363 783 4430 deigrtilleatloneonr.AB,
802 4360 932 4413 addedd
1004 4364 1074 4413 ducit
1091 4364 1126 4412 ita
1144 4364 1281 4429 praeterito
1300 4364 1383 4415 ABG
1451 4359 1628 4427 dirivenintor]

351 4434 575 4485 inuenireturAC
592 4436 753 4483 inuenerotur
772 4432 797 4483 B
868 4435 901 4483 22
921 4434 1056 4498 aliquando
1071 4436 1232 4496 ptr-teretem
1250 4448 1295 4483 om.
1315 4436 1355 4497 A,
1375 4436 1437 4487 add.
1457 4452 1474 4485 a
1542 4433 1631 4483 'tdltoc
1702 4473 1703 4482 .

351 4505 510 4569 quoniamst
529 4505 554 4553 in
570 4510 595 4551 to
614 4504 704 4553 exierit
720 4504 792 4554 BGa
811 4504 858 4553 lroc
872 4504 898 4553 in
917 4513 943 4552 to
958 4506 980 4555 si
998 4504 1089 4553 exierit
1105 4504 1129 4551 Α
1199 4503 1234 4552 ’28
1248 4518 1296 4556 non
1312 4505 1376 4554 dixit
1395 4506 1419 4553 Α
1490 4516 1631 4568 qttapropur

352 4574 399 4624 hoo
419 4576 523 4624 uerbum
542 4574 643 4636 (uerum
664 4571 696 4637 0)
714 4582 774 4641 puto
794 4574 850 4641 lego
872 4574 952 4623 Ano
1021 4575 1054 4625 29
1072 4574 1110 4623 sic
1128 4580 1166 4622 cst
1183 4574 1239 4623 ΑΒ
1257 4575 1294 4624 sic
1310 4575 1362 4623 exit
1383 4574 1422 4625 Cb
1493 4575 1525 4625 31
1544 4572 1631 4640 primae

328 4644 592 4711 'estconiugationis
610 4644 709 4706 euml,
727 4646 819 4696 addo
891 4642 1125 4694 :incitamento
1194 4644 1273 4693 uerba
1295 4646 1378 4708 alique
1405 4645 1555 4710 principalia
1575 4656 1632 4705 qnae

352 4731 383 4763 ex
403 4730 431 4765 oe
449 4713 545 4764 iaciunt
562 4714 714 4764 diminution
732 4715 858 4765 intellectu
879 4722 962 4762 etitem
982 4714 1133 4781 principalia
1149 4723 1176 4763 ut
1192 4729 1265 4763 mons
1284 4715 1304 4763 0
1363 4716 1396 4765 34
1411 4716 1505 4765 dictum
1521 4726 1577 4763 sunt
1593 4712 1632 4761 ali·

353 4798 402 4845 quta
424 4786 538 4843 (nomino
556 4784 616 4837 add.
633 4786 659 4847 t)
685 4785 835 4853 principalia
856 4798 920 4848 qnae
944 4800 975 4833 ex
999 4800 1027 4834 se
1052 4783 1148 4833 incitent
1173 4784 1325 4835 diminution
1346 4784 1371 4835 B
1459 4786 1493 4836 36
1516 4798 1578 4850 sugo
1598 4780 1631 4831 cl

296 4902 300 4921 ,
353 4868 433 4920 sugeo
449 4853 505 4903 AB
