3525 5600
687 291 926 354 COltlllENTVlll
1407 290 1447 353 al

165 484 285 542 secutus
308 499 393 556 snm,
417 477 609 562 praesertim
631 497 706 542 cnm
728 499 795 542 non
816 475 955 544 multum
977 477 1054 542 novi
1076 500 1119 542 ex
1132 474 1189 541 illo
1205 476 1385 542 accederet.
1413 476 1448 540 in

164 579 302 643 Parisino
324 577 438 643 codice
454 577 509 664 (P)
525 578 607 643 haec
628 600 705 664 pars
727 601 793 644 non
813 579 960 665 integra,
976 579 1035 644 scd
1050 577 1123 645 aliis
1146 579 1275 645 omissis
1290 577 1363 644 aliis
1378 601 1447 643 mu-

164 681 233 746 tatis
253 681 373 766 legitur
394 680 419 744 1.
440 680 501 745 51*
523 685 561 744 tle
587 685 772 746 barbarismo
792 687 867 762 quid
887 697 929 747 cst
950 686 1214 746 barbarismus-
1237 680 1261 746 f.
1284 680 1326 744 62
1353 703 1373 743 a
1395 703 1447 746 ra-

165 789 211 847 ino
227 787 361 862 paribus.
400 803 442 847 ex
469 782 533 850 hcc
559 804 666 870 pauca
671 831 682 865 ,
710 805 794 870 qnae
821 783 958 850 alicuius
981 783 1136 848 momenti
1158 805 1230 848 esse
1252 782 1447 848 videbantur

165 886 200 950 ad
220 885 411 971 scripturam
432 882 678 967 stabiliendam,
701 885 870 972 adscripta
893 885 976 952 sunt.
1008 907 1086 970 ergo
1102 884 1143 950 dc
1157 884 1209 950 his
1224 884 1318 950 libris
1341 885 1446 950 tribus
1573 955 1575 960 ,

164 988 199 1052 iis
224 996 348 1052 tantum
369 984 450 1050 locis
479 997 630 1053 constare
656 987 749 1067 volo,
777 989 835 1054 ubi
856 989 937 1074 qnid
959 988 1056 1052 iniis
1079 987 1237 1073 scriptum
1259 987 1303 1052 sit
1324 985 1446 1051 indica—

164 1102 223 1154 tum
242 1098 300 1154 est.

236 1187 389 1276 Reliquos
412 1192 562 1278 Pompeii
581 1191 721 1274 codices,
744 1215 826 1278 qnos
849 1190 981 1279 quidem
1003 1189 1075 1256 vidi
1096 1201 1155 1256 ant
1176 1189 1250 1256 aliis
1272 1190 1445 1278 inspicien-

164 1294 241 1359 tibus
261 1293 417 1378 cognovi,
440 1281 586 1358 b'reviter
606 1293 770 1361 indicabo.
814 1305 892 1359 sunt
914 1301 1022 1358 autem
1044 1293 1089 1357 hi.
1133 1291 1239 1358 codex
1260 1292 1444 1378 Montepes-

164 1395 284 1460 sulanns
306 1416 394 1458 saec.
417 1393 462 1476 X,
484 1394 509 1459 1.
535 1396 551 1458 1
580 1400 619 1460 tle
644 1401 755 1460 littera.
791 1417 863 1474 erpo
891 1402 1031 1474 quoniam
1058 1400 1130 1460 bene
1154 1399 1230 1471 fecit
1256 1400 1382 1459 donatus
1402 1431 1445 1440 -

164 1499 184 1562 1.
198 1497 235 1560 22
254 1501 304 1561 ubi
318 1517 376 1576 pes
395 1504 472 1574 finit.
494 1504 619 1577 explicit
635 1504 793 1580 pompeius
810 1505 1027 1578 prammuticus
1050 1499 1096 1585 (p.
1112 1495 1242 1581 8-82).
1276 1496 1301 1560 1.
1317 1495 1444 1560 22-34

163 1600 370 1682 fragmentum
397 1598 477 1662 artis
498 1597 672 1685 Eutychii,
695 1600 736 1666 de
758 1600 1010 1687 orthographia,
1038 1598 1286 1666 commentarius
1308 1599 1343 1662 in
1364 1597 1444 1664 Ver·

162 1699 225 1785 gilii
246 1699 404 1768 bucolica.
435 1699 459 1763 1.
481 1701 524 1766 35
545 1707 652 1782 incipit
667 1709 826 1783 pompeius
845 1709 997 1784 expositor
1017 1709 1193 1782 repuleram
1216 1705 1320 1764 donati
1336 1719 1445 1778 mam-

163 1809 261 1866 matici.
302 1813 497 1866 commentum
523 1810 599 1867 artis
629 1809 743 1869 aenan.
780 1811 1011 1885 uniuscuiusque
1044 1810 1092 1869 rei
1121 1809 1263 1868 scientiae
1290 1840 1331 1850 -
1358 1801 1381 1869 1.
1403 1801 1445 1866 36

163 1926 246 1984 quare
264 1910 328 1984 ipso
350 1909 457 1970 ordine
471 1911 574 1984 posita
594 1917 664 1970 cunt
684 1911 718 1970 ιιι
737 1917 782 1971 est
801 1919 831 1972 et
849 1913 996 1972 rationem
1018 1912 1132 1971 ordinis
1154 1907 1200 1994 (Ρ.
1224 1904 1332 1990 3-8)
1355 1903 1380 1968 1.
1403 1904 1444 1968 36

162 2014 253 2087 ianpit
272 2017 418 2071 tractatus
434 2013 578 2087 pompepi
594 2015 761 2086 pramatici
781 2014 819 2074 tle
839 2017 965 2074 nomine.
991 2021 1097 2090 partes
1118 2015 1262 2073 matianis
1283 2043 1324 2053 —
1347 2012 1445 2070 statim

163 2121 191 2173 at
207 2111 312 2173 inbuit
331 2113 448 2187 oblique
469 2113 579 2173 wluin
602 2109 650 2196 (p.
673 2109 858 2194 82-476).
895 2111 1000 2176 codex
1023 2109 1247 2197 Sangallensis
1271 2108 1334 2173 876
1357 2130 1441 2172 saec.

163 2210 201 2292 X,
214 2233 243 2296 p.
257 2209 319 2275 398
341 2217 447 2290 incipit
464 2223 610 2276 tractatus
630 2219 754 2292 pompei
774 2221 805 2276 in
826 2234 884 2292 pao
905 2219 1011 2278 donati
1030 2223 1124 2277 artem
1147 2216 1271 2288 mirifice
1291 2231 1445 2276 commen-

162 2327 230 2378 tatus
254 2327 303 2377 est.
342 2317 472 2378 donatus
498 2320 621 2393 scripsit
645 2325 740 2379 artem
770 2320 919 2395 duplicem
948 2321 981 2380 ia
1001 2327 1045 2380 est
1078 2317 1159 2380 VIII
1172 2325 1278 2393 partes
1300 2319 1443 2376 orationis

157 2422 246 2494 primo
265 2421 386 2495 scripsit
411 2453 453 2462 —
480 2420 562 2494 quod
581 2422 657 2479 artis
681 2424 853 2497 praeceptis
873 2424 967 2482 media
989 2429 1096 2482 teneat.
1134 2421 1209 2496 quid
1228 2423 1267 2480 sit
1284 2435 1443 2496 aramma-

160 2525 227 2582 ticae
245 2524 317 2582 artis
332 2523 530 2598 principium.
567 2523 655 2581 multi
674 2521 779 2584 dicunt
798 2525 837 2584 ab
856 2533 923 2584 arte
944 2555 985 2566 -
1007 2542 1040 2606 p.
1063 2517 1127 2584 510
1153 2539 1173 2582 a
1194 2523 1283 2584 rebus
1305 2521 1442 2597 paribus.

161 2626 256 2698 explic.
272 2626 429 2699 pompepii
449 2624 487 2682 tle
508 2625 602 2699 tropis
623 2619 670 2706 (Ρ.
693 2621 825 2686 3-82.
847 2621 1030 2686 417-480
1051 2621 1102 2686 ed.
1125 2619 1250 2706 Lind.).
1284 2621 1443 2683 Tractatus

160 2729 294 2801 pompepii
313 2727 352 2785 tle
373 2724 537 2784 maioribus
555 2727 694 2801 partibas
715 2743 760 2786 or.
785 2734 893 2804 partes
913 2731 1057 2788 orationis
1079 2760 1120 2770 —
1141 2743 1173 2809 p.
1190 2721 1253 2786 526
1275 2727 1443 2786 terminan-
1491 2769 1493 2775 .

161 2836 203 2887 tar
221 2814 302 2903 apud
318 2844 426 2904 precor
447 2834 506 2888 tota
525 2845 621 2902 preca
641 2835 711 2888 sunt
733 2830 884 2903 feminina
904 2834 982 2891 enim
1004 2840 1072 2892 sunt
1097 2836 1127 2891 et
1154 2836 1260 2889 nostra
1284 2822 1329 2910 (p.
1353 2822 1443 2888 82-

63 2971 64 2975 ,
164 2925 239 3010 110).
267 2926 374 2992 codex
395 2925 563 2991 Parisinus
587 2925 668 2990 1491
692 2948 779 2993 saec.
802 2926 851 3009 X,
875 2926 952 2993 olim
975 2926 1105 2993 Claudii
1127 2926 1277 3008 Puteani,
1300 2923 1324 2988 1.
1350 2925 1366 2988 1
1391 2932 1442 2989 in-

159 3033 226 3107 cipit
247 3036 393 3107 prolopus.
430 3034 559 3093 donatus
579 3036 700 3108 scripsit
720 3044 816 3094 artem
838 3035 987 3109 duplicem
1007 3067 1048 3078 -
1070 3050 1123 3093 ars
1144 3040 1187 3093 est
1213 3033 1443 3105 uniuscuiusque

159 3138 198 3193 rei
222 3136 347 3194 tuentia.
377 3136 484 3211 incipit
503 3141 651 3197 tractatus
669 3139 803 3213 pompeii
819 3138 1013 3211 prammatici
1033 3152 1090 3211 quo
1112 3136 1217 3195 donati
1237 3141 1333 3193 artem
1354 3136 1442 3192 miri-

160 3240 206 3307 fice
227 3244 432 3299 commentatus
452 3245 496 3298 est
517 3242 550 3297 et
572 3234 712 3299 duarum
733 3234 930 3321 paginarum
952 3232 1060 3321 spatio
1088 3232 1202 3298 relicto
1225 3230 1250 3296 1.
1272 3230 1317 3295 2*
1339 3237 1444 3311 incipit

163 3354 207 3398 ars
222 3342 338 3415 pompei
353 3342 550 3414 prammatici
575 3339 614 3400 tle
631 3343 834 3415 prammatica
855 3350 929 3401 arte.
960 3340 1092 3401 diximus
1112 3354 1184 3413 erpo
1206 3342 1348 3413 quoniam
1369 3338 1442 3399 benc

161 3441 226 3512 fecit
244 3443 367 3503 donatus
382 3448 445 3502 etc.
462 3441 509 3524 (p.
526 3437 546 3501 8
562 3460 633 3525 sqq.
649 3438 700 3503 ed.
715 3439 827 3529 Lina)
851 3438 875 3504 f.
894 3440 932 3503 18
956 3445 1061 3518 incipit
1080 3442 1171 3501 etlitio
1193 3441 1232 3500 tle
1253 3449 1319 3501 arte
1331 3458 1441 3520 pram-

164 3546 258 3603 uatica
272 3546 405 3621 pompei.
436 3545 475 3605 ae
490 3546 632 3620 partibus
654 3548 808 3607 orationis.
836 3556 941 3621 partes
954 3546 1099 3607 orationis
1120 3550 1189 3605 sunt
1210 3542 1291 3601 VIII
1306 3576 1340 3586 -
1359 3538 1383 3603 f.
1399 3540 1440 3605 82

164 3646 250 3705 idest
271 3649 297 3705 si
320 3650 371 3707 ille
396 3648 517 3707 citbara
541 3646 643 3719 fretus
667 3664 722 3722 epo
744 3650 855 3723 pietate
882 3644 928 3731 (p.
951 3644 992 3708 82
1014 3667 1085 3731 sqq.
1108 3641 1160 3708 ed.
1181 3639 1307 3725 Lind.).
1334 3642 1440 3707 codex

164 3742 353 3810 Florentinus
382 3767 426 3810 ex
447 3744 481 3809 S.
503 3744 608 3809 Marci
628 3744 830 3811 bibliotheca
856 3746 891 3810 in
912 3744 1168 3811 Laurentianam
1195 3742 1374 3809 translatus
1397 3746 1438 3811 38

165 3866 235 3909 saec.
255 3846 312 3928 XI,
337 3855 368 3912 in
391 3852 509 3911 nomine
530 3853 581 3913 dei
599 3856 707 3912 sumna
726 3854 832 3929 incipit
849 3854 938 3912 etiam
961 3858 1073 3913 tretare
1095 3853 1133 3912 be
1151 3850 1289 3925 partibus
1310 3854 1439 3911 maiori-
1508 3882 1512 3889 ·

165 3950 214 4010 bas.
247 3957 472 4029 uniuscuiusque
494 3957 543 4015 rei
568 3958 763 4030 queritur-
788 3959 841 4030 qui
863 3962 959 4031 potest
991 3954 1108 4015 tardior
1134 3968 1198 4012 esse
1226 3954 1370 4013 uetudine
1392 3951 1437 4036 (p.

165 4048 310 4139 3-476).
347 4053 446 4117 huius
475 4054 628 4119 notitiam
657 4053 761 4119 debeo
782 4051 996 4134 Detlelseno,
1024 4053 1080 4139 qui
1104 4073 1178 4115 enm
1199 4051 1286 4117 inter
1307 4051 1438 4118 codices

167 4171 199 4213 ex
211 4151 371 4219 Marciana
391 4153 593 4221 bibliotheca
614 4156 649 4219 in
662 4153 918 4221 Laurentianam
939 4152 1116 4219 translatos
1139 4154 1267 4219 invenit
1288 4164 1322 4218 et
1342 4175 1439 4239 quae·

168 4249 229 4316 dam
248 4256 320 4322 inde
342 4268 502 4347 excerpta!
518 4278 647 4321 mecum
668 4258 932 4323 communicavit.
964 4258 1070 4322 codex
1092 4256 1330 4321 Laurentianus
1350 4254 1401 4336 47,
1418 4256 1437 4319 8

168 4353 335 4424 chaaeaus
358 4381 445 4423 saec.
468 4358 545 4441 XV,
572 4366 667 4424 oratio
692 4365 806 4425 elicitur
826 4366 972 4439 eloquutio
993 4396 1034 4407 -
1056 4365 1157 4422 aliena
1178 4362 1255 4421 enim
1272 4376 1373 4436 poena
1395 4362 1441 4421 illi

168 4463 236 4520 nulla
254 4468 318 4527 talis
337 4469 396 4525 erit
416 4464 462 4549 (Ρ.
478 4462 637 4548 4-479);
661 4462 702 4528 cf.
719 4461 863 4526 Bandini
883 4462 957 4527 cod.
973 4459 1029 4526 lat.
1054 4457 1133 4526 bibl.
1149 4459 1249 4523 Laur.
1265 4458 1300 4523 ΙΙ
1314 4480 1347 4544 p.
1362 4458 1436 4523 393.

169 4558 256 4625 codex
268 4561 435 4629 Palatinus
453 4564 535 4630 1756
550 4563 740 4629 chartaceus
757 4586 786 4628 a.
803 4564 886 4628 1464
904 4562 1055 4649 scriptus,
1071 4568 1176 4641 incipit
1190 4571 1335 4625 tractatus
1345 4580 1436 4641 pom-

167 4666 218 4734 ltt't'
233 4684 316 4743 saper
332 4677 438 4745 parles
452 4672 555 4731 donati
571 4672 765 4746 praumatici
784 4670 867 4731 urbis
881 4686 970 4731 rome.
1002 4670 1232 4743 uniuscuiusque
1245 4701 1287 4711 —
1296 4668 1435 4743 paribus.

172 4761 256 4829 codex
274 4764 508 4854 Neapolitanus
530 4767 749 4835 bibliothecae
771 4768 882 4857 regiae
904 4766 953 4833 IV
976 4768 1006 4833 A
1028 4766 1071 4831 34
1092 4788 1177 4833 saec.
1201 4765 1253 4831 XI
1275 4767 1328 4833 vel
1349 4765 1435 4833 XII:
