3525 5600
320 376 383 440 202
888 381 1040 442 rnnrnu

346 500 367 541 p.
380 489 469 529 ete-41
485 487 506 527 L.

321 577 431 629 vester:
456 567 512 628 alia
534 569 709 648 pronomina
733 587 792 630 non
814 569 954 630 invenies.
978 568 1045 628 'sed
1068 568 1169 639 dicere
1191 569 1264 630 milri
1285 569 1392 640 hales,
1416 569 1516 630 dixisti
1536 570 1605 630 milri

320 670 376 730 alia
403 671 578 750 pronomina
606 687 665 730 non
694 672 835 742 inveniri,
863 671 916 732 sed
944 672 1044 732 inveni
1073 670 1140 732 alia.
1185 671 1252 732 dico
1279 671 1349 743 tibi,
1377 680 1433 750 ego'
1460 671 1521 732 dixi
1542 673 1606 751 quia

320 791 379 833 non
402 779 470 847 ¹siunt
491 773 682 854 primigenia,
712 791 787 852 quae
810 773 881 835 dicit
902 775 1011 842 Varro,
1040 772 1093 834 sed
1120 772 1284 835 deductiva.
1328 774 1453 836 multum
1476 776 1604 842 interest,

319 882 419 934 utrum
447 876 484 934 sit
511 874 620 952 aliquid
648 875 782 937 naturale
809 893 847 936 an
882 873 1023 956 [aliquid]
1051 874 1253 937 derivativum.
1298 883 1371 956 puta
1404 877 1508 945 Troia,
1543 875 1605 937 dico

319 977 480 1047 Troianum
503 977 562 1037 iarn
577 977 723 1038 Troianus
746 997 806 1039 non
830 985 873 1038 est
894 995 1019 1047 norum,
1043 977 1095 1038 sed
1117 980 1197 1039 venit
1218 977 1256 1039 ab
1278 997 1314 1039 eo
1337 978 1416 1059 quod
1438 985 1485 1038 est
1504 978 1627 1041 Troiazs

278 1128 281 1134 ,
319 1079 485 1156 Troiugena
509 1095 569 1140 non
592 1087 636 1140 est
658 1098 779 1150 novum,
804 1079 856 1141 sed
879 1080 959 1140 venit
980 1077 1018 1140 ab
1041 1098 1077 1140 eo
1099 1080 1178 1160 quod
1200 1087 1247 1141 est
1268 1081 1373 1141 Troia:
1406 1078 1526 1141 Troilus
1548 1099 1604 1140 non

320 1189 364 1241 est
391 1200 513 1255 novum,
542 1181 594 1244 sed
621 1183 700 1243 venit
728 1182 764 1244 ab
786 1181 836 1243 illa
864 1181 1055 1243 derivatione.
1101 1180 1162 1243 noli
1183 1199 1256 1260 ergo
1277 1182 1351 1243 milri
1373 1180 1378 1264 Ι
1401 1181 1516 1251 dicere,
1539 1199 1604 1243 ecce

318 1300 393 1344 nova
419 1285 533 1353 inveni3
562 1302 632 1344 nam
659 1284 725 1344 dico
754 1283 822 1354 tibi,
849 1286 906 1344 ista
935 1290 1004 1344 sunt
1024 1284 1214 1364 primigenia,
1238 1292 1337 1346 cetera
1359 1293 1458 1346 antem
1481 1283 1605 1344 deducta

318 1393 387 1446 sunt
413 1385 495 1448 inde:
537 1403 627 1468 quare
655 1387 715 1447 dini
742 1385 796 1446 tilri
823 1385 894 1456 hoc,
924 1386 1062 1465 qnoniam
1090 1387 1192 1464 viginti
1220 1395 1249 1448 et
1275 1405 1367 1448 unum
1394 1393 1463 1448 sunt
1493 1393 1604 1447 tantum

318 1489 511 1568 pronomina?
548 1506 586 1549 ne
612 1496 698 1566 putes
720 1487 775 1549 alia
797 1506 872 1567 quaa
894 1488 1010 1548 invenis
1031 1488 1087 1549 alia
1109 1505 1175 1550 esse
1196 1491 1381 1568 pronomina.
1426 1506 1487 1550 uon
1507 1495 1638 1550 autemro

318 1598 387 1652 sunt
409 1609 498 1660 nova,
523 1589 574 1652 sed
598 1591 664 1650 dico
685 1589 740 1651 tibi
763 1590 840 1668 quod
863 1589 913 1650 illa
936 1591 1033 1650 omnia
1056 1608 1258 1670 quaecumque
1279 1593 1442 1661 inveneris,
1465 1591 1605 1670 quidquid

318 1692 391 1754 illud
420 1701 477 1763 εει,
507 1693 578 1754 hine
605 1693 750 1771 originem
777 1691 898 1752 ducunt.
943 1699 1014 1771 puta
1042 1709 1097 1769 ego
1119 1710 1286 1772 pronomen
1308 1702 1367 1754 est:
1406 1711 1514 1772 egone,
1538 1711 1606 1754 ecce
1640 1747 1644 1753 .

318 1793 412 1865 aliud;
441 1813 501 1856 non
529 1807 573 1856 εει
601 1801 697 1856 autem
712 1785 819 1863 aliud,
849 1793 902 1856 sed
929 1796 1096 1873 conpositio
1122 1803 1168 1856 εει
1194 1797 1402 1875 potiusquam
1431 1813 1605 1874 pronomen.

318 1899 384 1976 quis
411 1915 577 1978 pronomen
605 1905 664 1958 est:
697 1898 730 1956 lit
755 1895 825 1956 inde
854 1897 1006 1975 quisnam,
1034 1897 1067 1957 iit
1093 1896 1162 1957 inde
1185 1899 1355 1977 qnisquam,
1384 1898 1416 1958 iit
1436 1898 1506 1959 inde
1529 1899 1606 1977 quis·

271 2036 273 2049 ·
318 2001 412 2084 piam,
442 2000 473 2060 iit
498 1999 568 2060 inde
596 1998 715 2078 aliquis;
744 1997 825 2060 vides
847 1998 913 2077 quia
936 1999 1057 2069 omnia,·
1078 2016 1154 2078 quae
1175 1999 1264 2068 liunt,
1293 1999 1363 2060 irinc
1384 1997 1497 2061 habent
1518 2001 1641 2077 origi-n

318 2119 396 2162 nem.
442 2119 513 2180 ergo
535 2101 617 2162 rides
640 2101 696 2162 alia
718 2101 894 2180 pronomina
918 2117 978 2160 uon
1001 2118 1076 2161 εεεε.
1111 2118 1179 2162 nam
1202 2103 1227 2162 si
1249 2103 1398 2162 inveneris
1420 2100 1476 2162 alia
1498 2120 1607 2181 prono·

320 2204 412 2274 mina,
437 2205 601 2284 conpositio
623 2204 654 2263 in
676 2204 748 2282 ipsis
770 2203 860 2264 elilcit
882 2204 1055 2272 novitatem
1080 2210 1210 2263 ceterum
1234 2203 1304 2264 hinc
1318 2204 1465 2282 originem
1486 2202 1606 2272 hahent

401 2305 479 2384 Ergo
506 2307 561 2366 ista
587 2311 655 2366 sunt
683 2305 763 2366 linita
785 2305 972 2384 pronomina.
1019 2321 1073 2382 ego
1095 2300 1216 2384 penitus
1237 2306 1351 2368 linitam
1374 2314 1420 2367 εει
1441 2324 1497 2366 nec
1518 2303 1608 2366 hahet

319 2405 447 2487 aliquam
464 2405 653 2468 dubietatem.
683 2407 797 2468 linitum
820 2415 920 2468 autem
941 2405 1051 2468 dicitur
1072 2401 1251 2486 pronomen,
1275 2407 1394 2487 quando
1416 2406 1518 2468 delinit
1538 2425 1607 2486 per·
1705 2484 1706 2487 Ἴ

317 2527 429 2571 sonam.
474 2516 604 2588 utputa
633 2526 702 2587 ego:
739 2507 857 2588 quando
884 2507 952 2568 dico
979 2527 1049 2586 ego,
1078 2527 1138 2569 non
1166 2517 1252 2588 potes
1278 2507 1407 2588 aliquem
1434 2507 1641 2587 intellegerem
1705 2492 1706 2503 ¹

317 2610 420 2682 alium,
446 2611 499 2672 sed
521 2629 584 2681 me,
613 2611 665 2690 qui
692 2609 805 2690 loquor.
851 2611 921 2671 item
945 2616 977 2672 tu
999 2610 1118 2689 quando
1141 2609 1222 2681 dico,
1246 2629 1306 2672 non
1328 2618 1413 2691 potes
1434 2609 1607 2690 intellegere

215 2726 274 2787 410,
288 2727 304 2775 ι
317 2712 420 2785 alium,
444 2712 496 2774 sed
518 2715 615 2792 ipsum
637 2711 748 2782 solum,
772 2712 808 2773 ad
831 2729 920 2792 quem
942 2712 1046 2790 dirigis
1065 2729 1244 2773 sermonem.
1279 2711 1329 2774 ille
1351 2731 1422 2774 vero
1443 2712 1535 2774 habet
1556 2712 1608 2786 ali·

215 2796 274 2856 500,
288 2797 302 2845 ⁷
316 2834 404 2896 quam
426 2816 636 2877 differentiam:
674 2834 741 2877 cum
764 2813 872 2876 debeat
894 2814 1069 2876 naturaliter
1090 2816 1205 2878 linitum
1228 2834 1293 2878 esse
1317 2812 1322 2896 Ι
1345 2814 1410 2885 ille,
1433 2824 1533 2877 tamen
1554 2816 1607 2876 ali-

317 2913 455 2999 quotiens
477 2916 592 2979 accedit
612 2920 644 2979 in
666 2918 764 2979 minus
786 2935 874 2996 quam
896 2918 1011 2978 linitum
1034 2935 1214 2996 pronomen,
1244 2926 1273 2979 et
1295 2916 1491 2979 differentiam
1513 2920 1608 2998 ipsam

200 3052 203 3059 =
317 3022 359 3081 sic
382 3022 588 3101 exprimimus,
612 3027 657 3090 nt,
682 3018 800 3099 quando
823 3018 859 3079 de
881 3026 1038 3099 praesente
1060 3018 1221 3100 loquimur,
1251 3027 1321 3080 tunc
1341 3020 1455 3081 linitum
1477 3022 1517 3081 sit
1537 3039 1642 3101 pro-no

319 3140 442 3193 nomen,
472 3123 494 3183 si
525 3131 621 3185 autem
650 3121 687 3182 de
715 3120 836 3183 absente
863 3122 902 3182 sit
930 3120 1051 3192 relatio,
1080 3124 1179 3182 minus
1206 3140 1294 3202 quam
1322 3122 1438 3184 linitum
1459 3123 1506 3183 sit
1551 3122 1607 3184 lroe
1705 3149 1706 3196 t

319 3225 407 3285 etiam
435 3224 616 3303 significatur
644 3222 812 3285 elocutione
839 3232 993 3303 poetarum
1021 3222 1067 3304 [et
1094 3222 1172 3303 apud
1198 3231 1332 3285 oratores
1359 3225 1528 3287 invenimus
1550 3225 1607 3286 hoc
1705 3269 1706 3282 .

317 3328 428 3405 ipsum,
453 3337 551 3387 tamen
574 3334 603 3387 et
626 3326 704 3406 apud
726 3332 830 3407 poetas
851 3323 1049 3405 invenimus],
1243 3307 1247 3318 .

467 3427 533 3489 ille
555 3446 621 3507 ego
644 3429 703 3508 qui
725 3426 906 3507 quondam
928 3425 1063 3506 gracili
1085 3426 1298 3489 modulatus
1320 3446 1443 3489 arena.

316 3528 365 3589 illc
388 3546 457 3608 ego:
482 3532 506 3590 si
528 3528 577 3591 ille
598 3531 713 3591 linitum
736 3538 781 3591 est
802 3548 984 3609 pronomen,
1007 3528 1077 3609 quid
1099 3548 1174 3610 opus
1196 3528 1292 3591 luerat
1313 3538 1346 3590 ut
1367 3531 1643 3610 interponeretruso
1705 3557 1706 3580 ι

317 3632 390 3710 egoi
412 3631 463 3691 sed
487 3649 522 3693 ex
546 3632 680 3713 eoquod
704 3632 777 3693 dixit
799 3650 853 3711 ego
876 3630 1006 3693 ostendit
1027 3631 1084 3692 hoc
1105 3633 1200 3711 ipsum
1222 3650 1403 3712 pronomen,
1426 3632 1456 3692 id
1479 3642 1525 3694 est
1546 3631 1606 3703 ille,

317 3734 455 3811 quoniam
486 3752 545 3795 non
574 3736 645 3795 satis
666 3736 780 3795 linitum
804 3742 857 3795 est.
905 3751 976 3813 ergo
998 3736 1055 3795 ista
1077 3745 1147 3797 sunt
1168 3734 1227 3796 duo
1249 3735 1410 3814 praecipue
1431 3736 1527 3806 finita,
1552 3754 1606 3814 ego

317 3844 347 3897 ει
369 3844 409 3897 tu.
453 3833 504 3895 ille
532 3852 602 3897 vero
628 3844 699 3897 tunc
726 3836 840 3897 initum
868 3842 928 3906 est,
958 3836 1076 3913 quando
1104 3836 1140 3897 ad
1169 3854 1326 3915 personam
1349 3844 1537 3916 praesentem
1559 3856 1606 3899 re·

316 3938 428 4007 lartum
452 3945 522 4031 tuno
545 3938 644 3999 minus
666 3956 753 4017 quam
776 3940 900 4011 linitum,
924 3938 1042 4018 quando
1064 3936 1101 3999 ad
1122 3936 1298 4000 relationem
1322 3937 1445 4001 alicuius
1466 3939 1607 4001 retertur.

317 4056 387 4099 ecce
409 4037 554 4101 hahemus
575 4041 751 4120 pronomina
774 4042 870 4109 inita:
896 4042 954 4102 iam
977 4040 1223 4124 videamusquae
1245 4048 1315 4101 sunt
1335 4041 1459 4103 infinita.
1619 4062 1642 4101 es

562 4212 620 4219 ——

385 4308 401 4361 3
428 4310 583 4377 primigenio
600 4307 689 4361 BCo*
713 4312 874 4379 primogenio
891 4313 917 4361 Α
987 4312 1118 4376 deliquid
1140 4310 1256 4363 naturale
1272 4310 1307 4361 a*
1331 4312 1428 4377 aliqui.
1448 4313 1563 4365 naturale
1580 4315 1605 4363 Α

317 4380 414 4444 aliquid
432 4396 446 4428 ε
461 4381 569 4430 naturali
589 4380 639 4431 BG
691 4381 869 4436 donicatum
887 4386 911 4431 Α
930 4382 1066 4433 diriuamm
1084 4382 1110 4432 B
1164 4382 1196 4433 13
1210 4382 1352 4447 conpositio
1370 4393 1409 4433 est
1426 4384 1512 4449 potius
1530 4398 1605 4447 qnam

316 4464 455 4516 pronomen
473 4460 511 4501 εει
530 4450 587 4515 quie
606 4465 745 4516 pronomen
765 4460 803 4503 εει
814 4452 840 4502 Β
852 4455 1012 4519 conpositum
1031 4453 1144 4516 estquis
1164 4466 1303 4517 pronomen
1320 4454 1393 4504 eetG
1409 4454 1551 4519 conpositio
1569 4465 1607 4503 εει

316 4520 402 4587 potius
420 4536 495 4583 quom
511 4534 651 4585 pronomen
671 4530 710 4571 εει
726 4538 743 4573 a
760 4524 902 4589 conpositio
921 4531 960 4573 εει
980 4562 1151 4577 .........
1172 4536 1313 4587 pronomen
1331 4532 1370 4571 est
1389 4523 1414 4572 A
1498 4524 1530 4575 14
1548 4524 1606 4575 iude

316 4598 376 4640 ante
389 4592 515 4656 quispiam
532 4606 578 4645 om.
596 4592 679 4643 ΑΒΘ
748 4592 782 4641 22
799 4606 941 4645 sermonem
954 4590 1019 4643 Ba*
1035 4606 1170 4658 personam
1190 4592 1242 4643 Ac
1309 4591 1554 4660 antepristena]
1575 4594 1607 4645 ad

317 4670 475 4724 praesentem
492 4660 576 4713 Aac
643 4670 704 4711 tune
725 4660 789 4723 (tum
810 4664 838 4727 a)
856 4665 896 4713 eie
911 4664 1008 4713 linitum
1027 4670 1066 4714 eet
1085 4676 1224 4728 pronomen
1240 4662 1324 4713 ABG
1392 4660 1426 4713 29
1446 4660 1501 4730 ille]
1525 4666 1604 4730 Verp.

315 4744 427 4791 procera.
448 4732 513 4780 Aen.
620 4732 764 4783 modulator
782 4734 824 4785 A?
849 4748 917 4786 corr.
945 4733 1090 4783 modulatae
1116 4749 1134 4783 a
1159 4732 1309 4782 modulabor
1326 4732 1358 4782 a*
1455 4748 1537 4783 auena
1558 4733 1606 4784 Ba

289 4816 293 4823 ·
317 4800 418 4849 lrauene
437 4801 460 4849 Α
483 4800 581 4851 lichene
599 4802 620 4852 0
705 4798 738 4855 31
759 4802 869 4854 ostendit
887 4803 930 4853 ille
948 4802 974 4852 id
993 4812 1032 4853 εει
1054 4802 1104 4854 hoc
1121 4804 1206 4869 ipsum
1227 4815 1366 4869 pronomen
1385 4804 1505 4868 quoniam
1523 4802 1607 4855 Arc

387 4868 421 4921 35
439 4886 503 4933 quae
522 4878 580 4921 sunt
597 4886 643 4924 om.
663 4872 689 4923 B
