3525 5600
689 381 926 446 cunundrvu
1385 375 1449 440 283

1265 499 1287 542 p.
1299 488 1388 530 ιιι-19
1402 487 1423 526 1.

590 588 660 662 DE
690 584 1018 660 BARBARISMO

252 743 452 806 barbarismus
475 751 532 803 est:
564 751 593 804 et
616 743 726 811 delmit,
752 741 821 820 quid
845 749 890 802 est
911 739 1122 802 barbarismis.
1167 738 1342 819 plerumque
1369 737 1547 805 coln-tlte

182 869 235 912 ιεεε
255 846 376 926 aliquem
401 845 636 925 reprehendere,
667 853 697 905 et
718 845 781 924 ipsa
804 843 1000 924 reprehensio
1022 841 1150 902 ostendit
1174 860 1227 901 nos
1250 843 1447 920 inperitiores.

181 954 238 1014 lacit
262 948 358 1008 nescio
386 949 437 1028 qui
466 949 581 1016 vitium,
613 954 642 1008 et
669 947 735 1007 dico
763 945 805 1007 illi
827 946 1052 1006 ‘soloecismum
1080 944 1210 1014 lecisli’,
1241 951 1269 1004 et
1291 945 1367 1004 lorte
1390 963 1448 1004 nem

159 1054 236 1114 aierit
256 1049 469 1118 soloecismum,
493 1049 544 1110 sed
568 1048 802 1117 barbarismum;
826 1057 876 1109 aut
905 1046 1121 1108 barbarismum
1150 1046 1233 1112 lacit,
1263 1053 1292 1104 et
1319 1046 1385 1106 dieo
1408 1043 1450 1104 illi

179 1156 233 1235 quia
254 1150 445 1232 acyrologiam
469 1152 547 1214 ierit.
593 1152 661 1212 dum
686 1150 818 1212 volumus
847 1169 901 1210 nos
929 1147 1011 1208 illum
1040 1146 1272 1228 reprehendere,
1303 1165 1357 1207 nos
1378 1166 1449 1207 eon·

178 1260 279 1318 ltemur
301 1273 364 1314 esse
387 1254 517 1314 vitiosos.
564 1271 634 1332 ergo
663 1251 806 1313 dehemus
835 1249 951 1330 singula
979 1251 1060 1319 vitia,
1090 1268 1164 1329 quae
1192 1249 1302 1310 habent
1329 1250 1448 1328 propria

179 1359 290 1424 nomina,
313 1357 443 1436 propriis
466 1353 635 1416 nominibus
659 1355 833 1434 vituperare,
859 1372 897 1413 ne
920 1371 974 1413 nos
995 1351 1025 1412 in
1049 1353 1116 1412 vitia
1140 1351 1301 1412 trahamur.
1334 1359 1366 1411 ει
1379 1358 1449 1430 puta

176 1459 299 1538 quidest
321 1455 540 1518 barbarismus?
571 1459 609 1518 ita
633 1456 752 1526 delinit,
776 1455 997 1516 ‘barbarismus
1019 1462 1064 1514 est
1086 1456 1187 1514 vitium
1210 1454 1317 1514 lactum
1341 1454 1370 1514 in
1393 1472 1449 1513 cana

148 1569 249 1640 nparte
269 1560 416 1628 craticule,
441 1558 631 1620 soloecismus
654 1565 697 1620 est
720 1559 820 1618 vitium
843 1557 953 1617 laetum
975 1557 1005 1616 in
1029 1563 1167 1644 contextu
1184 1557 1310 1636 partium
1333 1551 1448 1635 oratio-l

176 1663 240 1722 nis’.
281 1669 313 1721 ut
339 1667 408 1738 puta
438 1661 554 1741 quando
583 1661 649 1720 diro
677 1657 791 1721 columa
819 1677 873 1739 pro
903 1678 938 1718 eo
965 1657 1043 1738 quod
1066 1665 1110 1718 est
1132 1656 1281 1727 columna,
1310 1659 1449 1738 quoniam

175 1783 223 1823 une
244 1781 309 1842 pars
330 1769 378 1822 est
400 1763 555 1832 orationis
586 1769 615 1822 et
645 1763 674 1822 in
708 1763 769 1842 ipsa
804 1779 860 1821 una
888 1767 971 1839 parte
1004 1761 1147 1820 orationis
1173 1761 1230 1820 iam
1261 1759 1361 1819 vitium
1397 1766 1449 1828 est,

174 1866 270 1926 dieitur
292 1862 509 1932 barbarismus;
534 1863 651 1942 quando
674 1863 740 1925 dico
762 1881 877 1924 mamor
900 1880 954 1942 pro
977 1880 1013 1922 eo
1036 1861 1114 1942 quod
1137 1868 1181 1922 est
1204 1879 1349 1930 marmor,
1377 1880 1457 1940 qno-·

174 1968 241 2026 niam
264 1984 320 2026 una
343 1984 414 2045 pars
437 1975 481 2027 est
503 1967 646 2054 orationis
675 1971 704 2026 ει
732 1967 832 2025 εἰιίεεε
862 1971 923 2035 εει;
953 1970 983 2023 ει
1006 1968 1128 2042 utputa
1150 1964 1175 2022 si
1197 1961 1279 2024 dicas
1301 1961 1452 2042 relliquias

143 2085 219 2148 capro
246 2087 280 2128 eo
307 2067 386 2148 quod
415 2075 460 2128 est
488 2066 635 2154 reliquias.
687 2084 757 2146 ergo
788 2067 890 2128 vitium
919 2066 1028 2128 lactum
1056 2067 1086 2124 in
1117 2083 1173 2124 una
1201 2072 1286 2144 parte
1309 2066 1451 2126 orationis

173 2169 363 2230 barbarismus
385 2179 439 2230 est.
476 2169 545 2250 quid
569 2170 594 2230 si
615 2171 646 2230 in
669 2159 833 2229 conexione
856 2169 923 2228 dact
954 2187 1012 2229 non
1035 2166 1143 2228 dieitur
1165 2165 1375 2237 barbarismus,
1398 2165 1450 2226 sed

171 2271 367 2340 soloecismus
399 2279 431 2330 ut
457 2269 539 2340 illud,
564 2270 665 2340 ‘multi
688 2270 761 2331 mihi
791 2269 930 2340 ¹homines
962 2271 1100 2330 iniuriam
1136 2268 1232 2329 lecit’.
1286 2287 1355 2330 ecee
1389 2270 1451 2350 ipsa

172 2375 285 2434 conexio
308 2373 396 2434 habet
418 2373 531 2432 vitium.
576 2379 606 2433 et
633 2371 698 2432 vide
726 2371 872 2453 quemad
898 2369 1017 2430 modum
1041 2373 1186 2450 expressit
1208 2370 1335 2439 Plinius,
1365 2388 1450 2450 quem

171 2474 239 2535 bene
262 2485 290 2534 ει
312 2476 427 2552 integre
451 2474 530 2536 dicit.
576 2473 644 2554 quid
674 2479 719 2534 est
746 2473 965 2535 barbarismus?
1001 2473 1080 2551 quod
1108 2491 1167 2532 non
1190 2472 1299 2532 dicitur
1321 2491 1376 2552 per
1399 2491 1451 2532 na-

140 2584 268 2638 nturam.
319 2575 389 2656 quid
419 2586 464 2637 est
491 2575 703 2638 soloecismus?
738 2576 815 2656 quod
847 2574 923 2636 male
951 2593 1005 2654 per
1033 2581 1126 2634 artem
1156 2574 1271 2635 dicitur.
1322 2591 1390 2634 nom
1418 2591 1451 2634 re

168 2697 231 2738 vera
254 2677 454 2740 barbarismus
482 2697 536 2758 per
564 2685 699 2740 naturam
729 2695 787 2738 non
810 2685 908 2759 potest
935 2677 1002 2736 dici.
1047 2678 1097 2757 qui
1127 2677 1205 2737 enim
1234 2675 1312 2736 dieat
1338 2695 1452 2738 mamor

167 2787 212 2841 aul
234 2779 398 2843 colurnam?
433 2800 487 2862 per
510 2789 644 2843 naturam
674 2800 732 2843 non
756 2787 851 2861 potest
874 2777 943 2840 εἰεί.
987 2777 1104 2859 quando
1133 2786 1231 2841 autem
1260 2778 1327 2839 dico
1349 2777 1452 2840 ‘mrdli

168 2883 238 2956 mihi
256 2882 391 2945 homines
413 2885 551 2945 iniuriam
575 2883 671 2953 lecit',
697 2901 756 2943 non
779 2901 833 2963 per
856 2893 991 2943 naturam
1014 2899 1073 2943 non
1097 2887 1194 2961 potest
1221 2881 1294 2956 dici,
1323 2880 1375 2942 sed
1399 2900 1452 2962 per

167 2992 255 3045 artem
285 3002 343 3045 non
372 2991 469 3078 potest
498 2985 565 3045 diei.
617 2994 648 3045 ul
676 2992 772 3045 tamen
802 2984 860 3045 huc
888 2985 1003 3044 animus
1030 2984 1155 3052 relocat,
1190 2984 1452 3063 quotienscumque

135 3104 156 3141 es
167 3086 377 3149 barbarismum
407 3088 544 3155 dicimus,
577 3088 743 3147 invenimus
771 3088 863 3167 ipsam
894 3105 981 3147 unam
1009 3094 1124 3165 partem
1153 3086 1296 3147 orationis
1318 3087 1452 3147 vitiosam

165 3207 239 3257 esse;
263 3192 531 3268 quotienscumque
554 3186 761 3249 soloecismum
785 3190 925 3263 dicimus,
954 3186 1085 3266 singulas
1112 3186 1232 3267 quidem
1260 3196 1360 3267 partes
1388 3206 1452 3247 esse

165 3292 303 3368 integras,
325 3290 376 3351 sed
400 3293 597 3351 conexionem
620 3308 679 3351 nou
702 3308 767 3351 esse
790 3291 944 3368 integram.
978 3308 1045 3349 nam
1067 3307 1101 3349 re
1116 3307 1185 3349 vera
1206 3286 1338 3366 singulae
1353 3297 1453 3368 pardos

164 3393 295 3469 integrae
316 3400 399 3453 sunt:
432 3400 460 3453 et
482 3392 567 3453 multi
589 3391 708 3453 latinum
733 3398 792 3461 est,
823 3390 946 3451 etmihi
969 3391 1091 3452 latinum
1115 3397 1173 3459 est,
1203 3398 1233 3450 et
1254 3390 1389 3452 homines
1411 3390 1452 3451 la·

162 3495 253 3553 tinum
279 3502 337 3563 est,
362 3501 392 3553 et
418 3494 556 3554 iniuriam
580 3494 702 3555 latinum
726 3500 783 3563 est,
813 3502 842 3553 et
865 3494 934 3554 lecit
957 3492 961 3571 Ι
985 3493 1106 3555 latinum
1133 3500 1186 3553 est.
1232 3491 1283 3553 sed
1312 3494 1451 3573 quoniam

132 3614 219 3656 araon
245 3596 303 3657 sibi
324 3594 509 3675 respondent
531 3596 611 3675 ipsae
634 3604 748 3675 partes,
778 3594 844 3655 ideo
873 3595 1000 3655 dicimus
1027 3614 1091 3655 esse
1119 3594 1336 3655 soloecismum.
1380 3615 1452 3675 ergo

163 3700 426 3778 quotienscumque
448 3697 583 3775 singulae
606 3705 704 3777 partes
727 3698 859 3776 integrae
881 3707 959 3768 sunt,
984 3697 1035 3757 sed
1052 3696 1175 3757 conexio
1191 3714 1250 3757 non
1267 3705 1312 3757 est
1325 3698 1450 3776 integra,

161 3799 352 3861 soloecismus
376 3807 434 3866 εει;
467 3800 604 3879 quotiens
631 3800 662 3860 ilt
691 3817 838 3879 unapars
866 3802 983 3869 vitiosa,
1015 3798 1231 3859 barbarismum
1260 3798 1337 3862 lacit.
1383 3820 1452 3889 ecce

163 3898 251 3961 hahes
275 3903 437 3971 rationem,
461 3920 517 3982 qua
541 3900 760 3981 deprehendas,
788 3902 907 3982 quando
930 3911 973 3963 est
994 3900 1067 3961 illud
1090 3903 1206 3973 vitium,
1231 3901 1350 3987 quando
1369 3900 1451 3961 illud.

244 4004 402 4065 Praeterea
430 4000 631 4063 barbarismus
659 4003 781 4073 dicitur,
811 4005 836 4063 si
863 4004 914 4065 liat
940 4005 971 4065 in
998 4002 1092 4065 soluta
1122 4005 1269 4071 oratione;
1303 4004 1328 4062 si
1354 4012 1552 4081 autemmqs

129 4106 208 4165 aenae
230 4102 263 4165 in
290 4113 393 4175 metro,
417 4104 626 4185 metaplasmus
650 4106 766 4168 dicitur.
812 4113 881 4185 puta
908 4107 934 4165 si
956 4123 1011 4183 ego
1033 4106 1064 4167 in
1087 4105 1181 4167 soluta
1208 4106 1343 4165 oratione
1365 4104 1451 4164 velim

162 4204 261 4267 dicere
287 4204 436 4286 relliquias
458 4206 616 4278 Catilinua,
644 4208 719 4269 laeio
747 4207 980 4277 barbarismum;
1009 4208 1034 4267 si
1057 4216 1153 4269 autem
1177 4225 1265 4268 causa
1287 4208 1374 4267 metri
1396 4205 1452 4267 hoc

162 4308 277 4379 faciem,
302 4308 377 4369 lecio
401 4308 626 4389 metaplasmum
651 4308 827 4390 [relliquias
850 4312 874 4370 si
897 4311 928 4369 in
951 4328 1036 4371 verso
1052 4308 1183 4390 dicem].·
1205 4308 1256 4369 sed
1276 4308 1452 4389 plerumque

162 4410 306 4489 contingit
328 4418 360 4471 ει
388 4410 476 4471 etiam
500 4412 529 4472 in
553 4410 684 4471 versibus
713 4410 971 4491 deprehendamus
999 4410 1207 4475 barbarismos.
1252 4418 1282 4472 et
1310 4410 1376 4472 dico
1400 4411 1453 4472 tibi

164 4536 464 4556 -....—.—.'.-.—

230 4600 242 4649 l
266 4612 299 4647 ει
318 4612 476 4649 εεεεεειεεο
495 4600 521 4649 Β
538 4598 574 4649 Do
595 4598 750 4649 barbarismo
770 4600 840 4648 iuxta
858 4598 1005 4662 Pompeium
1025 4600 1046 4650 S
1114 4598 1250 4663 3allquod
1268 4598 1451 4664 reprehendere

164 4666 183 4715 C
253 4668 287 4719 10
304 4668 330 4718 in
349 4678 467 4719 contextu
487 4668 528 4720 ul
546 4670 570 4719 in
590 4670 729 4719 conexione
748 4670 800 4719 BS
819 4669 843 4718 in
864 4670 1025 4718 contextione
1044 4668 1067 4716 Ρ
1139 4668 1172 4720 18
1190 4668 1291 4733 plenius
1310 4668 1384 4719 BCS

163 4738 228 4797 qood
247 4740 328 4803 (eurr.
349 4754 423 4801 quarn
441 4742 467 4800 ε)
481 4740 580 4790 bened
631 4740 665 4791 ¹23
684 4754 733 4788 uon
753 4740 834 4788 selom
853 4754 898 4803 per
915 4747 1031 4787 naturam
1051 4753 1099 4788 noo
1118 4748 1200 4804 potest
1212 4738 1263 4789 diei
1281 4740 1326 4787 sed
1347 4754 1392 4787 uec
1408 4752 1453 4804 per

163 4815 239 4856 artem
260 4822 312 4858 non
330 4819 415 4874 potest
433 4809 482 4859 dici
501 4808 521 4858 C
608 4812 642 4860 eu
660 4807 776 4874 singulae
794 4810 897 4871 quidem
920 4818 1004 4872 portes
1024 4810 1138 4873 integrae
1157 4810 1202 4858 sed
1222 4810 1328 4858 conexio
1344 4824 1394 4859 non
1414 4816 1453 4857 εει

164 4876 300 4943 integra&
366 4879 401 4931 36
418 4879 536 4929 rotilinna
558 4879 580 4929 B
599 4880 709 4929 catillino
728 4878 748 4927 S
766 4878 882 4928 cotillena
903 4879 1096 4929 Ceanlillinue
