3525 5600
745 431 816 491 Ans
1181 459 1185 466 ·
1362 422 1423 488 357

1230 545 1252 586 p.
1265 534 1323 575 )1))
1337 534 1362 574 n
1378 533 1400 573 1.

148 619 218 700 gulis
240 619 457 680 consuetudine
486 620 637 678 cernimus
666 619 820 677 inmutata.
866 624 981 676 constat
1002 623 1102 676 tamen
1125 622 1155 675 et
1176 615 1338 692 genitivum
1361 613 1426 691 plu·

149 723 235 783 ralem
258 724 290 782 iu
313 724 374 781 ium
397 727 425 780 et
448 721 647 780 accusativum
671 718 817 798 pluralem
846 720 876 779 in
900 719 926 778 is
949 735 1007 777 non
1031 715 1067 776 ab
1090 717 1158 776 aliis
1179 715 1291 793 regulis
1314 717 1426 784 venire,

148 843 227 904 quam
249 823 287 884 ab
310 824 453 902 hisquae
477 822 647 902 praedictae
670 828 753 889 sunt,
783 821 838 880 etsi
868 821 943 880 istae
970 821 1053 898 ipsae
1076 820 1107 878 11
1130 837 1165 877 11
1186 820 1245 877 vim
1268 835 1351 878 suam
1373 834 1428 876 nec

149 932 284 1005 perpetua
307 924 514 985 observatione
537 923 718 984 custodiunt.

129 1044 140 1084 s
223 1025 309 1087 Nunc
331 1028 471 1107 quoniam
492 1026 666 1105 plenissime
682 1025 813 1084 exsecuti
837 1041 938 1083 sumus
960 1023 997 1083 ab
1020 1021 1149 1083 ablativo
1171 1022 1315 1099 singulari
1338 1039 1424 1099 regu·
1437 1033 1496 1090 379,
1511 1033 1542 1080 10

149 1129 185 1188 las
205 1131 322 1189 nmneri
352 1128 490 1206 pluralis,
520 1130 598 1188 scire
627 1125 809 1204 generaliter
836 1122 982 1185 debemus
1009 1142 1074 1183 esse
1097 1123 1188 1183 multa
1210 1125 1331 1183 nomina
1353 1141 1428 1201 quae

152 1231 183 1291 ad
203 1233 294 1291 istum
316 1229 451 1290 ordinem
475 1249 532 1290 non
556 1231 734 1309 pertineant.
771 1225 801 1286 id
824 1225 898 1286 adeo
920 1225 1031 1306 duplici
1053 1225 1141 1286 modo
1162 1227 1270 1285 evenit.
1314 1227 1429 1304 primns

150 1331 247 1394 modus
269 1340 330 1402 est,
354 1331 431 1410 quod
455 1331 599 1409 quaedam
622 1332 740 1390 nomina
763 1345 817 1388 nec
840 1328 949 1398 calunt
970 1330 1002 1388 in
1024 1328 1078 1388 bas
1100 1327 1226 1405 regulas,
1249 1334 1282 1385 ut
1304 1335 1372 1386 sunt
1394 1344 1428 1384 1)

150 1452 217 1513 (μω)
240 1452 358 1513 semper
381 1432 508 1512 pluralia
531 1439 613 1502 sunt,
637 1431 728 1492 veluti
744 1430 914 1490 Saturnalia
930 1429 1121 1508 Compitalia:
1144 1432 1297 1489 itemnon
1319 1427 1428 1488 cadunt

121 1535 287 1615 nquacdam
311 1535 347 1595 de
371 1536 565 1614 monoptotis),
590 1542 622 1594 ut
644 1535 689 1594 las
711 1533 795 1592 nelas
817 1533 915 1600 virus;
938 1533 1009 1591 item
1031 1530 1175 1610 quaedam
1198 1529 1234 1590 dc
1256 1531 1372 1608 aptotis,
1396 1537 1428 1588 ut

150 1645 350 1716 estnequam,
375 1639 513 1716 quoniam
536 1638 634 1696 omnia
661 1635 734 1694 baec
758 1641 807 1694 aut
835 1633 965 1693 litteram
988 1632 1109 1694 ablativi
1131 1639 1182 1694 aut
1203 1634 1301 1710 ipsum
1323 1630 1427 1692 ablati·

149 1758 214 1800 rum
233 1757 291 1798 non
314 1737 425 1798 habent
447 1738 608 1816 singularis
631 1737 763 1806 numeri,
787 1755 803 1796 a
825 1734 934 1814 quibus
956 1734 1134 1814 dirigantur.
1164 1735 1264 1812 itaque
1286 1751 1338 1794 sua
1360 1751 1427 1811 pro·

72 1880 74 1892 .
150 1843 211 1919 pria
232 1840 435 1900 observatione
458 1839 655 1900 declinantur.
691 1837 839 1898 secundus
862 1836 966 1896 modus
988 1845 1047 1905 cst,
1070 1835 1162 1916 quod,
1186 1837 1244 1895 etsi
1266 1834 1375 1896 cadunt
1397 1836 1428 1893 in

150 1941 290 2019 regulam,
320 1943 440 2020 regulae
468 1949 567 2002 tamen
596 1941 686 2001 veluti
716 1939 832 2000 addicta
860 1956 919 1998 non
945 1941 1094 2007 serviunt,
1122 1945 1156 1998 ut
1183 1945 1253 1997 suut
1285 1955 1320 1997 ea
1353 1954 1428 2016 quae

118 2059 262 2122 nsemper
284 2043 448 2122 singularia
471 2051 555 2112 sunt,
584 2051 616 2105 ut
639 2043 706 2112 lux;
735 2045 807 2102 item
829 2059 905 2120 quae
927 2042 1087 2119 septimum
1108 2047 1223 2101 tantum
1245 2057 1347 2099 casum
1368 2041 1428 2098 sin-

150 2147 276 2223 gularem
298 2143 425 2215 hahent,
455 2151 487 2204 ut
509 2151 613 2223 sponte
635 2143 715 2205 tabo.
759 2144 835 2204 nihil
858 2144 938 2203 enim
960 2141 1081 2222 prodest
1104 2160 1169 2201 esse
1191 2141 1307 2201 litteras
1328 2143 1360 2201 in
1382 2140 1430 2200 his

150 2247 314 2308 nominibus
343 2245 472 2308 ablativo
499 2247 643 2323 singulari
672 2245 801 2314 debitaS,
831 2263 899 2304 cum
926 2244 984 2305 alia
1011 2243 1158 2323 pluralem
1186 2261 1342 2304 numerum
1370 2261 1430 2302 nun

151 2352 302 2428 attingant,
327 2349 384 2410 alia
408 2349 511 2410 eodem
534 2348 621 2408 modo
643 2365 701 2407 non
728 2354 851 2408 mutent.
898 2349 970 2406 item
991 2363 1096 2424 graeca
1118 2352 1223 2405 neutra
1245 2363 1320 2424 quae
1342 2363 1358 2404 )
1380 2344 1428 2404 lit·

149 2461 209 2512 tera
231 2457 366 2530 correpta
388 2453 604 2519 terminantur,
634 2456 666 2509 ut
694 2449 731 2510 ab
753 2449 809 2508 hoc
831 2449 993 2509 schemate.
1036 2448 1109 2508 baec
1132 2449 1211 2507 enim
1234 2448 1363 2508 liberum
1385 2455 1430 2506 est

118 2552 231 2613 unobis
253 2561 281 2614 et
308 2553 345 2614 ad
374 2560 504 2614 nostram
533 2551 666 2629 regulam
694 2551 860 2620 declinare,
884 2559 918 2610 nt
940 2550 1045 2610 horum
1067 2549 1250 2610 schematum
1271 2549 1319 2610 his
1340 2556 1370 2608 et
1392 2547 1429 2608 ab

150 2655 193 2715 bis
213 2653 429 2725 schematibus,
454 2656 529 2714 etin
545 2655 727 2714 contrarium
750 2652 874 2723 ducere,
898 2654 967 2732 qnia
982 2660 1082 2712 nostra
1104 2669 1162 2711 non
1185 2659 1267 2722 sunt,
1290 2659 1323 2712 ut
1344 2650 1428 2712 sche-

150 2765 291 2819 matorum
319 2757 478 2818 schematis
506 2754 704 2825 declinemus,
739 2756 817 2817 sicut
843 2755 1019 2835 plerumque
1046 2761 1076 2814 et
1104 2755 1136 2814 in
1164 2752 1307 2816 Cicerone
1341 2762 1371 2815 et
1398 2755 1429 2814 in

149 2859 274 2921 Varrone
297 2860 434 2937 legimus.
1468 2863 1470 2868 '

229 2961 324 3041 Atque
347 2962 402 3022 hae
418 2962 538 3041 quidem
561 2962 682 3039 regulae
705 2958 821 3021 abunde
844 2961 983 3021 sullicerc
1005 2959 1168 3021 creduntur
1190 2959 1226 3020 ad
1249 2958 1428 3019 emendatio·

117 3078 214 3122 unem
238 3063 388 3142 loquendi.
409 3059 415 3144 l
433 3081 535 3123 verum
558 3070 656 3124 tamen
679 3081 716 3123 ne
738 3065 770 3123 in
792 3064 858 3141 ipso
880 3060 1009 3122 ablativo
1031 3081 1101 3123 casu
1122 3062 1267 3139 singulari
1289 3061 1430 3122 divinatio

150 3166 244 3243 potius
273 3182 361 3244 quam
390 3167 467 3225 ratio
495 3172 630 3243 putetur,
659 3183 717 3244 (μω
744 3167 791 3224 via
818 3166 914 3224 veniri
942 3164 978 3225 ad
1006 3183 1074 3225 eum
1101 3170 1236 3243 oporteat
1264 3164 1428 3243 explicabo.

149 3268 236 3343 igitur
258 3266 294 3327 de
318 3267 431 3344 regulis
453 3267 612 3345 singularis
635 3268 751 3327 numeri
773 3284 867 3346 pauca
890 3266 1015 3327 dicenda
1036 3275 1115 3328 sunt.
1144 3270 1175 3327 in
1197 3285 1256 3347 quo
1277 3266 1351 3326 mihi
1373 3266 1429 3327 dil·

149 3368 223 3428 troile
247 3376 276 3430 et
299 3369 424 3429 arduum
439 3368 558 3429 ridetur
580 3386 596 3429 a
618 3370 799 3429 nominativo
821 3370 956 3446 incipere
978 3368 1131 3445 singulari.
1168 3371 1195 3430 is
1217 3370 1297 3429 enim
1320 3368 1431 3429 nullam

121 3480 124 3487 '
149 3486 182 3529 er
204 3488 237 3529 se
260 3471 324 3529 lere
353 3478 464 3531 certam
487 3472 632 3531 rationem
661 3472 784 3539 emittit,
814 3472 862 3531 cui
885 3472 997 3531 servire
1020 3486 1142 3530 necesse
1165 3472 1204 3531 sit
1226 3470 1430 3531 condicionem

117 3586 268 3632 ucasuum
290 3578 469 3632 ceterorum.
505 3589 572 3631 nam
594 3572 769 3651 plerumque
792 3590 847 3631 nec
870 3590 1047 3641 consonans,
1071 3571 1123 3633 ubi
1146 3572 1181 3632 ad
1204 3572 1431 3633 declinationem

149 3680 266 3734 rentum
289 3682 348 3743 est,
372 3692 431 3734 una
454 3672 601 3743 succedit,
626 3682 657 3734 ut
679 3692 772 3753 nepos
793 3676 927 3753 nepotis,
956 3675 1224 3744 custoscustodis,
1256 3674 1310 3735 llos
1332 3673 1430 3744 noris;

149 3775 321 3855 plerumque
345 3775 476 3835 vocalem
499 3775 619 3855 quidem
642 3778 673 3836 in
696 3794 732 3835 eo
753 3778 879 3855 positam
901 3774 1015 3855 obliqui
1042 3795 1129 3837 casus
1150 3784 1282 3862 serrant,
1306 3785 1338 3837 ut
1360 3795 1429 3837 ecce

150 3876 218 3937 luno
246 3876 368 3938 lunonis
396 3879 483 3947 lacit;
512 3878 688 3957 plerumque
717 3896 775 3937 non
804 3886 936 3947 servant,
971 3886 1004 3937 nt
1031 3879 1139 3957 cupido
1165 3879 1328 3958 cupidinis,
1362 3898 1431 3939 caro

149 3980 259 4049 camis,
294 3980 369 4039 1111
398 3980 536 4050 111111);
571 3979 746 4058 plerumque
780 3978 817 4039 ab
850 3981 954 4040 codem
985 3981 1166 4040 nominativo
1198 3982 1289 4042 simili
1317 3980 1431 4061 obliqui

229 4216 246 4267 3
267 4232 333 4280 quae
356 4217 487 4282 prodictae
506 4226 565 4267 sunt
586 4226 610 4266 et
628 4218 691 4266 istae
707 4216 730 4265 l.
747 4232 812 4280 quae
836 4217 1074 4283 supradictarum
1093 4226 1118 4266 et
1135 4218 1173 4267 sic
1190 4219 1253 4268 istoc
1271 4218 1304 4269 M
1370 4216 1427 4283 nec]

149 4286 193 4335 bac
209 4288 233 4337 L
251 4286 301 4337 hec
319 4300 370 4335 111
387 4286 413 4336 Β
481 4288 606 4337 11111).
625 4286 680 4337 BL
748 4284 947 4353 hgeneraliter]
972 4286 1122 4352 regulariter
1136 4287 1170 4336 M
1237 4288 1386 4339 'lordinem
1403 4290 1430 4337 id

149 4365 183 4405 est
200 4357 305 4407 ebletiui
324 4370 373 4406 non
392 4356 534 4423 pertineant
553 4358 577 4407 B
646 4356 663 4406 8
682 4371 727 4405 nec
741 4356 832 4406 cadunt
851 4357 952 4419 quidem
967 4358 992 4405 11
1012 4357 1068 4408 BL
1136 4357 1318 4423 ilcompetelia
1331 4358 1364 4407 M

153 4426 181 4477 13
198 4427 327 4477 secundus
346 4427 437 4477 modus
455 4441 505 4488 quo
519 4426 575 4479 BL
594 4426 719 4476 secundnm
744 4434 782 4476 est
800 4426 867 4489 quod
883 4426 917 4474 M
983 4427 1015 4478 14
1033 4436 1060 4475 ut
1078 4436 1138 4476 sunt
1155 4425 1196 4494 ee]
1218 4442 1249 4476 ea
1265 4434 1324 4477 sunt
1336 4426 1403 4477 ΒΜ
1406 4427 1430 4476 L

213 4498 247 4547 15
267 4497 372 4563 septimi
390 4504 485 4545 tantum
504 4512 578 4547 cesus
597 4493 738 4561 singularia
756 4498 855 4557 (cesum
874 4495 932 4560 sing
944 4492 982 4558 L)
1002 4506 1061 4546 sunt
1075 4496 1135 4546 BL
1186 4496 1219 4547 18
1234 4504 1329 4547 molent
1348 4495 1381 4545 M

151 4566 205 4615 item
223 4576 284 4616 sunt
302 4580 394 4632 graece
409 4574 498 4616 neutra
516 4566 620 4615 Mitem
638 4579 714 4630 grece
736 4564 837 4613 nomine
855 4574 945 4615 neutra
963 4565 987 4614 L
1004 4566 1063 4615 item
1081 4580 1175 4631 graece
1191 4566 1217 4615 B
1285 4564 1320 4617 20
1335 4565 1430 4616 clinare

151 4636 207 4686 ML
278 4636 311 4687 21
334 4646 502 4685 scemctornm
527 4636 644 4685 scematis
663 4634 695 4683 M
712 4634 866 4685 schematum
890 4634 1027 4685 schematis
1044 4636 1070 4685 B
1091 4635 1259 4685 schemestum
1277 4634 1387 4686 schemis
1405 4635 1430 4684 L

214 4704 448 4773 2111111111(
518 4716 542 4757 et
556 4709 645 4769 priore
660 4706 713 4755 loeo
728 4703 821 4755 11).Μ
888 4705 914 4753 11
924 4707 1067 4768 posteriore
1083 4706 1138 4756 loco
1154 4720 1200 4757 om,
1220 4707 1256 4756 L:
1273 4706 1309 4770 cs.
1330 4704 1429 4756 0111111.

147 4790 173 4838 p.
187 4776 228 4835 13,
242 4777 286 4828 1².
309 4774 368 4837 123,
385 4776 409 4831 3.
431 4774 489 4837 131,
504 4775 545 4829 10.
566 4774 665 4839 1411,
689 4774 747 4838 141,
763 4774 797 4826 29
867 4774 899 4825 31
915 4775 1028 4824 succedit
1041 4776 1079 4838 (11
1098 4775 1211 4839 genitiuo
1228 4776 1290 4828 odd.
1305 4773 1342 4838 1))
1361 4782 1388 4825 ut
1400 4775 1431 4825 M

215 4848 248 4897 32
268 4846 371 4911 quidem
389 4862 434 4898 orn.
450 4845 482 4895 M
550 4854 577 4895 ut
595 4841 663 4911 ecoe]
681 4848 707 4895 1))
724 4860 803 4912 marg.
821 4845 907 4899 curbo.
930 4846 986 4894 onis
1004 4859 1181 4913 agamemnon.
1200 4846 1374 4901 1111111111(

150 4912 182 4965 33
201 4930 248 4968 111
268 4918 405 4967 obseruact
418 4917 450 4966 M
1110 4916 1123 4935 ⁶
1384 4911 1388 4919 “
