3525 5600
302 386 363 450 162
868 387 1022 452 Pourutt

325 497 486 552 pue-arr.

301 577 414 659 syllaba
437 577 570 638 dedicata
593 584 639 637 est
660 579 762 655 generi
785 583 906 648 neutro,
930 596 1082 639 scamnum
1106 583 1233 646 tectum:
1264 584 1294 638 et
1322 577 1471 638 invenitur
1497 582 1607 634 tamen

300 697 361 741 non
383 697 545 758 numquam
566 678 687 740 alterius
708 681 828 758 generis
850 682 881 740 iu
905 679 1007 742 eadem
1023 679 1134 760 syllaba
1150 680 1341 740 terminatum
1357 697 1476 740 nornen.
1500 679 1608 738 sciens

301 802 372 862 crgo
395 782 508 860 aliquas
530 779 647 860 regulas
669 780 800 842 addictas
823 801 888 842 esse
911 782 1069 862 generibus
1091 789 1197 843 tractat
1221 783 1378 843 contraria.
1415 781 1498 850 dicit,
1525 779 1609 839 baec

300 903 349 947 res
376 903 437 946 non
464 893 493 946 te
521 883 663 964 decipiat:
695 902 763 944 narn
790 886 981 947 inveniuntur
1009 884 1094 946 aliter
1117 887 1308 964 personantia
1331 893 1361 945 et
1383 882 1506 946 alterius
1531 887 1610 942 sunt

300 989 427 1067 generis.
473 1005 511 1047 ne
533 986 614 1046 dicas
635 985 709 1046 mibi
732 987 820 1047 ‘ecce
842 1005 953 1048 nomen
975 989 1006 1048 in
1029 1007 1045 1048 a
1069 990 1141 1057 exit,
1166 987 1256 1050 debet
1277 988 1396 1066 generis
1419 1003 1486 1046 esse
1511 984 1636 1044 semi-:v

257 1112 261 1120 ·
301 1092 390 1152 uini'.
434 1107 501 1150 narn
530 1096 625 1168 potest
652 1089 716 1149 lieri
749 1095 782 1148 ut
808 1097 893 1154 sonet
919 1091 1094 1151 femininum
1123 1097 1152 1151 et
1179 1091 1217 1150 sil
1245 1089 1452 1156 masculinum,
1484 1093 1520 1148 ut
1561 1093 1611 1146 est

300 1190 424 1254 Catilina
450 1192 579 1271 Agrippa
607 1190 739 1253 Messala.
784 1192 840 1253 isia
867 1195 988 1254 nomina
1013 1194 1214 1254 enuntiatione
1237 1199 1305 1252 sunt
1328 1193 1485 1259 leminina,
1510 1189 1610 1250 intel-

299 1292 377 1355 lecto
405 1301 474 1354 sunt
502 1293 673 1354 masculina.
719 1300 769 1354 aut
796 1313 813 1354 e
842 1297 991 1356 contrario
1015 1295 1218 1356 enuntiatione
1241 1294 1417 1362 masculina,
1442 1290 1610 1353 intellectu
1636 1292 1640 1300 '

300 1396 457 1467 leminina,
483 1404 515 1457 ut
538 1396 698 1458 Eunuchus
721 1397 885 1465 comoedia,
909 1397 981 1458 baec
1004 1396 1166 1459 Eunuchus
1188 1397 1349 1458 comoedia.
1394 1398 1457 1475 ipsa
1481 1397 1526 1455 ita
1555 1413 1612 1473 ap-

299 1498 442 1579 pellatur:
471 1515 540 1559 uam
567 1500 609 1558 ita
636 1498 760 1576 legimus
782 1500 900 1579 inipso
923 1499 1079 1568 Terentio,
1104 1496 1445 1581 ‘quamgtranstulit
1466 1499 1506 1557 in
1532 1497 1612 1557 Eu·
1628 1509 1653 1546 ¹⁰

300 1600 458 1661 nuebum
492 1603 621 1661 suam'.
665 1600 785 1661 Orestes
811 1602 976 1680 tragoedia,
1012 1600 1084 1662 baec
1117 1606 1244 1682 myrtus,
1272 1599 1347 1662 haec
1375 1599 1493 1661 laurus:
1526 1598 1613 1659 baec

301 1703 503 1764 enuntiatione
526 1710 596 1764 sunt
618 1702 794 1772 masculina,
818 1703 972 1766 intellectu
995 1703 1146 1764 feminina.
1191 1705 1262 1764 item
1286 1703 1489 1764 enuntiatione
1513 1701 1614 1762 lemi-

300 1809 384 1877 nina,
414 1804 565 1866 intellectu
589 1812 709 1874 neutra,
734 1811 766 1865 ut
787 1823 893 1884 poema
917 1803 1063 1868 emblema
1087 1807 1285 1885 epigramma:
1320 1804 1392 1868 llaec
1415 1805 1613 1865 enuntiatio·

301 1927 367 1971 nem
396 1908 508 1970 babent
535 1907 684 1977 feminini,
713 1916 812 1968 tamen
834 1917 939 1968 neutra
962 1916 1039 1969 sunt.
1086 1910 1274 1969 econtrario
1297 1908 1367 1968 item
1392 1908 1613 1967 enuntiatione

300 2017 419 2081 neutra,
449 2008 599 2070 intellectu
627 2009 782 2081 leminina,
813 2018 845 2071 ut
872 2009 1069 2073 Phronesium
1098 2010 1204 2072 mulier
1233 2009 1278 2070 vol
1300 2007 1469 2088 Glycerium
1495 2017 1529 2070 et
1556 2007 1612 2068 illa
1628 2021 1654 2060 tr

181 2123 377 2191 431,aoqoae
396 2115 427 2173 iu
450 2111 612 2174 comoediis
633 2111 767 2190 legimus,
793 2111 798 2195 1
821 2115 893 2173 item
917 2114 1120 2174 enuntiatione
1143 2112 1320 2182 masculina,
1345 2111 1501 2172 intellectu
1527 2130 1614 2173 neu-

299 2224 358 2277 tra:
388 2217 414 2275 si
442 2215 522 2276 dicas
549 2213 672 2294 pelagus
700 2213 817 2292 vulgus,
840 2217 923 2294 quasi
947 2215 1144 2276 masculinum
1167 2224 1226 2285 est,
1258 2223 1287 2276 et
1315 2222 1412 2274 tamen
1441 2212 1614 2275 intellectu

299 2325 439 2379 neutrum
462 2326 516 2377 est.
547 2321 578 2376 ct
598 2315 707 2377 adiecit
719 2315 840 2396 vulgus,
864 2317 917 2377 sed
941 2317 997 2378 boc
1019 2336 1078 2378 non
1101 2325 1145 2378 est
1167 2325 1296 2378 trellum:
1321 2335 1387 2377 nam
1411 2325 1510 2395 potest
1538 2335 1615 2378 esse

299 2429 329 2481 et
349 2417 544 2480 masculinum
568 2425 598 2480 et
620 2427 769 2480 neutrum.
798 2419 879 2479 rides
903 2437 973 2498 ergo
996 2420 1136 2498 quoniam
1158 2437 1269 2498 genera
1292 2428 1363 2480 sunt
1385 2435 1460 2496 quae
1486 2417 1616 2478 discre-

299 2530 372 2603 pant
393 2521 552 2599 aliquando
574 2539 590 2581 a
614 2521 734 2600 regulis.
1630 2535 1657 2571 ro

140 2689 143 2696 ,
181 2636 240 2698 431,
253 2636 287 2686 29
371 2625 478 2703 ,Saepe
500 2625 645 2702 contingit
668 2631 701 2684 ut
722 2625 753 2684 in
776 2621 919 2700 singulari
944 2641 1069 2684 nurnero
1085 2624 1205 2686 alterius
1227 2624 1345 2701 generis
1367 2623 1405 2682 sit
1427 2628 1456 2680 ct
1477 2621 1510 2681 in
1538 2620 1618 2702 plu·

299 2727 356 2788 rali
377 2727 507 2788 alterius.
535 2728 704 2788 invenimus
725 2727 804 2786 enim
826 2726 856 2786 in
879 2724 1020 2805 singulari
1045 2743 1169 2786 numero
1192 2724 1271 2786 aliud
1294 2742 1389 2803 genus
1412 2731 1441 2784 et
1463 2721 1553 2784 aliud
1582 2727 1618 2785 in

299 2829 420 2910 plurali,
451 2837 483 2890 ut
510 2838 554 2890 est
582 2828 731 2891 balneum.
776 2828 833 2889 boc
860 2827 1000 2889 balneum
1028 2828 1156 2889 dicimus
1183 2830 1214 2889 in
1238 2846 1365 2889 numero
1387 2824 1553 2903 singulari,
1585 2836 1620 2888 et

299 2933 329 2992 in
357 2929 465 3011 plurali
494 2930 618 2992 dicimos
644 2930 701 2992 bae
725 2929 848 2999 balneae
876 2930 930 2991 bas
953 2930 1085 2991 balneas:
1126 2932 1294 2992 ‘occisus
1324 2936 1378 2990 est
1407 2948 1422 2990 a
1452 2928 1618 2990 balneis

299 3032 490 3095 Pallaceni
522 3052 539 3093 a
572 3052 663 3094 cena
696 3032 848 3093 rediens
880 3033 1015 3093 Romae
1048 3034 1183 3094 Sextus
1216 3033 1400 3093 lloscius'.
1445 3032 1520 3091 ilem
1565 3040 1660 3093 ester

300 3136 473 3196 femininum
501 3138 533 3197 in
555 3133 701 3215 singulari
723 3145 753 3197 et
778 3137 809 3195 iu
833 3133 940 3213 plurali
963 3144 1115 3205 neutrum,
1140 3142 1171 3195 ut
1194 3134 1267 3195 baec
1291 3132 1445 3202 carbasus,
1470 3142 1502 3193 et
1526 3132 1618 3197 haec

299 3236 422 3299 carbasa
450 3236 577 3299 elicimus
604 3240 637 3298 in
664 3235 781 3316 plurali.
827 3239 897 3297 item
921 3239 951 3296 in
975 3236 1117 3315 singulari
1140 3256 1266 3299 numero
1288 3238 1438 3298 iuvenitur
1460 3238 1618 3299 masculi-

300 3359 387 3412 num,
416 3343 448 3402 in
477 3338 582 3420 plurali
611 3348 764 3408 neutrum,
794 3338 842 3399 bic
865 3339 1005 3401 Tartarus
1033 3347 1063 3399 et
1085 3338 1157 3401 baec
1180 3338 1311 3401 Tartara.
1359 3336 1504 3399 debemus
1530 3358 1618 3417 ergo

220 3467 224 3474 >
300 3451 418 3512 notare,
442 3442 560 3521 mando
576 3447 647 3503 sunt
661 3444 780 3502 nomina
797 3443 827 3500 in
843 3437 977 3522 nulmero
992 3440 1135 3519 singulari
1150 3440 1272 3503 alterius
1288 3442 1408 3519 generis
1423 3448 1453 3499 el
1474 3440 1618 3503 alterius

300 3546 330 3604 in
353 3542 476 3624 plurali,
506 3552 538 3605 ut
564 3546 607 3605 sic
634 3543 775 3605 dicantus.
820 3543 871 3603 scd
895 3544 972 3605 scire
995 3542 1086 3605 debes
1108 3544 1188 3621 quod
1212 3564 1230 3601 s
1260 3544 1332 3605 baec
1356 3540 1472 3611 balnea,
1499 3552 1538 3603 ut
1564 3554 1660 3605 estat
1726 3532 1727 3571 ³

301 3651 467 3708 ‘secreta
490 3648 583 3724 lugit
606 3645 702 3715 loca,
728 3642 861 3706 balnea
885 3647 1004 3706 vitat'.
1035 3644 1149 3707 caelum
1165 3663 1291 3706 numero
1311 3644 1455 3723 singulari
1476 3650 1618 3722 generis

301 3750 399 3810 neutri
422 3756 479 3820 est,
508 3749 539 3809 in
566 3745 676 3827 plurali
703 3746 873 3809 masculini:
910 3748 966 3808 hoc
989 3748 1103 3809 caelum
1126 3749 1252 3810 dicimus
1274 3754 1304 3807 et
1326 3747 1358 3807 bi
1379 3744 1467 3815 caeli;
1499 3752 1617 3828 ‘quis
1692 3734 1699 3739 ⁸

433 3904 462 3909 ..
505 3884 608 3910 mk..

370 3990 450 4038 2non
471 4003 608 4052 numquam
633 3986 687 4037 Aa
704 4003 750 4039 nec
766 4002 903 4051 numquam
922 3986 977 4038 Cnl
1049 3988 1074 4037 iu
1095 3988 1183 4037 eadem
1202 3987 1277 4038 8οα
1295 3986 1318 4035 in
1340 3987 1444 4035 alterius
1463 3986 1563 4038 eadem
1585 3990 1615 4040 A
1665 4002 1675 4025 ‘

300 4058 421 4111 diruerat
438 4060 564 4109 contrario
584 4058 657 4109 aua
676 4067 755 4109 tracta
770 4060 895 4109 contrario
914 4059 937 4107 A
1009 4060 1025 4109 4
1045 4059 1208 4107 inueniuntur
1226 4058 1299 4110 aliter
1312 4056 1388 4109 8οα
1407 4057 1479 4107 aliter
1497 4058 1616 4109 inueni-

301 4142 340 4181 tur
358 4129 383 4179 A
454 4129 511 4180 but
529 4129 603 4191 qrrosi
622 4140 695 4179 sonet
709 4128 897 4179 Lindemuunus
911 4130 983 4193 quasi
997 4137 1070 4178 sonet
1089 4128 1170 4179 ABG
1239 4126 1401 4176 Sintelleclu
1420 4134 1478 4175 sunt
1498 4142 1615 4179 maseu-

301 4201 352 4250 liuo
368 4198 412 4249 Al
429 4198 557 4249 intellectu
577 4198 718 4249 masculina
736 4199 761 4248 B
780 4200 907 4249 intellectu
926 4208 1009 4249 autem
1029 4200 1169 4249 masculina
1189 4198 1210 4249 G
1278 4197 1311 4248 10
1329 4196 1456 4263 Terentio]
1478 4196 1613 4255 munuera.

298 4274 367 4335 prol.
387 4268 422 4320 32
476 4266 655 4335 reqionum]
676 4270 865 4332 quantoABG
921 4272 955 4321 24
974 4270 1019 4319 lius
1037 4269 1164 4319 balnosA
1216 4267 1315 4319 occisus
1333 4264 1380 4333 est]
1402 4268 1453 4321 Gir.
1472 4284 1500 4333 p.
1521 4268 1613 4323 Rosc.

301 4342 357 4396 Am.
373 4340 398 4401 7,
414 4339 447 4390 18
498 4354 512 4389 a
532 4339 629 4389 balneis
642 4338 766 4404 pallaeeni
781 4336 872 4391 aua*
888 4340 962 4390 abolu
977 4382 983 4393 .
999 4380 1024 4394 ..
1042 4338 1088 4403 (ad
1107 4340 1211 4390 balneas
1224 4350 1250 4389 ut
1267 4339 1365 4389 ridetur
1383 4337 1412 4401 a)
1429 4337 1567 4405 pollageui
1584 4348 1614 4392 Α

369 4410 403 4461 25
422 4410 522 4460 rediens
542 4408 616 4459 BCa
634 4410 793 4460 redicensA
849 4418 938 4461 sextus
957 4408 1046 4461 noa*
1066 4409 1179 4461 secusA
1242 4408 1379 4459 tostiusA
1433 4407 1467 4459 ’26
1489 4418 1517 4459 ιιι
1539 4408 1616 4463 haec

300 4481 430 4532 carbasina
442 4478 524 4544 (corr.
540 4478 609 4542 aas)
626 4489 650 4529 et
664 4479 727 4529 baec
740 4480 847 4530 carbasa
860 4481 885 4530 A
899 4489 925 4529 ut
941 4478 993 4545 (est
1005 4480 1067 4534 odd.
1079 4480 1116 4543 B)
1130 4479 1193 4529 liaeo
1213 4480 1347 4529 carbaseus
1362 4488 1385 4529 et
1399 4478 1462 4529 lineo
1476 4481 1614 4534 carbaseo

299 4552 346 4602 Bc
398 4550 432 4602 30
449 4552 487 4601 sic
501 4551 616 4600 dieamus
628 4549 704 4600 8οα
719 4552 742 4599 si
754 4551 870 4601 dieamus
889 4551 913 4599 A
966 4550 1012 4600 sed
1031 4552 1095 4600 scire
1115 4550 1194 4600 debes
1212 4550 1280 4613 quod
1297 4548 1379 4613 (corr.
1401 4550 1468 4613 quod
1488 4548 1558 4601 hoec
1579 4554 1612 4617 a)

301 4622 391 4671 balnea
406 4630 435 4671 ot
453 4630 492 4671 est
509 4622 602 4671 seeriia
618 4620 697 4685 (corr.
711 4622 821 4682 secreta)
836 4656 863 4673 ..
879 4620 974 4671 edebas
990 4622 1056 4683 quod
1075 4620 1138 4670 haec
1151 4619 1241 4669 balneo
1259 4620 1286 4669 iit
1304 4629 1343 4669 est
1356 4620 1422 4686 lugu
1436 4618 1493 4669 loca
1507 4621 1612 4673 balnea

301 4692 395 4745 uitat..
417 4692 515 4741 caelum
535 4692 567 4744 A.
587 4693 680 4741 lacuna
697 4708 771 4758 quam
789 4693 900 4741 indicaui
916 4692 951 4739 itu
968 4692 1083 4756 suppleri
1098 4698 1190 4753 polest,
1208 4690 1254 4740 sed
1272 4691 1337 4741 scire
1355 4691 1432 4740 debes
1452 4692 1525 4753 quod
1544 4706 1616 4743 sunt

301 4762 387 4825 aliquo
406 4763 509 4811 nomine
528 4776 593 4824 quoe
606 4762 708 4811 diverso
722 4778 817 4828 genere
836 4763 956 4826 leguntur
975 4762 1000 4811 in
1020 4776 1124 4812 numero
1137 4760 1243 4826 plurali:
1264 4774 1320 4809 nam
1341 4760 1486 4811 invenimus
1507 4772 1532 4811 et
1555 4762 1611 4813 hae

301 4833 405 4881 balneae
425 4832 526 4881 ethaeo
542 4832 640 4891 balnea,
659 4832 870 4893 adbreviando,
889 4831 936 4883 sed
951 4832 1017 4881 scire
1035 4832 1157 4881 debemus
1176 4832 1243 4894 quod
1259 4830 1367 4882 dicimus
1384 4840 1408 4881 et
1427 4829 1490 4880 haec
1510 4832 1612 4885 balnea

370 4900 401 4953 31
416 4896 523 4965 secretu]
548 4902 612 4952 Hor.
630 4903 664 4953 de
680 4909 731 4953 ort.
747 4910 815 4965 poet.
833 4900 885 4954 298
956 4900 989 4953 3¹2
1006 4900 1074 4968 quis]
1096 4902 1233 4975 Lucretii
1256 4900 1322 4953 1097
