3525 5600
324 392 385 458 194
890 394 1044 458 vomeri

346 503 470 556 pne-va
484 501 507 544 ι.

319 584 464 660 iugerum.
495 601 563 644 nam
586 601 645 644 non
667 589 766 663 potest
786 583 818 643 in
835 581 961 644 ablativo
983 581 1126 661 singulari
1148 601 1166 642 o
1188 580 1286 643 littera
1308 581 1463 642 terminari
1483 581 1515 642 in
1537 599 1615 641 neu·

320 693 366 745 trn
387 703 498 763 genere
519 686 576 746 nisi
597 704 614 746 a
637 687 817 746 nominativo
839 703 889 746 um
911 687 1083 755 terminato,
1107 684 1164 744 hoc
1185 682 1328 764 templum
1350 683 1387 744 ab
1409 682 1467 744 hoc
1488 681 1631 762 templn,=

320 785 375 846 hoc
404 793 514 848 tectum
542 786 580 848 ab
608 787 665 849 hoc
692 781 779 848 tecto.
824 789 849 848 si
877 788 920 848 sic
948 787 1073 856 dixeris,
1103 785 1141 847 ab
1163 785 1220 847 hoc
1241 787 1359 864 iugero,
1383 785 1441 846 crit
1461 785 1612 863 iugerum.

318 888 370 950 sed
398 890 506 950 iterum
533 888 639 951 laisum
668 897 726 959 est,
755 891 839 970 qnia,
868 891 894 950 sl
924 887 1033 950 dixeris
1054 889 1206 967 iugerum,
1230 905 1333 948 omnes
1354 905 1442 948 casus
1463 885 1614 948 secundae

319 998 406 1050 erunt
433 989 647 1052 declinationis.
693 1009 781 1071 quem
809 990 845 1053 ad
874 989 996 1052 modum
1023 989 1081 1051 hoc
1108 1007 1262 1052 scamnum
1290 989 1379 1050 huius
1405 989 1521 1050 scamni
1542 987 1642 1047 hares

318 1109 438 1152 scamno
467 1092 523 1155 hoc
552 1110 720 1162 scamnum,
749 1093 791 1154 sic
818 1092 911 1154 hahes
939 1100 969 1154 et
996 1092 1053 1154 hoc
1081 1091 1248 1162 declinare,
1278 1091 1336 1152 hoc
1363 1093 1500 1169 iugerum
1528 1089 1614 1150 huius

316 1193 427 1272 iugeri;
451 1213 511 1255 non
534 1193 622 1256 huius
643 1195 769 1272 ingeris,
793 1195 845 1254 sed
869 1195 959 1255 huius
979 1194 1085 1273 iugeri.
1130 1193 1263 1256 sednon
1286 1193 1343 1254 hnc
1364 1194 1535 1271 sequimur,
1559 1189 1612 1252 sed

317 1313 497 1375 usurpamus
519 1314 621 1358 casum
643 1294 803 1357 ablativum
818 1295 1014 1374 singularem
1036 1295 1144 1375 reliqui
1166 1313 1272 1357 omnes
1293 1313 1380 1356 casus
1402 1303 1614 1356 remanserunt

315 1399 347 1459 in
371 1400 456 1460 tertia
479 1397 683 1460 declinatione.

372 1505 373 1508 ’
400 1501 424 1560 V
447 1502 623 1562 terminatus
645 1500 789 1562 ablativus
811 1502 981 1578 genetivum
1009 1499 1154 1579 pluralem
1179 1497 1183 1582 Ι
1206 1501 1238 1561 in
1260 1518 1332 1560 uum
1354 1500 1457 1566 mittit,
1481 1497 1609 1559 dativum
1626 1514 1652 1552 ιιι

316 1609 346 1662 et
368 1601 527 1663 ablativum
549 1604 579 1663 iu
604 1601 672 1672 hus,
703 1610 736 1662 ut
757 1601 794 1663 ah
816 1602 873 1662 hoe
898 1620 984 1663 versu
1007 1600 1115 1662 horum
1136 1620 1277 1664 versuum
1298 1600 1345 1662 bis
1367 1610 1397 1663 et
1417 1599 1456 1662 ah
1477 1600 1525 1661 his
1546 1616 1612 1660 ver·

202 1717 261 1778 434,
276 1716 308 1766 28
321 1702 411 1765 sibus,
450 1705 619 1785 quaeritur,
643 1713 743 1766 utrum
766 1704 928 1766 debeamus
950 1704 1051 1765 dicere
1073 1703 1232 1773 versones,
1256 1721 1344 1783 quern
1366 1701 1403 1763 ad
1425 1701 1546 1763 modum
1569 1700 1613 1760 di·

316 1795 411 1866 cimus
434 1806 578 1877 arcubus,
603 1825 691 1887 quem
715 1807 750 1868 ad
774 1806 894 1867 modum
918 1805 1044 1867 dicimus
1065 1803 1197 1866 artubus.
1243 1808 1285 1865 ait
1305 1806 1363 1874 sic,
1387 1805 1465 1864 ‘non
1489 1821 1612 1864 necesse

316 1913 385 1969 est’.
431 1927 487 1988 qua
515 1893 631 1970 ratione
660 1927 720 1969 uon
742 1927 864 1970 necesse
887 1910 949 1969 esti
977 1908 1117 1988 quoniam
1139 1905 1190 1968 illc
1211 1905 1326 1969 dativus
1347 1904 1469 1987 pluralis
1490 1903 1536 1964 vel
1559 1903 1610 1964 ab·

315 2008 435 2078 latirus,
460 2011 577 2091 quando
600 2019 709 2073 exeunt
730 2011 761 2071 in
784 2009 873 2078 ubas,
904 2011 1080 2070 necessitate
1101 2017 1228 2078 exeunt,
1252 2026 1312 2069 nou
1335 2007 1498 2068 secundnm
1520 2020 1651 2083 regu-1⁶

204 2163 208 2170 .
315 2111 387 2182 lam;
418 2112 470 2173 sed
493 2111 624 2174 volentes
646 2113 744 2174 lacere
766 2112 964 2173 dillerentiam
986 2112 1204 2191 interponimus
1225 2111 1312 2172 istam
1335 2109 1463 2171 litteram
1486 2115 1516 2169 et
1537 2127 1608 2169 con·

314 2215 467 2275 vertimus.
512 2223 543 2276 ut
564 2221 634 2295 puta
657 2213 694 2274 ab
717 2213 774 2274 hoc
796 2232 866 2275 arcu
890 2222 919 2275 et
941 2212 978 2274 ab
1000 2211 1056 2274 hac
1078 2231 1147 2275 arce
1169 2213 1292 2273 iacimus
1319 2210 1493 2272 ablativum:
1524 2207 1604 2270 aliud

315 2323 359 2377 est
381 2335 449 2388 arx,
473 2315 553 2378 aliud
576 2325 620 2378 est
641 2333 742 2385 arcus,
767 2314 823 2375 alia
845 2315 1021 2394 significatio
1042 2323 1102 2385 θεῖς
1125 2315 1151 2376 si
1165 2315 1247 2376 dicas
1261 2313 1393 2383 arcibus,
1416 2330 1501 2374 arces
1517 2313 1608 2391 signi-

314 2421 398 2488 ficas:
421 2421 446 2480 si
469 2419 551 2480 dicas
573 2417 715 2488 arcubus,
740 2435 827 2478 arcus
848 2417 1006 2496 significas.
1049 2423 1082 2477 nt
1103 2417 1197 2496 possit
1218 2417 1350 2487 secerni,
1374 2433 1496 2476 necesse
1518 2412 1611 2474 habes

313 2522 377 2582 iin
400 2541 419 2582 ιι
442 2529 572 2590 mutare,
596 2528 629 2582 ut
651 2518 731 2580 aliud
755 2520 793 2580 sit
815 2537 917 2594 arcus,
942 2517 1022 2580 aliud
1044 2537 1128 2580 arces
1150 2525 1180 2578 et
1201 2516 1316 2579 similia.
1355 2524 1488 2578 ceterum
1510 2521 1544 2576 ut
1564 2515 1609 2575 di·
1622 2531 1648 2569 ao

313 2641 415 2684 camus
438 2621 584 2683 versubns
606 2628 657 2682 aut
679 2621 829 2692 versibus,
853 2639 930 2699 quae
952 2623 1009 2682 crit
1031 2619 1215 2681 differentia?
1237 2618 1379 2698 numquid
1402 2616 1520 2698 quando
1543 2616 1610 2678 dico

313 2725 471 2795 versubns,
496 2723 576 2785 aliud
599 2725 727 2800 erit,et
748 2723 866 2804 quando
889 2723 956 2784 dico
979 2721 1121 2792 versibus,
1145 2719 1224 2782 aliod
1247 2722 1321 2782 erili
1350 2739 1420 2782 nnn.
1453 2719 1536 2780 unde
1557 2737 1610 2798 ap-

312 2836 397 2908 paret
418 2830 486 2909 quia
510 2846 568 2889 nnn
592 2827 781 2888 retinendum
806 2833 859 2887 est.
890 2824 992 2903 regula
1007 2826 1087 2886 enim
1102 2825 1166 2904 ipsa
1188 2826 1233 2884 sic
1254 2823 1361 2885 tradita
1383 2831 1442 2891 est,
1465 2822 1609 2883 ablativus

311 2928 469 3007 singularis
492 2949 511 2990 u
532 2928 629 2990 littera
652 2929 830 2991 terminatus
852 2926 982 2987 dativum
1004 2934 1034 2987 et
1055 2925 1213 2987 ablativum
1229 2924 1375 3004 pluralem
1389 2927 1422 2985 in
1436 2924 1492 2986 hus
1506 2926 1604 2993 mittit,

310 3032 382 3091 uin
405 3032 415 3090 i
438 3039 548 3092 mutata
575 3049 703 3110 semper.
748 3030 785 3091 ab
813 3030 870 3090 hoc
897 3046 999 3110 versu,
1033 3037 1113 3089 muta
1142 3045 1161 3087 u
1188 3029 1219 3086 in
1242 3029 1266 3097 i,
1290 3025 1366 3087 adde
1389 3025 1460 3095 hus,
1485 3034 1516 3086 et
1538 3026 1645 3087 tacitas

313 3132 459 3202 versibus;
483 3132 521 3193 ah
543 3130 598 3194 hac
620 3150 709 3193 manu
732 3132 802 3192 lacit
820 3130 822 3211 l
840 3131 991 3200 manibus;
1014 3128 1052 3190 ah
1065 3130 1121 3190 hac
1135 3130 1265 3209 porticu,
1288 3146 1309 3189 u
1330 3130 1362 3189 in
1383 3129 1394 3187 i
1416 3136 1506 3195 muta,
1530 3126 1606 3205 adde

313 3232 383 3305 bue,
413 3241 443 3296 et
469 3234 540 3295 lacit
568 3234 696 3295 dativum
725 3241 754 3294 et
782 3232 941 3295 ablativum
971 3231 1130 3313 pluralem,
1160 3229 1207 3291 bis
1234 3238 1264 3291 et
1291 3228 1329 3290 ah
1355 3229 1402 3289 his
1431 3229 1606 3309 porticibus.
1634 3311 1639 3317 ᾗ

313 3337 430 3417 quando
463 3342 562 3398 antem
595 3343 729 3397 remanet
762 3354 795 3405 u,
830 3352 951 3397 necemc
979 3333 1069 3394 habet
1097 3349 1253 3395 remanere
1282 3349 1372 3393 causa
1399 3331 1604 3400 discretionis;

216 3442 218 3446 ’
312 3439 428 3519 quando
452 3438 576 3500 dicimus
598 3437 726 3501 arcubus
748 3446 778 3499 et
799 3437 934 3507 arcibus,
957 3455 996 3497 ne
1011 3433 1056 3497 ¹sit
1077 3434 1176 3515 aliqua
1198 3433 1347 3502 conlusio,
1370 3451 1494 3495 necesse
1515 3432 1606 3495 habe·

311 3559 377 3601 mus
405 3542 462 3602 hoc
491 3540 658 3603 ohservare.
705 3548 734 3601 et
762 3542 834 3600 ilem
863 3556 901 3599 ne
929 3537 1063 3599 consumo
1085 3537 1125 3597 sit
1145 3538 1224 3597 inter
1245 3542 1326 3597 artus
1347 3542 1377 3596 et
1397 3541 1494 3605 artes,
1518 3551 1643 3595 causano

312 3642 497 3703 discretionis
524 3643 582 3703 hoc
611 3660 735 3703 necesse
764 3639 908 3701 hahemus
934 3640 1047 3709 lacere,
1081 3646 1114 3699 ut
1145 3657 1164 3699 ιι
1197 3643 1358 3700 remaneat.
1402 3637 1460 3697 hoc
1487 3637 1606 3717 quidem

312 3744 397 3806 hene.
444 3753 474 3806 et
495 3762 587 3824 quare
609 3742 666 3805 sibi
688 3745 774 3805 istam
796 3742 926 3803 litteram
949 3740 1126 3821 adsumpsit,
1149 3741 1187 3800 u?
1214 3758 1307 3820 qnare
1329 3758 1389 3800 nou
1411 3739 1539 3800 dicimus
1552 3758 1607 3819 „ar-

312 3846 419 3917 cubus,
443 3846 494 3907 sed
519 3845 665 3908 arcubus?
689 3842 824 3926 [quando
847 3843 983 3904 conlusio
1006 3851 1063 3913 est,
1087 3861 1148 3903 non
1170 3848 1274 3903 vacant
1294 3842 1368 3903 istae
1390 3858 1494 3902 omnes
1515 3842 1605 3902 ratio·

311 3948 377 4030 aes]
407 3950 545 4029 quoniam
574 3947 752 4009 antistichon
781 3952 833 4007 est.
878 3944 1057 4006 antistichon
1085 3944 1206 4014 dicitur,
1241 3942 1359 4023 quando
1386 3940 1478 4003 altera
1506 3942 1605 4003 littera

310 4070 365 4131 pro
392 4048 483 4112 altera
511 4050 640 4131 ponitur.
685 4049 742 4110 hae
769 4055 867 4111 autem
897 4045 977 4108 solae
1006 4048 1069 4107 eius
1096 4046 1177 4107 madi
1199 4052 1280 4115 sunt,
1304 4062 1381 4124 quae
1401 4062 1457 4123 pro
1478 4062 1512 4106 se
1533 4046 1644 4123 ponis

309 4160 447 4233 possunt,
472 4172 491 4214 u
514 4160 544 4214 et
564 4154 575 4214 i
596 4151 709 4222 littera;
733 4153 803 4213 istas
830 4149 944 4211 litteras
971 4166 1131 4228 possumus
1151 4150 1230 4209 inter
1250 4165 1285 4208 se
1305 4153 1429 4208 mutare.
1461 4148 1505 4207 vis
1526 4148 1604 4208 scire

379 4325 413 4375 12
431 4324 554 4375 dehemus
572 4323 629 4373 AB
702 4322 734 4374 13
751 4322 859 4372 arcubus
876 4328 901 4371 el
918 4320 1024 4371 artubus
1043 4318 1068 4368 Α
1138 4318 1171 4369 ld
1188 4331 1239 4380 qvia
1256 4318 1354 4367 ratione
1373 4331 1423 4367 non
1441 4331 1548 4368 necmae
1566 4325 1605 4368 est

309 4410 356 4449 om.
370 4394 435 4453 AB,
450 4394 512 4445 add.
531 4390 568 4445 nb
622 4393 654 4444 15
671 4393 697 4443 in
713 4393 779 4443 ubua
795 4408 812 4442 a
828 4392 853 4441 in
872 4392 921 4442 bus
939 4390 1022 4442 ABG
1075 4387 1107 4439 17
1126 4387 1197 4437 aliud
1215 4395 1254 4437 est
1270 4402 1318 4437 arx
1335 4386 1406 4437 aliud
1425 4387 1535 4438 arcnsG
1554 4388 1605 4438 alia

309 4474 348 4518 est
368 4478 414 4514 arx
438 4464 509 4515 aliud
532 4471 571 4515 eat
589 4462 641 4527 (est
658 4478 704 4517 om.
721 4460 783 4527 Ba)
798 4476 872 4511 arcus
890 4460 948 4511 AB
1019 4461 1054 4510 24
1072 4458 1172 4508 datiuos
1190 4465 1215 4507 et
1233 4456 1361 4508 ablaticus
1379 4456 1494 4522 plurales
1508 4459 1534 4507 A

308 4535 480 4587 mittuntAG
549 4534 582 4585 25
605 4549 682 4585 uersu
707 4530 879 4583 mutauBa
901 4546 977 4581 uersu
1002 4536 1099 4580 mutata
1122 4527 1212 4578 ιιΑο
1279 4527 1606 4580 2lluinimntataB0

376 4605 411 4656 29
428 4606 529 4656 arcibus
548 4604 598 4653 nisi
616 4604 649 4653 sit
665 4602 749 4654 Ana
797 4600 832 4653 30
849 4601 899 4651 linc
915 4601 1052 4651 obsemara
1070 4598 1124 4649 Ac
1139 4597 1188 4648 hoc
1200 4612 1305 4647 seruare
1319 4597 1362 4648 Ba
1415 4595 1447 4648 31
1472 4605 1603 4648 remanere

309 4675 340 4725 ab
365 4674 413 4724 buc
430 4675 455 4725 Α
481 4681 610 4725 remaneat
632 4673 664 4722 ob
688 4672 737 4724 hoc
754 4672 779 4721 B
849 4671 883 4722 32
907 4667 1026 4736 litteram]
1047 4669 1162 4735 regulam
1182 4668 1208 4718 B
1277 4665 1311 4719 33
1330 4666 1501 4718 coninsan
1569 4666 1603 4718 34

248 4772 253 4783 ‹
308 4746 427 4809 quoniam
447 4743 598 4795 antistichon
616 4743 711 4806 (littera
730 4742 791 4793 add.
808 4740 835 4805 c)
851 4750 891 4790 est
909 4738 1062 4791 antistichon
1082 4738 1174 4788 dicitur
1189 4737 1210 4788 0
1227 4738 1346 4801 quoniam
1363 4738 1500 4788 antistiann
1520 4738 1600 4798 (anti-

307 4814 405 4865 stlvicon
419 4813 458 4879 Α)
471 4814 554 4864 littera
574 4822 612 4864 eat
631 4813 765 4863 autisticnn
782 4810 916 4874 (antlricon
931 4810 954 4859 Α
972 4809 1125 4860 anthisticnn
1138 4806 1167 4870 a)
1185 4808 1278 4857 dicitur
1290 4807 1346 4857 AB
1397 4808 1498 4870 qnando
1518 4807 1599 4859 altera

307 4886 389 4934 littera
408 4901 424 4934 u
442 4884 543 4947 qnando
563 4898 577 4933 a
594 4882 675 4932 littera
694 4884 717 4932 A
736 4881 837 4945 quando
856 4880 906 4930 alia
920 4879 1002 4929 littera
1018 4878 1162 4941 liquando
1180 4877 1261 4927 altera
1280 4877 1301 4927 0
