3525 5600
196 1333 476 1418 EXOERPTA
512 1333 771 1448 MAOROBH
805 1336 877 1418 Da
912 1333 1285 1420 DIFFERENTIIS
1320 1335 1386 1416 ΕΤ

235 1487 604 1575 sodluunrlssvs
636 1486 833 1572 aarum
863 1490 1149 1595 LATINIQVE
1179 1488 1343 1574 VERBI

714 1709 927 1768 ’--ἱ

229 1877 322 1958 Quae
351 1877 538 1943 Macrobius
567 1877 607 1942 de
635 1879 825 1944 differentiis
853 1889 886 1944 ct
914 1881 1127 1946 societatibus
1149 1879 1259 1965 graeci
1280 1879 1438 1966 latinique

142 1981 237 2046 verbi
266 1981 442 2068 scripserat
468 2004 533 2044 nou
560 1982 703 2067 integra,
735 1982 783 2046 sie
809 1991 846 2046 ut
868 1984 910 2049 ab
932 1981 989 2049 illo
1018 1983 1274 2070 scripturaram,
1297 1992 1438 2046 aetatem

142 2083 304 2164 tulerunt,
328 2083 386 2147 sed
408 2106 481 2148 cum
504 2082 580 2172 olim
603 2107 623 2148 a
644 2085 862 2170 grammaticis
883 2087 1053 2173 utriusque
1074 2085 1205 2170 linguae
1227 2083 1382 2148 studiosis
1404 2084 1438 2146 in

142 2186 364 2273 conpendium
397 2185 533 2252 redacta
560 2196 593 2251 et
620 2185 694 2252 aliis
722 2188 866 2270 omissis,
899 2187 973 2252 aliis
1001 2188 1124 2252 additis
1152 2186 1205 2252 vel
1231 2187 1366 2250 mutatis
1395 2185 1437 2249 ad

142 2311 239 2352 usum
265 2287 430 2352 inferioris
458 2291 575 2352 aetatis
605 2290 847 2354 accommodata
875 2300 999 2370 essent,
1029 2299 1138 2354 vetere
1166 2288 1327 2353 Macrobii
1354 2288 1437 2352 libro

140 2389 292 2475 neglecto
315 2413 354 2454 ca
376 2411 459 2476 quac
481 2392 676 2476 posteriores
703 2393 908 2476 grammatici
937 2391 1084 2456 diversas
1106 2391 1248 2456 rationes
1271 2390 1375 2454 secuti
1397 2411 1438 2454 ex

141 2491 199 2555 illo
227 2491 427 2574 collegerant
457 2493 692 2558 consuetudine
725 2493 909 2559 scholarum
942 2504 1125 2581 propagata
1156 2503 1241 2557 sunt.
1285 2501 1439 2578 quattuor

141 2604 254 2659 autern
277 2604 505 2681 excerptorum
527 2617 648 2680 genera
669 2597 704 2659 in
725 2597 893 2661 codicibus
915 2619 1014 2661 manu
1036 2596 1165 2683 scriptis
1194 2597 1329 2659 inventa
1351 2603 1438 2658 sunt.

140 2719 158 2760 e
182 2696 303 2782 quibus
326 2695 408 2760 illud
430 2695 518 2783 quod
540 2699 644 2784 primo
672 2696 742 2764 loco
770 2701 864 2786 posui
893 2700 928 2762 in
949 2698 1061 2764 codice
1083 2698 1232 2763 Parisino
1257 2695 1339 2761 7186
1361 2696 1436 2780 legi·

140 2811 207 2865 tur.
251 2801 280 2863 is
309 2809 359 2864 est
385 2798 508 2865 formae
535 2797 713 2886 quadratae
741 2802 874 2866 minoris
904 2824 946 2866 ex
968 2802 1094 2867 duabus
1117 2801 1256 2865 diversis
1278 2800 1439 2865 membra·

139 2924 257 2965 narum
281 2900 428 2988 partibus
452 2902 650 2987 conpositus,
673 2926 810 2989 quarum
832 2904 1002 2990 posterior,
1025 2924 1108 2989 quae
1131 2912 1181 2967 est
1202 2903 1338 2966 duorum
1362 2923 1439 2986 qua·

140 3004 343 3083 ternionunr,
376 3002 538 3066 Macrobii
572 3016 727 3091 excerpta
758 3006 905 3070 continet
935 3004 1107 3070 undecimo
1142 3003 1271 3070 sacculo
1304 3004 1437 3089 scripta,

139 3107 163 3171 f.
181 3105 310 3170 42-56
334 3110 384 3171 Ex
404 3110 483 3169 libro
505 3109 694 3191 Macrobii*)
717 3114 756 3172 dc
777 3114 958 3189 differentiis
978 3120 1007 3172 et
1027 3112 1192 3172 amictant.
1213 3112 1301 3185 preci
1320 3112 1438 3183 latiniq:

138 3214 241 3273 uerti.
280 3214 394 3273 Grecos
421 3215 594 3288 latinaeque
614 3216 738 3288 linquae
757 3246 800 3259 -
822 3233 909 3274 οιοω.
947 3216 1095 3290 explicuit
1116 3215 1277 3288 defloratio
1298 3214 1336 3271 de
1361 3212 1439 3271 libro

139 3316 289 3375 ambrosii
307 3316 453 3375 macrobii
477 3316 623 3375 theodosii
650 3334 740 3391 quum
767 3318 913 3377 iohannes
939 3298 1101 3391 surpuerat
1128 3318 1172 3375 ad
1192 3317 1351 3376 discendas
1369 3331 1439 3387 yre-

138 3434 248 3477 corum
263 3419 421 3477 amborum
436 3420 568 3491 repulus.
598 3414 705 3499 spatio
727 3415 761 3477 in
783 3414 847 3477 fine
869 3416 1008 3501 paginae
1029 3414 1154 3494 relicto,
1177 3414 1210 3476 in
1232 3435 1295 3500 quo
1318 3411 1440 3497 scripta

140 3523 222 3579 sunt
244 3514 338 3595 haec,
367 3520 468 3577 Diana
490 3536 581 3593 prece
603 3520 715 3580 dicitur
737 3522 880 3581 arthemia
902 3525 991 3597 quasi
1015 3496 1172 3579 berotcmis
1193 3520 1251 3579 troc
1271 3526 1316 3579 est
1338 3534 1438 3577 aerem

138 3637 282 3694 caecans,
307 3618 453 3703 sequitur
475 3616 651 3683 declinatio
671 3619 781 3703 graeci
802 3619 895 3685 verbi
917 3624 1002 3685 ποιῶ
1025 3629 1058 3683 et
1079 3618 1249 3683 adnotatio
1272 3624 1438 3703 excerpto-

139 3720 206 3801 ris,
231 3718 255 3782 f.
282 3719 466 3783 56*-57*
503 3744 605 3813 ronam
628 3758 662 3768 -
685 3740 835 3795 oranaim.
887 3721 951 3786 fuit
986 3731 1096 3785 autem
1132 3720 1214 3785 haec
1248 3742 1323 3807 pars
1352 3718 1439 3781 codi-

138 3823 188 3885 cis
222 3820 298 3887 clim
329 3820 417 3885 Petri
444 3820 591 3903 Pithoei,
619 3825 710 3887 cuius
738 3846 857 3888 nomen
883 3825 935 3889 bis
963 3825 997 3887 in
1020 3846 1059 3887 ea
1081 3806 1239 3907 scriptum
1261 3830 1327 3903 cst,
1351 3819 1375 3885 f.
1396 3820 1438 3881 42

138 3932 174 3987 P.
192 3929 304 3988 Pithon
325 3933 358 3988 et
380 3922 404 3986 f.
426 3923 466 3987 57
489 3930 574 3989 Petri
587 3930 712 3989 Pithoei,
737 3948 838 4012 eoque
862 3924 978 3990 librum
1001 3924 1198 3989 concedente
1220 3924 1361 4009 primum
1383 3944 1437 3984 ea·
1477 3964 1480 3967 -

139 4029 268 4119 carptis
280 4024 439 4090 Macrobii
461 4048 539 4089 usus
563 4037 613 4091 est
627 4028 813 4093 Ludcvicus
830 4027 955 4107 Carrio,
979 4029 1035 4114 qui
1056 4028 1276 4110 fragmentum
1292 4022 1439 4089 Sallustii

138 4154 172 4215 p.
191 4128 278 4192 2765
294 4127 329 4190 Ρ.
353 4150 394 4191 ex
417 4126 545 4193 schedis
569 4129 756 4194 Pithoeanis
779 4152 814 4193 se
837 4130 981 4194 edidisse
1002 4128 1117 4192 scribit
1139 4126 1238 4191 schol.
1254 4128 1288 4190 in
1304 4125 1436 4190 Sallust.
1529 4190 1537 4205 ‚

139 4232 220 4295 bist.
243 4231 362 4313 fragm.
385 4252 417 4315 p.
439 4229 502 4294 253
525 4232 574 4296 ed.
592 4232 693 4297 Antv.
717 4256 746 4296 a.
764 4231 855 4296 1579.
879 4230 997 4295 deinde
1019 4230 1183 4295 Henricus
1200 4228 1382 4315 Stephanus
1404 4230 1439 4291 iu

140 4332 287 4419 epistula
309 4332 352 4394 ad
375 4330 532 4396 Iacobum
555 4334 737 4398 Danesium
759 4335 893 4421 scripta,
916 4354 999 4419 quae
1021 4332 1127 4397 estin
1149 4332 1290 4397 editione
1312 4330 1438 4394 Macro·

142 4435 188 4497 bii
208 4434 398 4499 aCarrione
411 4428 503 4499 'facta
517 4434 652 4498 Parisiis
675 4458 704 4499 a.
723 4435 813 4515 1585,
839 4441 899 4499 ‘ex
913 4436 1018 4499 veteri
1032 4434 1069 4498 P.
1086 4434 1214 4498 Pithoei
1236 4430 1438 4517 exemplari',

139 4546 179 4600 ut
204 4536 267 4617 ait,
297 4546 329 4599 et
356 4536 595 4620 praefationem
622 4536 725 4601 libelli
752 4536 857 4602 edidit
884 4547 917 4602 et
944 4545 1047 4601 totum
1079 4535 1197 4601 librum
1220 4558 1255 4599 se
1276 4534 1438 4599 editurum

231 4741 257 4807 *)
282 4742 413 4792 Macrobii
433 4744 553 4793 ambusti
572 4744 600 4793 in
620 4744 715 4793 codice
739 4746 869 4811 scriptum
893 4760 954 4795 esse
973 4743 1108 4792 indicavit
1125 4744 1209 4793 Ianus
1227 4746 1339 4792 auctore
1358 4744 1437 4791 Pres-

139 4826 222 4881 selio.
243 4828 322 4877 cuius
341 4842 425 4891 opera
443 4828 472 4877 in
491 4845 523 4877 eo
542 4828 709 4879 conferendo
728 4844 792 4879 usus
811 4835 862 4881 est.
900 4844 951 4894 ego
969 4830 999 4879 in
1017 4827 1113 4894 paucis
1132 4842 1202 4892 quae
1222 4827 1255 4877 de
1274 4827 1326 4876 hoc
1343 4827 1438 4879 codice

139 4910 277 4964 adnotari
295 4910 381 4962 solum
400 4914 535 4987 Macrobii
553 4928 650 4965 nomen
669 4913 776 4979 scripsi.
