3525 5600
294 311 356 375 136
862 311 1016 373 Ponant!

318 421 466 475 qnss'I-OEL.

293 503 429 582 eoquod
453 510 497 562 est
518 504 618 563 ‘torve
641 500 776 572 ciamat’,
805 500 1006 562 ‘horrendum
1030 505 1167 562 resonat'
1191 519 1246 582 pro
1270 520 1305 561 eo
1328 499 1406 580 quod
1431 506 1476 560 est
1498 498 1601 558 ‘bor-

293 603 386 664 rende
414 605 560 666 resonat’.
599 620 669 663 ecce
698 606 818 665 nomina
847 605 934 684 ponis
961 621 1016 683 pro
1044 603 1200 665 adverbiis.
1238 605 1307 665 item
1336 602 1476 664 adverbia
1504 601 1604 681 ponis

294 725 349 786 pro
364 705 534 767 nominibus
546 725 566 794 e
580 707 740 774 contrario,
764 707 789 765 si
812 705 893 766 dieas
908 723 974 767 oras
997 724 1092 766 mane.
1123 705 1195 766 dicit
1211 703 1356 784 Vergilius
1371 704 1470 765 ‘dum
1487 723 1517 764 m
1528 722 1545 764 a
1555 721 1602 762 ne

296 812 456 870 novum':
486 810 545 868 iam
572 826 659 868 mane
687 825 746 868 non
769 807 829 868 vuit
851 827 916 868 esse
939 808 1125 878 adverbium,
1157 808 1208 869 sed
1232 826 1354 868 nomen:
1392 825 1488 886 genus
1513 805 1602 866 onim
1719 863 1720 872 ἦ

294 930 355 972 non
377 911 486 970 accidit
506 909 663 980 adverbio,
687 909 739 970 sed
756 911 880 971 nomini.
912 929 946 969 ex
963 929 998 971 eo
1014 910 1093 988 quod
1108 910 1182 970 dixit
1197 911 1302 971 ‘mane
1318 913 1444 971 novurn’
1460 907 1630 970 ostendito
1719 993 1720 998 η

294 1031 405 1091 gentis:
438 1015 463 1073 si
490 1013 620 1072 ostendit
651 1031 760 1089 genus,
793 1013 865 1072 iecit
895 1028 1012 1073 nomen.
1056 1013 1127 1073 item
1161 1032 1219 1092 quo
1246 1012 1335 1073 modo
1368 1012 1438 1073 dioit
1470 1011 1605 1072 Persius

295 1113 410 1174 ‘aliud
441 1118 556 1175 oras':
595 1114 675 1174 aliud
704 1133 770 1175 oras
797 1115 822 1174 si
845 1113 936 1174 habet
957 1132 1066 1194 genus,
1089 1115 1153 1175 sine
1176 1114 1267 1176 dubio
1291 1133 1398 1176 nomen
1422 1123 1477 1176 est.
1526 1115 1605 1172 item

294 1235 383 1297 quem
407 1216 442 1276 ad
466 1215 585 1277 modum
609 1215 682 1276 dicit
703 1202 861 1277 Terentius

1117 1346 1316 1416 praeterea

447 1440 526 1517 ipso
549 1438 703 1498 meridie
726 1439 858 1499 faciam
888 1445 926 1498 ut
954 1437 1114 1518 stipulas
1144 1437 1316 1516 colligat:
1622 1475 1645 1511 10
1719 1431 1720 1476 1

295 1561 360 1639 ipso
383 1556 520 1626 meridie,
545 1573 641 1634 genus
662 1559 777 1637 posuit,
799 1559 864 1617 sine
888 1556 977 1618 dubio
1001 1575 1109 1618 nomen
1133 1565 1187 1618 est.
1223 1558 1295 1637 quid
1318 1561 1407 1636 ergo?
1431 1559 1521 1639 [ergo
1548 1579 1606 1619 no·

296 1662 377 1720 mina
400 1658 519 1740 quaudo
541 1668 611 1720 sunt
632 1658 786 1730 adverbia,
809 1661 868 1720 iam
891 1661 1038 1739 incipiunt
1059 1679 1145 1721 casus
1167 1659 1305 1742 habere}
1329 1661 1385 1722 hoo
1406 1663 1492 1722 scito.
1527 1679 1606 1738 ergo

257 1746 261 1752 ⁵
297 1763 417 1822 nomina
441 1761 560 1840 quando
582 1771 651 1822 suut
672 1761 825 1832 adverbia,
849 1763 996 1842 incipiunt
1017 1781 1104 1824 casus
1126 1781 1186 1823 non
1210 1760 1331 1822 babere.
1377 1781 1432 1842 qua
1461 1763 1608 1824 ratione?

298 1865 376 1942 quia,
400 1865 426 1924 si
449 1865 567 1924 nomina
590 1863 679 1925 modo
702 1883 762 1924 non
783 1883 838 1944 pro
861 1863 1032 1924 nominibus
1055 1865 1150 1944 posita
1173 1872 1251 1933 sunt,
1275 1865 1326 1926 sed
1348 1883 1403 1945 pro
1426 1865 1606 1948 advertbiis,
1719 1923 1720 1946 ἦ

297 1965 442 2027 adverbia
459 1972 557 2028 autem
580 1985 665 2027 casus
688 1985 749 2026 mm
770 1966 896 2036 babent,
921 1963 1030 2026 debent
1046 1967 1133 2027 etiam
1150 1965 1198 2027 iila
1222 1968 1351 2035 nomina,
1375 1987 1450 2046 quae
1466 1967 1645 2045 fungor-15

298 2078 347 2129 tur
370 2069 462 2128 vicem
485 2067 708 2137 adverbiorum,
722 2085 817 2135 =casus
839 2087 898 2128 non
921 2065 1042 2129 babere.
1080 2069 1150 2128 item
1173 2067 1337 2138 videamus,
1363 2079 1461 2131 utrum
1486 2088 1503 2129 e
1528 2088 1607 2129 con·
1719 2053 1720 2086 ³

299 2172 393 2231 trario
416 2170 473 2230 boc
494 2171 592 2248 ipsum
615 2170 709 2249 possit
731 2171 806 2238 lieri,
830 2176 927 2230 utrum
951 2169 1089 2230 adverbia
1112 2171 1224 2248 possint
1246 2188 1300 2252 pro
1324 2170 1493 2232 nominibus
1518 2171 1608 2250 poni.

299 2291 359 2334 non
382 2278 481 2351 potest
501 2272 581 2333 fieri:
606 2274 725 2333 nomina
749 2272 828 2330 enim
851 2289 936 2332 casus
959 2273 1118 2351 recipiunt.
1148 2275 1236 2349 nequi
1255 2272 1308 2334 tibi
1323 2273 1402 2333 dicat
1424 2275 1465 2334 ‘si
1481 2273 1605 2353 aliquo·
1719 2259 1720 2340 v

298 2376 376 2436 tiens
397 2375 548 2451 fungimur
571 2372 711 2434 adverbio
734 2392 789 2455 pro
812 2375 946 2442 nondne,
971 2372 1113 2435 debemus
1136 2375 1223 2434 etiam
1246 2374 1396 2435 declinare
1419 2375 1475 2436 boo
1498 2377 1606 2455 ipsum

299 2476 502 2538 adverbium’.
535 2494 594 2536 non
617 2482 723 2555 potest.
753 2494 822 2535 nam
844 2493 954 2536 nomen
977 2475 1095 2556 quando
1117 2493 1172 2553 pro
1194 2475 1334 2536 adverbio
1357 2477 1491 2556 ponitur,
1518 2485 1645 2538 tenetao

299 2598 399 2646 casum
423 2576 596 2640 adverbium
621 2577 832 2657 vero‘quando
854 2578 963 2638 transit
985 2579 1015 2638 in
1039 2595 1164 2647 nornen,
1190 2596 1375 2657 nequaquam
1398 2586 1496 2658 potest
1519 2582 1605 2640 acci·
1719 2589 1720 2662 t

299 2700 372 2761 pere
399 2698 511 2740 casum.
548 2698 587 2740 ne
615 2679 696 2739 dicas
725 2678 916 2756 mibi,‚‘hoc
938 2696 1039 2740 mane:
1071 2697 1142 2758 ergo
1171 2682 1196 2740 si
1219 2679 1385 2742 boemano
1408 2699 1517 2742 nomen
1546 2689 1605 2750 est„

299 2781 393 2843 debes
415 2781 565 2843 declinare
588 2777 673 2843 huius
696 2782 792 2841 manis
814 2780 884 2842 huie
914 2782 1020 2843 mani'.
1060 2800 1119 2843 non
1141 2783 1308 2843 invenimus
1331 2783 1476 2844 rationem
1500 2785 1605 2850 istam,
1719 2775 1720 2835 i

301 2904 358 2945 non
388 2892 486 2964 potest
513 2886 597 2960 sequi
626 2892 658 2944 ut
680 2883 856 2945 declinetur.
895 2890 992 2945 tamen
1015 2883 1141 2961 legimus
1164 2885 1241 2964 apud
1263 2884 1401 2947 Plautum
1425 2884 1605 2945 declinatio·

300 3005 369 3048 uem
396 2989 507 3066 ipsam,
537 2990 571 3043 ‘a
599 2987 718 3065 primo
745 2987 870 3045 mani'.
910 2984 987 3045 unde
1017 2987 1097 3046 venit
1123 3005 1139 3045 a
1170 2988 1262 3054 maui,
1292 2987 1348 3047 nisi
1378 2989 1417 3046 sit
1438 2986 1605 3047 declinatio
1618 3007 1643 3045 ιε

301 3107 387 3149 mane
410 3090 506 3149 manis
530 3090 627 3149 mani?
641 3106 751 3157 mane,
775 3087 854 3147 unde
876 3089 957 3146 venit
979 3106 995 3147 a
1019 3089 1116 3167 primo
1138 3089 1233 3156 mani,
1264 3088 1334 3149 iecit
1356 3088 1603 3149 declinationem.

301 3190 352 3252 sed
375 3199 475 3251 tamen
498 3208 552 3249 nos
575 3208 633 3249 non
657 3188 799 3249 debemus
821 3188 981 3265 declinare.
1015 3208 1071 3269 qua
1095 3191 1228 3250 ratione?
1262 3191 1303 3251 vis
1326 3192 1421 3251 scire?
1458 3192 1604 3269 quoniam

301 3294 475 3354 adverbium
498 3293 616 3371 penitus
639 3310 699 3351 non
721 3299 818 3371 potest
840 3290 998 3360 declinari,
1022 3309 1078 3352 nec
1100 3290 1150 3351 ille
1173 3291 1315 3361 declinat,
1340 3294 1390 3372 qui
1414 3309 1523 3352 nonren
1548 3292 1605 3351 ad·

302 3396 402 3456 sumit.
435 3393 553 3473 quando
576 3394 702 3453 dicimus
724 3396 858 3453 ‘torvum
880 3393 1016 3461 clamor,
1039 3402 1155 3454 torvum
1179 3394 1268 3453 modo
1291 3393 1463 3455 adverbium
1487 3404 1546 3463 est,
1576 3403 1607 3454 et
1719 3466 1720 3469 Ἴ

301 3498 432 3577 positum
456 3504 501 3556 est
522 3503 638 3556 torvum
661 3513 716 3573 pro
740 3502 831 3555 torve.
864 3493 1006 3573 numquid
1029 3494 1099 3555 lieet
1114 3495 1186 3555 mibi
1209 3494 1308 3555 dicere
1331 3502 1398 3575 puta
1422 3498 1515 3556 ‘torvi
1537 3496 1602 3557 ola·
1617 3518 1642 3557 ao

302 3603 391 3669 mat’,
414 3598 516 3657 ‘torvo
539 3596 673 3665 olamat',
696 3595 730 3656 ‘a
754 3604 837 3656 torvo
861 3595 1002 3656 eiamat'?
1031 3596 1196 3666 nonlicet,
1225 3597 1275 3657 sed
1300 3597 1304 3677 1
1328 3596 1412 3658 ilium
1434 3616 1525 3657 unum
1550 3618 1605 3659 oa·

302 3721 366 3763 sum
394 3719 479 3761 sumo
508 3698 544 3758 ad
575 3700 810 3777 usurpationem.
846 3700 870 3757 si
900 3715 971 3775 ergo
1001 3716 1092 3759 unum
1121 3717 1222 3759 casum
1251 3717 1350 3769 sumo,
1381 3699 1498 3778 quando
1522 3700 1604 3760 facio

303 3802 490 3872 adverbium,
516 3807 545 3861 et
567 3818 683 3877 nequeo
706 3799 779 3860 aiios
802 3819 888 3861 casus
911 3799 1082 3868 adsumere,
1107 3801 1150 3859 sie
1173 3802 1261 3861 etiam
1285 3800 1456 3861 adverbium
1480 3802 1604 3881 quando

303 3905 452 3967 transfero
475 3906 506 3963 in
529 3920 652 3973 nornen,
675 3920 735 3962 non
759 3902 831 3962 mibi
853 3902 955 3963 licebit
970 3901 1133 3971 declinare,
1157 3902 1209 3963 sed
1232 3901 1289 3963 hoc
1311 3904 1409 3983 ipsum
1424 3903 1602 3967 adverbium

303 4026 358 4088 pro
381 4006 501 4067 nomine
522 4022 645 4083 ponere.
1617 4026 1642 4064 ss

373 4262 470 4313 ddum
488 4256 573 4323 mane]
598 4260 678 4325 Vero.
693 4275 782 4324 qeorq.
799 4260 832 4310 ΙΙΙ
851 4260 902 4311 325
971 4260 1052 4310 ‘ised
1075 4274 1163 4308 nomen
1182 4273 1227 4309 om.
1246 4260 1280 4319 Α,
1298 4260 1359 4313 odd.
1378 4278 1395 4311 a
1465 4263 1533 4310 enim
1552 4276 1601 4312 orrr.

304 4333 455 4395 A,aa‹1.a
524 4327 673 4396 dPersius]
694 4340 744 4383 rat.
761 4330 786 4391 b,
804 4329 839 4381 68
908 4328 1086 4395 urerentius]
1105 4328 1213 4393 Adelph.
1234 4328 1341 4391 V3,61
1416 4330 1604 4381 adsuetamn

305 4404 414 4468 stipulas
432 4398 520 4451 Bca*
538 4400 629 4449 inciam
646 4440 735 4453 .....
750 4399 856 4465 stipulas
870 4400 894 4449 A
949 4399 979 4451 11
1000 4400 1061 4462 quid
1080 4415 1142 4464 ergo
1161 4401 1262 4448 nomina
1282 4398 1383 4463 quando
1402 4409 1462 4449 sunt
1478 4401 1604 4451 aduerbia

306 4475 355 4523 iam
375 4474 501 4539 incipiunt
518 4486 594 4521 cesus
612 4484 662 4519 non
681 4469 775 4519 babere
793 4485 844 4533 qua
859 4463 957 4520 ratione
976 4468 1028 4519 BG
1086 4471 1117 4520 14
1135 4470 1209 4533 quusi
1228 4470 1330 4519 nomina
1345 4469 1403 4519 AB
1421 4471 1483 4534 quia
1497 4471 1603 4520 nomina

306 4544 347 4593 Gt
416 4542 550 4593 lbuioern
569 4540 853 4591 AGuooeBuireb
925 4540 956 4591 17
972 4539 1072 4605 pooiet
1089 4554 1163 4588 casus
1183 4539 1308 4589 habereb
1380 4540 1414 4589 20
1431 4542 1536 4605 ponitur
1551 4555 1601 4589 nou

306 4619 374 4662 tenet
390 4614 417 4662 B
485 4612 520 4661 24
538 4611 606 4677 apud
627 4608 752 4675 Plautum]
775 4609 889 4662 Μυσίου.
913 4610 945 4658 ΙΙΙ
963 4611 988 4669 2,
1009 4608 1043 4659 80
1063 4610 1126 4671 (767
1140 4608 1189 4672 H):
1207 4610 1242 4673 rs.
1262 4610 1332 4673 infra
1347 4625 1375 4673 p.
1392 4609 1444 4660 358
1460 4611 1501 4664 ed.
1521 4611 1601 4664 Lina.

376 4732 410 4783 25
428 4732 478 4781 nisi
496 4733 530 4781 sit
545 4732 585 4782 Cb
611 4732 658 4781 nisi
676 4732 698 4781 si
715 4731 748 4781 sit
765 4730 790 4779 A
810 4730 858 4780 uisi
878 4770 904 4782 ..
926 4730 959 4779 sit
978 4730 1003 4779 B
1072 4730 1105 4781 26
1124 4745 1198 4779 mone
1213 4731 1294 4780 menis
1309 4730 1389 4801 'aaa
1408 4746 1481 4781 mene
1500 4706 1602 4783 menide

307 4802 332 4851 Α
402 4803 517 4866 reprimo
536 4802 605 4851 mani
621 4799 713 4852 aaa*
731 4801 844 4866 optimo
861 4800 978 4855 maneA
1030 4800 1063 4851 27
1082 4800 1231 4849 adverbium
1248 4816 1294 4853 om.
1309 4801 1393 4852 ABG
