3525 5600
754 427 826 490 sits
1394 426 1436 492 65

1258 535 1409 578 ,raasson

149 613 292 676 ‘Cretae
319 615 431 675 iussit
453 614 649 678 considere
670 613 824 695 Apollo?
860 623 894 676 ut
916 615 1019 677 Cicero
1048 616 1107 677 ‘ad
1135 547 1351 678 blessrlnam’
1380 599 1450 696 pro¹

146 718 324 788 Messanam,
351 715 497 794 Vergilius
524 716 650 798 ‘Tyria
678 715 904 796 Cartbagine
938 720 998 797 qui
1030 735 1124 779 nunc
1157 717 1351 798 Expectat’
1380 737 1435 798 pro

147 819 324 898 Carthagini.
354 820 466 900 antiqui
489 825 587 880 autem
609 818 665 880 alia
687 819 902 881 consuetudine
925 819 1098 880 utebantur:
1124 828 1153 880 et
1167 819 1333 882 civitatibus
1348 839 1433 901 prae-

147 921 309 1000 positiones
334 920 499 1000 iuugebant
524 929 555 982 et
582 923 743 1001 provinciis
776 919 974 982 detrahebant
1001 940 1084 982 versa
1118 924 1194 992 vice,
1228 931 1260 984 ut
1290 921 1435 1000 Vergilius

126 1020 309 1083 s‘ltaliam
336 1023 414 1083 fato
440 1024 642 1101 profugus’
669 1021 932 1103 praedicabam,
961 1023 1039 1104 quod
1062 1025 1172 1084 rectius
1195 1043 1248 1085 nos
1270 1023 1436 1085 civitatibus

146 1124 304 1194 demimus,
328 1125 488 1204 provinciis
510 1123 700 1204 applicamus.

225 1225 351 1288 Facile
379 1234 415 1286 et
442 1224 623 1297 difficile,
651 1245 743 1305 quae
771 1235 809 1288 ut
840 1226 1249 1308 adverbiaponuntur,
1285 1230 1553 1301 nominatarum

146 1330 268 1408 potius
296 1347 376 1390 esse
403 1328 572 1389 ducenda
600 1337 702 1391 sunt:
741 1328 824 1391 multi
852 1328 989 1391 dubitant
1016 1329 1103 1390 facile
1133 1337 1162 1389 et
1190 1327 1307 1390 difficile
1335 1339 1434 1392 utrum

146 1432 261 1490 nomina
283 1431 358 1499 sint,
387 1447 424 1490 an
447 1428 594 1492 adverbia.
638 1430 690 1492 sed
718 1433 811 1510 magis
838 1433 957 1492 nomina
979 1430 1194 1510 intellegimus,
1218 1439 1251 1491 ut
1273 1433 1332 1493 sint
1354 1450 1434 1493 com·

117 1533 241 1592 ononis
263 1533 382 1610 generis
405 1541 435 1594 et
456 1534 568 1602 neutri,
592 1539 625 1594 ut
638 1533 687 1595 bic
703 1542 733 1594 et
747 1533 821 1593 baec
841 1532 938 1594 facilis
960 1540 989 1594 et
1011 1533 1067 1594 boc
1090 1532 1190 1603 facile,
1218 1535 1284 1612 quia
1313 1542 1436 1613 possunt

147 1633 281 1694 adverbia
303 1635 417 1704 facere,
440 1642 473 1695 ut
494 1633 622 1696 faciliter
645 1631 650 1714 Ι
675 1641 704 1695 et
726 1634 893 1696 difficulter.
921 1669 955 1678 -
986 1634 1055 1697 Pro
1078 1635 1268 1696 adverbiis
1295 1637 1435 1716 posita,
1449 1647 1493 1714 to¹

146 1744 181 1796 ut
207 1743 265 1796 est
290 1742 435 1798 torvum
462 1734 610 1808 clamat,
640 1736 865 1798 horrendum
894 1743 1060 1798 resonat:
1094 1745 1163 1798 sunt
1196 1737 1283 1798 etiam
1317 1739 1435 1810 nomina

148 1856 218 1916 quae
239 1857 256 1898 a
278 1840 375 1918 poetis
396 1856 452 1918 pro
473 1837 620 1899 adverbiis
643 1839 834 1900 licentissime
853 1846 1024 1919 ponuntur,
1047 1847 1080 1899 ut
1102 1843 1261 1900 ‘torvum
1285 1835 1452 1901 clamat’'

53 1979 57 1984 ·
146 1958 196 2018 pro
219 1947 319 2010 torre,
341 1940 527 2002 horrendum
554 1959 611 2020 pro
638 1941 797 2003 horrende.
843 1950 913 2003 sunt
941 1940 1086 2020 quaedam
1110 1941 1229 2001 nomina
1252 1957 1341 2022 quae,
1366 1941 1436 2002 dum
1504 2018 1509 2034 „

117 2059 137 2098 ιι
147 2042 354 2104 vocabulorum
376 2041 512 2104 obtinent
532 2041 647 2113 locum,
670 2043 783 2104 faciunt
805 2044 892 2104 etiarn
909 2041 1061 2114 adverbia,
1086 2059 1161 2122 quae
1184 2041 1309 2104 licenter
1331 2048 1436 2122 poetae

148 2153 326 2206 commutant
348 2153 379 2204 et
399 2145 571 2206 nominibus
592 2162 648 2224 pro
670 2143 819 2206 adverbiis
840 2152 981 2217 utuntur,
1004 2153 1037 2204 ut
1051 2144 1161 2205 Romae
1190 2147 1261 2206 ruri.
1285 2179 1321 2190 -
1340 2144 1435 2223 Ergo
1448 2156 1481 2204 rt

148 2246 335 2317 adverbia,
359 2265 452 2326 quae
472 2248 510 2307 in
533 2266 549 2308 e
570 2245 789 2326 productam
812 2255 963 2317 exeunt,
980 2245 1078 2308 abeo
1101 2246 1434 2315 nomineveniunt‚

148 2348 238 2428 quod
264 2347 388 2408 dativo
416 2367 502 2410 casu
528 2367 546 2409 o
573 2347 704 2410 littera
732 2351 970 2418 terminatur,
1000 2355 1037 2409 ut
1064 2348 1150 2408 buic
1179 2348 1288 2409 ‹looto
1313 2347 1433 2409 docte:

147 2453 198 2510 ista
222 2469 296 2530 quae
319 2451 464 2528 originem
486 2449 598 2512 babent
620 2459 649 2510 et
671 2453 924 2531 comparationem
947 2457 1058 2512 rectam
1081 2451 1111 2510 in
1135 2469 1151 2510 e
1174 2458 1283 2511 exeunt
1304 2448 1434 2529 produc-

117 2549 213 2613 atar‘n.
258 2571 345 2614 mane
372 2560 470 2613 autem
498 2551 565 2613 ideo
593 2561 730 2633 correpta
757 2561 815 2623 ast,
845 2554 913 2630 quia
940 2554 971 2613 in
999 2551 1209 2631 conparatione
1237 2550 1349 2612 deficit:
1380 2569 1436 2612 nec

147 2656 259 2715 manius
280 2654 422 2723 dicimus,
444 2671 502 2714 uec
523 2655 668 2732 originem
690 2654 790 2716 babet.
816 2654 820 2732 l
840 2653 993 2725 —Quae
1015 2656 1052 2714 in
1076 2662 1132 2714 ter
1155 2663 1304 2724 exeunt,
1329 2652 1371 2714 ab
1394 2667 1533 2730 scaeui

149 2759 289 2819 nomine
306 2758 475 2827 veniunt,
492 2757 587 2835 quod
610 2756 734 2818 dativo
750 2774 835 2818 casu
857 2757 867 2816 i
890 2753 1020 2819 littera
1044 2757 1284 2825 terminatur,
1302 2764 1339 2817 ut
1355 2755 1434 2837 (huic

148 2859 222 2920 facili
241 2858 375 2939 faciliter)
392 2856 658 2937 agiliagiliter.
688 2867 818 2920 contra
841 2876 947 2940 quam
963 2859 1125 2937 regulam
1149 2857 1261 2921 multa
1284 2860 1436 2938 saepius

148 2965 336 3041 usurpavit
358 2962 575 3023 auctoritas.
605 2978 684 3021 nam
707 2960 881 3041 quaedam
904 2963 994 3022 etin
1018 2960 1141 3022 dativo
1164 2980 1250 3021 casu
1273 2967 1434 3029 manent,

118 3061 164 3144 sel
185 3071 220 3125 et
241 3062 417 3124 adverbia
439 3063 585 3124 faciunt
608 3062 673 3142 (pro
695 3062 768 3123 false
783 3070 813 3124 et
827 3060 956 3139 sedule),
982 3071 1019 3123 ut
1040 3062 1133 3124 falso
1156 3061 1294 3123 sedulo.
1324 3080 1432 3142 quae·

39 3193 40 3198 κ
150 3164 223 3225 dam
243 3164 357 3225 multa
379 3172 509 3225 contra
531 3164 689 3235 faciunt,
712 3175 752 3226 ut
773 3164 968 3226 buicduro
985 3182 1055 3227 non
1078 3164 1182 3235 dure,
1205 3163 1267 3224 sed
1291 3162 1435 3225 duriter

151 3266 231 3346 (dure
251 3266 396 3327 debuerat
417 3268 536 3342 facere).

229 3367 412 3430 Adverbio
445 3367 620 3429 accidunt
651 3369 740 3438 tria,
774 3368 1008 3447 significatio
1042 3368 1262 3448 conparatio
1300 3366 1461 3445 figuras

151 3470 379 3548 significatio
400 3470 661 3531 adverbiorum
685 3472 721 3530 iu
743 3468 811 3529 boc
833 3472 1016 3539 cernitur,
1045 3472 1128 3551 quia
1150 3477 1237 3532 sunt
1259 3468 1433 3530 adverbia

121 3570 233 3642 niori,
265 3580 305 3633 ut
337 3570 410 3641 bic;
444 3573 638 3651 temporis,
673 3579 712 3633 ut
739 3571 849 3633 bodie
879 3572 934 3651 (vel
962 3590 1063 3643 mane,
1094 3579 1127 3632 ut
1149 3573 1269 3632 ‘mane
1291 3570 1433 3650 ruunt’)

153 3693 277 3755 nuper;
311 3676 470 3744 numeri,
504 3682 543 3735 ut
573 3673 686 3736 semel
718 3675 788 3742 bis;
823 3673 1002 3751 negandi:
1033 3673 1106 3735 falso
1135 3672 1305 3735 adverbium
1334 3681 1378 3734 est
1406 3680 1435 3733 et

152 3776 243 3856 perdit
269 3794 383 3846 rasum,
413 3775 483 3836 doru
510 3776 580 3837 facit
607 3776 787 3839 adverbium.
832 3776 890 3835 boc
918 3784 1016 3837 autem
1044 3775 1173 3837 breviter
1203 3774 1433 3854 intellegendum

153 3887 205 3938 est:
232 3896 334 3939 omnes
361 3884 462 3957 partes
487 3880 644 3949 orationis,
673 3898 742 3941 cum
771 3878 914 3939 desierint
937 3876 1101 3957 essequod
1125 3884 1208 3946 sunt,
1232 3876 1403 3937 adverbium
1429 3872 1432 3957 l

153 3980 274 4051 faciunt,
303 3981 424 4059 utqui,
454 3980 479 4039 si
501 3979 610 4040 babeat
632 3999 747 4051 casum,
771 3998 936 4060 pronomen
960 3988 1017 4049 est,
1047 3981 1071 4041 si
1095 3998 1168 4049 non,
1192 3977 1377 4047 adverbium,
1402 3984 1434 4038 ut

216 4151 274 4201 Cod.
291 4150 372 4203 Bessi.
389 4149 424 4199 Xl
442 4149 551 4203 5—o*.
642 4152 655 4202 1
675 4150 760 4217 apollo
772 4164 840 4204 corr.
857 4151 960 4215 appollo
1031 4150 1064 4199 ad
1081 4164 1168 4199 mensa
1182 4164 1215 4197 an
1233 4162 1279 4214 pro
1298 4162 1385 4197 mensa
1403 4161 1434 4196 ne

154 4221 269 4285 pergilius
288 4222 338 4270 tria
407 4222 494 4287 2pro
513 4220 627 4287 carthagi
700 4220 891 4271 terrentibus
915 4220 1112 4285 praepositionis
1186 4217 1366 4284 deplicamus

155 4289 184 4339 1⁰
202 4288 314 4357 possum]
333 4298 417 4356 potest
487 4290 520 4339 12
537 4294 638 4340 nomine
708 4291 740 4341 15
758 4291 873 4356 optinent
942 4291 973 4341 21
989 4291 1083 4341 babent
1151 4290 1184 4339 22
1202 4288 1334 4338 terminata
1350 4295 1376 4336 ut
1393 4287 1435 4336 bic

154 4357 217 4410 facili
266 4362 299 4411 2Α
314 4362 341 4410 in
355 4356 453 4424 dativo]
470 4361 496 4409 in
514 4360 625 4411 dicstino
677 4360 712 4411 28
727 4360 848 4411 aduerbia
869 4359 987 4410 accidunt
1055 4356 1269 4424 erroneorum
1337 4357 1371 4410 33
1390 4357 1434 4406 de-

155 4429 253 4481 siderint
262 4446 330 4485 corr.
346 4432 381 4483 ol.
395 4446 461 4480 man.
477 4430 601 4480 desierint

219 4569 232 4618 1
250 4566 349 4635 Cretae]
375 4570 454 4633 Verg.
472 4568 539 4621 Aen.
553 4570 587 4618 lll
606 4568 656 4620 loa
707 4576 736 4617 nt
753 4564 853 4633 Cicero]
875 4568 973 4617 Tullius
991 4568 1016 4617 in
1032 4567 1148 4616 Verrinis
1166 4569 1212 4614 ‘ea
1231 4564 1272 4613 die
1290 4565 1382 4615 Verres
1402 4562 1434 4611 ml

157 4636 288 4688 bassum
304 4640 389 4688 venit’
416 4653 462 4703 pro
480 4638 638 4689 ‘Messanam
656 4638 740 4687 venit'
760 4637 865 4689 Seruios
881 4638 907 4687 s'rs
929 4639 1007 4701 Verg.
1026 4636 1095 4687 Aen.
1115 4638 1122 4683 l
1142 4636 1172 4684 2:
1193 4633 1228 4696 cf.
1247 4636 1297 4684 Cic.
1313 4637 1339 4685 in
1355 4634 1425 4683 Verr

157 4714 201 4762 oct.
213 4723 261 4759 sec.
278 4709 301 4757 V
319 4709 363 4771 62,
383 4707 433 4760 lbb
448 4723 528 4771 eoque
547 4710 604 4775 ipsc
620 4709 661 4758 die
681 4722 741 4757 casn
759 4706 902 4757 Messanam
916 4708 1009 4757 Verres
1028 4707 1103 4757 vonit.
1123 4706 1261 4766 exemplum
1280 4706 1361 4755 offerro
1380 4708 1434 4755 loco

158 4779 292 4829 column
318 4779 530 4842 transponendum
554 4786 593 4831 est
612 4787 672 4843 post
694 4782 710 4830 4
736 4777 875 4843 iungebant
972 4778 989 4827 2
1010 4771 1096 4842 Tyria]
1128 4777 1208 4841 Verp.
1228 4775 1292 4827 Aen.
1314 4776 1359 4823 llll
1383 4774 1435 4823 224

218 4844 355 4914 bitaliam]
380 4851 459 4914 Verp.
473 4850 539 4903 Aen.
559 4850 569 4899 Ι
587 4850 603 4898 2
664 4847 696 4899 13
713 4844 823 4913 torvum]
846 4848 925 4914 Verp.
947 4848 1009 4900 Aen.
1032 4847 1076 4896 Vll
1096 4844 1148 4897 399
1200 4843 1235 4895 30
1253 4859 1326 4895 mane
1346 4840 1431 4909 ruunt]

164 4916 235 4983 Verg,
249 4934 336 4985 georg,
355 4920 402 4968 llll
421 4920 470 4970 lta

203 5009 374 5053 cosmasncr
386 5009 517 5054 tsrmrv.
1099 5043 1107 5059 ,
1213 4997 1234 5065 5
