3525 5600
632 371 703 434 Ans
732 372 758 432 H
782 373 925 432 10-13
1359 359 1421 425 481

168 484 257 539 ansa
270 485 296 526 sa
309 483 334 525 r.
1243 486 1265 527 p.
1280 475 1323 515 rao.
1337 473 1362 514 ar
1375 470 1398 512 u.

290 581 359 624 nee
380 564 506 644 pigeat
527 562 659 623 tritum
681 561 788 638 nigro
810 577 888 619 cum
910 557 1006 618 lacte
1029 573 1191 636 papaver

368 681 511 725 sumere
534 671 571 724 et
592 664 783 742 expressis
805 660 915 722 mella
936 659 1080 739 liquata
1102 660 1210 720 lavis.

147 787 207 829 oum
241 785 311 828 vero
343 769 404 828 siut
435 785 452 827 a
483 765 669 836 nominibus,
701 772 772 825 tune
799 767 865 825 iure
894 763 1007 844 primae
1035 767 1104 825 sunt
1131 761 1364 838 coniugationis,
1391 764 1425 818 ut

147 887 254 949 aequus
269 887 364 948 aequo
379 887 505 949 aequas,
528 869 714 948 propinquus
735 868 903 946 propinquo
924 866 1121 945 propinquas,
1145 862 1283 941 obliquus
1304 862 1424 940 obliquo

126 972 293 1051 eobliquas,
318 973 457 1052 antiquus
473 971 593 1049 antiquo
608 970 758 1049 antiquas,
775 985 850 1047 aqua
866 985 959 1047 aquor
976 967 1108 1046 aquaria,
1124 964 1263 1043 Virgilius
1277 964 1356 1025 libro
1370 962 1425 1023 llll
1507 1014 1509 1023 .

146 1075 300 1153 georgicon

292 1176 354 1236 sed
377 1176 641 1236 circumlatae
664 1173 731 1235 sub
754 1172 948 1234 moenibus
969 1170 1078 1231 urbis
1099 1176 1298 1250 aquantur.

228 1277 262 1338 ln
284 1295 319 1338 ro
341 1277 507 1338 desinentia
535 1295 551 1337 e
580 1275 772 1337 antecedente
795 1276 893 1336 omnia
914 1275 1028 1354 primae
1051 1280 1120 1333 sunt
1141 1270 1371 1348 coniugationis,
1394 1274 1427 1328 ut

146 1379 239 1441 libero
259 1378 385 1449 liberas,
413 1379 511 1440 lacero
539 1378 675 1439 desidero
702 1377 858 1439 considero
885 1393 994 1455 aggero
1021 1392 1148 1448 numero
1174 1391 1285 1452 genero
1311 1373 1426 1451 impero

115 1482 275 1552 oblatero,
307 1479 448 1542 Horatius
478 1480 556 1542 libro
588 1498 759 1542 sermonum
789 1478 817 1540 ll
849 1483 994 1556 ‘magno
1027 1476 1196 1541 blateras
1229 1474 1424 1536 clamore':

147 1586 217 1645 itero
239 1585 346 1652 iteras,
369 1583 449 1645 idem
471 1583 548 1645 libro
569 1583 583 1644 Ι
605 1585 770 1644 carminum

544 1704 642 1746 nune
664 1694 869 1764 retrorsum

293 1787 373 1848 vela
395 1787 483 1866 dare
505 1793 614 1868 atque
637 1789 777 1849 iterare
799 1804 934 1846 cursus

274 1907 405 1969 ,cogor
427 1890 593 1950 relictos.

116 2013 137 2052 n
147 1995 334 2072 excipiuntur
355 2009 450 2070 pauca
464 1992 629 2071 primitiva,
653 1998 683 2052 et
697 2010 773 2073 quae
796 1991 834 2052 ab
856 1991 900 2051 eis
922 1989 1045 2067 singulis
1067 1994 1299 2069 componuntur,
1322 1985 1428 2046 tertiae

146 2095 371 2173 coniugationis,
395 2100 428 2154 ut
449 2111 522 2172 gero
544 2096 639 2179 geris,
668 2095 768 2173 digero
796 2111 920 2172 aggero,
948 2091 1027 2152 unde
1054 2091 1267 2171 ‘aggeritur
1289 2086 1429 2149 tumulo

147 2196 278 2259 tellus'
305 2198 336 2257 in
358 2193 399 2255 lll
420 2194 498 2256 libro
522 2197 667 2257 Aeneidos
693 2196 811 2274 Virgilii
839 2193 980 2273 legimus;
1009 2213 1046 2254 ex
1067 2212 1126 2273 quo
1154 2190 1245 2252 verbo
1267 2209 1376 2251 nomen
1396 2190 1431 2249 tit

148 2316 248 2378 agger,
276 2306 307 2359 et
337 2297 374 2358 ab
403 2315 439 2358 eo
467 2297 592 2359 verbum
619 2298 783 2359 derivatum
807 2315 916 2376 aggero
939 2313 1062 2374 aggeras
1085 2303 1131 2356 est
1151 2297 1266 2375 primae
1288 2293 1429 2370 coniuga-

146 2403 247 2472 tioniS,
271 2408 304 2462 ut
326 2399 406 2460 idem
427 2394 436 2481 {l
458 2399 598 2478 Virgilius
621 2401 715 2462 relert
736 2403 767 2461 in
789 2399 868 2459 libro
891 2398 932 2459 lll
954 2398 1103 2458 Aeneidos

114 2519 136 2560 n
296 2509 450 2581 aggerat
472 2510 508 2563 et
529 2502 635 2580 longo
658 2502 830 2582 praedam
852 2500 960 2561 iubet
981 2500 1115 2560 ordine
1138 2497 1235 2559 duci:

144 2613 211 2666 tero
230 2606 300 2665 item
323 2605 397 2666 teris
419 2603 522 2666 detero
542 2611 679 2684 proter0;
708 2622 776 2665 sero
799 2605 871 2664 item
893 2603 984 2672 seris,
1007 2621 1043 2662 ex
1065 2620 1124 2682 quo
1146 2607 1363 2680 componuntur
1385 2601 1429 2661 in-

147 2725 214 2768 sero
234 2705 350 2768 dissero
379 2725 502 2786 prosero
529 2706 636 2766 desero
665 2703 744 2785 (nam
766 2705 872 2766 obsero
895 2705 1018 2767 obseras
1039 2707 1105 2765 iure
1127 2704 1239 2784 primae
1262 2709 1307 2763 est
1328 2703 1430 2762 coniu-

146 2812 275 2888 gationis
296 2828 313 2871 a
336 2810 456 2870 nomine
479 2808 557 2889 quod
581 2814 626 2870 est
647 2808 721 2869 haee
743 2827 810 2869 sera
832 2810 921 2869 buius
943 2826 1043 2880 serae,
1068 2816 1098 2868 et
1120 2805 1156 2868 ab
1179 2824 1214 2865 eo
1236 2805 1430 2885 compositum

147 2919 191 2973 est
211 2930 315 2972 resero
337 2910 481 2993 reseras);
508 2930 619 2991 queror
639 2911 710 2971 item
739 2911 890 2991 deponens
916 2917 1054 2989 correpta
1076 2908 1257 2989 paenultima
1279 2908 1431 2986 quereris;

115 3015 210 3075 ster-0
232 3016 338 3083 etiam,
363 3009 367 3093 l
392 3011 470 3093 quod
497 3013 568 3074 lieet
597 3014 763 3075 anomalum
786 3020 845 3083 est,
874 3015 982 3073 tertiae
1005 3019 1102 3071 tamen
1126 3029 1190 3071 esse
1214 3010 1432 3086 coniugationis

148 3136 182 3177 ex
209 3114 385 3196 quibusdam
414 3115 477 3175 eius
505 3115 633 3176 motibus
660 3116 841 3185 ostenditur,
875 3120 906 3175 et
933 3115 969 3175 ab
998 3132 1034 3174 eo
1061 3112 1197 3175 similiter
1224 3111 1371 3180 derivata,
1401 3116 1433 3170 ut

147 3218 241 3278 infero
264 3216 375 3279 suffero
396 3216 527 3297 periero.
573 3219 720 3278 voeileror
748 3224 860 3286 autem,
889 3215 967 3296 quod
991 3223 1037 3275 est
1058 3234 1074 3275 a
1096 3216 1174 3283 lero,
1204 3220 1234 3273 et
1255 3215 1431 3291 morigeror,

148 3320 224 3400 quod
246 3326 293 3381 est
314 3339 332 3380 a
354 3336 426 3397 gero
447 3321 654 3399 compositum,
677 3319 722 3379 rel
744 3320 812 3399 quia
835 3336 904 3377 cum
925 3315 1096 3378 nominibus
1117 3321 1343 3394 componuntur,
1367 3316 1432 3374 iure

148 3424 258 3501 primae
282 3427 352 3481 sunt
373 3422 589 3499 coniugationis
612 3420 778 3481 verborum.
816 3417 1032 3480 observandum
1054 3425 1218 3479 esttamen
1240 3416 1334 3497 quod,
1357 3434 1433 3496 quae

115 3525 288 3603 aosuperius
316 3529 350 3582 ut
376 3525 482 3583 tertiae
511 3524 727 3601 coniugationis
759 3521 919 3582 verborum
946 3522 1125 3589 notanmus,
1158 3520 1257 3579 omnia
1291 3518 1434 3599 disyllaba

148 3632 229 3695 suut,
258 3624 339 3705 quod
366 3625 398 3683 in
427 3622 492 3684 aliis
514 3643 530 3684 e
553 3632 621 3685 ante
643 3643 677 3684 ro
699 3621 878 3684 habentibus
900 3642 969 3684 raro
992 3623 1153 3703 reperitur.
1197 3629 1227 3682 et
1248 3638 1434 3701 quacumque

149 3725 205 3786 alia
226 3724 321 3787 vocali
349 3726 543 3787 antecedente
572 3744 605 3786 ro
633 3724 772 3805 syllabam
796 3724 933 3786 similiter
955 3724 1045 3786 verba
1068 3730 1137 3784 sunt
1158 3724 1273 3802 primae
1295 3723 1434 3803 coniuga-

148 3827 251 3901 tiouis,
277 3834 310 3888 ut
331 3846 383 3888 aro
405 3846 480 3899 aras,
503 3846 576 3907 paro
598 3829 678 3907 spiro
699 3827 795 3888 deliro
817 3846 888 3888 voro
910 3827 994 3908 ploro
1016 3825 1140 3895 roboro,
1165 3824 1306 3886 Horatius
1327 3824 1433 3885 earmi-

147 3948 219 3991 num
238 3929 318 3990 libro
340 3928 395 3991 1111

115 4050 137 4090 aa
301 4033 472 4111 rectique
495 4030 620 4092 cultus
642 4039 794 4112 pectora
817 4028 1015 4090 roborant:

147 4132 251 4195 laboro
274 4132 402 4194 obscuro
423 4134 556 4195 instauro
578 4135 682 4194 inauro
705 4134 814 4211 liguro,
836 4130 977 4193 Horatius
998 4129 1191 4210 epistularum
1212 4129 1265 4190 lib.
1288 4128 1316 4189 ll

219 4366 338 4437 luigro]
360 4371 471 4427 niueos
540 4369 638 4420 blibro
658 4367 821 4436 llllgeorg.]
843 4388 865 4421 u.
886 4369 936 4422 193
1006 4367 1198 4419 10sermonum
1216 4364 1436 4419 al.m.add.P.·

148 4447 197 4489 eat.
217 4440 282 4503 117,
302 4438 336 4490 35
424 4454 516 4506 magno
537 4439 648 4490 blateras
665 4440 774 4489 elamore
793 4442 883 4489 iterare
900 4442 964 4490 itero
982 4440 1007 4489 P
1024 4452 1116 4504 magno
1136 4437 1256 4486 blatteras
1274 4438 1366 4485 iterare
1384 4434 1436 4484 ela·

149 4525 219 4559 more
237 4510 328 4559 iterot
400 4510 430 4561 il
450 4510 511 4559 libro
530 4511 539 4558 l
558 4507 647 4575 earm]
668 4508 753 4569 34,3
825 4508 856 4560 13
875 4507 939 4575 vela]
962 4511 1001 4559 uel
1020 4510 1045 4557 P
1116 4508 1147 4557 15
1164 4509 1253 4555 tertiae
1270 4506 1436 4554 snuteouiu·

149 4580 263 4645 gationis
282 4578 305 4626 P
374 4578 407 4630 lu
425 4580 521 4629 tumulo
540 4577 624 4646 tellus]
646 4588 727 4629 terrae
745 4579 857 4630 tumulus
877 4577 902 4628 B
984 4579 1016 4629 17
1035 4578 1061 4627 in
1080 4577 1101 4625 ll
1120 4576 1164 4625 lib.
1183 4576 1247 4626 BP:
1264 4575 1329 4627 Aen.
1352 4572 1436 4624 {1163

219 4648 253 4700 13
271 4648 297 4697 in
316 4648 360 4698 lib.
380 4649 404 4698 X
421 4649 446 4699 B
458 4650 482 4699 in
502 4649 567 4699 libro
582 4650 692 4700 secundo
711 4650 831 4699 aeneidos
850 4649 886 4697 P:
902 4648 969 4697 Aeo.
984 4648 1020 4697 XI
1035 4646 1069 4696 79
1139 4648 1173 4695 22
1191 4646 1246 4694 inre
1261 4645 1360 4710 primas
1376 4658 1437 4694 cou-

150 4718 288 4783 iugatiouis
305 4719 362 4769 BP
378 4728 416 4770 est
434 4719 532 4787 primae
550 4720 737 4786 coniugatiouis
758 4727 769 4769 t
854 4718 888 4769 23
906 4728 931 4767 et
948 4720 979 4767 ab
998 4732 1028 4767 eo
1045 4732 1091 4771 om.
1111 4717 1137 4766 B
1218 4715 1253 4766 ab
1271 4714 1340 4779 quod
1358 4714 1434 4763 uerbo

149 4803 216 4853 quae
233 4789 257 4837 P
323 4788 357 4839 33
373 4804 436 4856 paro
455 4804 530 4854 spero
549 4790 619 4855 spird
638 4789 693 4839 BP
761 4788 841 4839 deliro
856 4791 911 4839 iuro
928 4802 945 4843 ς
963 4787 1075 4837 delibero
1090 4800 1152 4835 uoro
1169 4785 1195 4836 B
1212 4784 1324 4833 delibero
1343 4784 1398 4834 iuro
1412 4785 1437 4837 P

219 4872 298 4913 carm
318 4857 382 4913 libro
400 4856 454 4933 llll]
477 4860 502 4920 4,
521 4858 555 4915 34
626 4858 659 4920 33
673 4859 806 4932 relictique
824 4869 833 4917 t
904 4857 937 4910 33
955 4858 1030 4931 epist.
1050 4856 1093 4907 lib.
1112 4852 1145 4929 H]
1169 4856 1193 4920 l,
1212 4853 1263 4909 ltu
