3525 5600
306 419 364 483 196
841 418 995 483 Ponant!

342 528 487 570 ‚are-sm

300 542 351 671 arlt
378 608 426 669 hic
456 627 558 670 manes
585 614 634 670 aut
662 607 710 668 hic
738 610 834 670 mania
862 617 914 669 aut
940 609 1042 669 neseio
1070 607 1139 688 quid
1169 607 1236 668 tale.
1281 625 1370 685 quem
1405 607 1442 668 ad
1470 608 1587 669 modum

299 709 444 772 habemus
465 711 563 772 iacere
585 711 753 788 genetivum
777 709 939 790 pluralem?
960 710 1067 772 borum
1082 712 1248 772 mauiorum
1264 727 1302 770 an
1317 708 1424 770 borum
1441 711 1589 770 manium?

299 813 343 874 vel
367 833 453 894 quem
477 812 656 874 admodum
679 812 807 874 dativum
831 820 860 874 et
881 811 1041 874 ablativum
1063 811 1227 892 pluralem?
1249 812 1296 874 bis
1319 820 1349 873 et
1370 811 1408 872 ab
1430 811 1478 873 bis
1500 815 1589 874 mani-

299 913 353 974 bus
376 933 413 975 an
437 917 550 977 manis?
578 933 638 976 non
660 916 779 976 invenio
802 914 950 993 regulam,
979 913 1031 976 sed
1053 915 1145 976 redeo
1168 913 1204 974 ad
1227 915 1374 975 rationem
1396 914 1511 975 Donati.
1554 913 1589 973 da

298 1035 406 1078 nomen
439 1019 527 1078 etiam
561 1035 685 1078 numero
720 1015 877 1096 singulari,
912 1015 990 1094 quod
1025 1017 1204 1078 nominativo
1237 1015 1345 1096 plurali
1377 1018 1409 1077 in
1439 1035 1471 1077 es
1498 1023 1613 1077 ereata

297 1116 389 1196 agiles
419 1116 565 1199 [manes];
595 1137 664 1180 ecee
690 1119 747 1180 boc
775 1137 883 1180 nomen
912 1120 942 1179 in
966 1137 998 1178 es
1020 1121 1094 1189 exit,
1124 1127 1154 1179 et
1175 1116 1247 1180 illud
1275 1136 1384 1179 nomen
1413 1120 1444 1179 in
1467 1137 1500 1178 es
1522 1119 1591 1179 exit.

296 1221 342 1279 lae
364 1222 533 1297 genetivum
555 1219 715 1300 pluralem,
740 1219 846 1283 horum
870 1220 1004 1298 agilium;
1028 1223 1071 1281 sic
1093 1219 1184 1282 babes
1198 1221 1298 1282 iacere
1313 1220 1421 1282 borum
1444 1221 1589 1281 manium:

296 1321 341 1381 bis
369 1330 399 1382 ot
426 1319 463 1382 ab
491 1323 538 1384 bis
566 1321 706 1402 agilibus;
741 1324 784 1383 sic
813 1321 905 1382 babes
931 1322 1031 1383 iacere
1058 1321 1104 1382 his
1131 1331 1161 1382 et
1182 1322 1220 1384 ab
1242 1322 1288 1383 bis
1311 1321 1457 1384 manibus.
1502 1321 1592 1382 babes

296 1423 415 1500 quidem
438 1422 491 1484 bas
513 1423 631 1502 regulas
655 1424 813 1494 tenendas,
830 1424 995 1485 secundum
1012 1441 1138 1503 quarum
1153 1426 1284 1503 rigorem
1300 1426 1416 1503 possint
1431 1422 1591 1490 declinari:

294 1533 392 1586 tamen
421 1529 497 1587 scire
526 1526 617 1587 debes
645 1528 772 1588 maiores
800 1532 917 1587 nostros
945 1528 1001 1586 ista
1029 1528 1148 1586 nomiua
1175 1528 1293 1588 numeri
1314 1525 1436 1606 pluralis
1457 1545 1512 1605 pro
1535 1544 1625 1586 suan

296 1625 411 1688 licentia
435 1626 602 1707 protulisse.
647 1626 755 1688 licebat
782 1627 855 1696 illis,
887 1636 916 1688 et
943 1626 1082 1689 dicebant
1103 1626 1209 1689 borum
1240 1630 1407 1688 maniorum
1430 1639 1461 1689 et
1482 1626 1590 1688 borum

294 1731 435 1790 manium.
481 1747 537 1809 qua
560 1731 693 1790 ratione?
715 1730 853 1809 quoniam
877 1747 937 1790 non
959 1738 1077 1808 poterat
1099 1733 1141 1791 eis
1163 1730 1284 1791 obicere
1305 1731 1477 1809 inperitiam
1499 1747 1590 1806 regu·

295 1830 340 1892 lae
361 1829 487 1893 sublatio
510 1833 626 1893 numeri
647 1828 823 1914 sinlgularis.
867 1831 947 1892 unde
975 1831 1032 1892 boc
1054 1829 1229 1911 probamus,
1259 1833 1302 1894 sic
1324 1831 1492 1892 declinasse
1514 1831 1589 1890 anti·

295 1935 388 2012 quos?
412 1933 504 1996 babes
526 1935 556 1994 in
580 1934 702 1994 lloratio

445 2035 667 2098 anciliorum
692 2043 727 2096 et
749 2035 911 2096 nominis
933 2043 968 2096 et
989 2042 1099 2115 togae
1603 2052 1626 2092 re

446 2137 599 2199 oblitus:

293 2238 468 2300 anciliorum
490 2241 570 2301 iacit.
616 2247 713 2300 tamen
738 2257 796 2302 non
819 2247 904 2318 potes
927 2241 954 2300 ei
978 2241 1190 2302 contradicere.
1236 2242 1346 2320 quare?
1378 2239 1485 2301 ancilia
1508 2241 1588 2298 enirn

294 2343 409 2403 numeri
432 2351 501 2402 sunt
524 2350 636 2404 tanturn
659 2341 781 2421 pluralis
803 2340 968 2404 secundum
990 2344 1151 2418 rationem,
1175 2361 1353 2423 quamquam
1376 2340 1538 2419 legerimus
1559 2341 1589 2401 in

294 2442 423 2520 Vergilio
446 2443 645 2525 ‘laevaque
668 2442 790 2506 ancile
813 2443 1000 2522 gerebat’.
1028 2447 1100 2506 item
1118 2444 1316 2507 l'ulcauaiium
1332 2443 1473 2512 dicimus;
1491 2450 1591 2503 minen

293 2545 448 2606 Sallustius
482 2546 556 2607 dixit
590 2546 798 2624 ‘religione
827 2547 1131 2608 vulcanaliorum
1167 2548 1397 2627 impeditus’.
1441 2542 1495 2606 sed
1532 2543 1626 2604 bocco

292 2649 451 2727 usurpavit.
499 2667 566 2709 nam
590 2647 694 2710 debuit
716 2648 816 2710 dicere
838 2648 1052 2710 vulcanalium.
1083 2649 1161 2711 unde
1183 2650 1241 2710 hoc
1262 2648 1442 2729 probamus?
1464 2647 1531 2708 redi
1553 2646 1590 2708 ad

291 2748 371 2811 iliam
389 2748 638 2832 similitudinem,
670 2733 707 2812 da
735 2769 844 2813 nomen
872 2759 1012 2817 neutrum
1042 2749 1207 2829 singulare,
1231 2751 1310 2832 quod
1333 2753 1364 2813 in
1391 2751 1419 2810 ia
1449 2757 1538 2810 exeat
1559 2750 1590 2809 in

291 2854 471 2914 nominativo
491 2853 609 2933 plurali.
645 2834 731 2932 agilia
755 2854 812 2915 tale
835 2862 880 2915 est
908 2871 942 2915 ac
963 2854 989 2913 sl
1011 2851 1092 2913 dicas
1114 2852 1229 2923 ancilia,
1254 2853 1312 2915 tale
1335 2860 1380 2914 est
1400 2872 1436 2913 ac
1457 2855 1483 2913 si
1507 2853 1590 2913 dicas

291 2953 475 3025 vulcanalia,
504 2957 535 3016 in
563 2956 591 3015 ia
619 2958 686 3017 exit.
731 2974 802 3034 ergo
833 2972 922 3033 quem
949 2954 986 3016 ad
1015 2954 1134 3016 modum
1162 2956 1233 3017 iacit
1259 2955 1396 3034 agilium,
1425 2956 1469 3015 sic
1499 2953 1592 3015 debet

291 3058 390 3117 iacere
415 3058 616 3119 Vulcanalium
644 3066 673 3117 et
701 3056 849 3118 ancilium.
896 3074 967 3135 ergo
996 3076 1032 3117 ex
1060 3057 1253 3119 similitudine
1279 3056 1407 3135 colligis,
1437 3074 1529 3134 quem
1553 3055 1626 3117 adas
1710 3089 1711 3098 .

291 3160 411 3249 modum
439 3167 468 3220 et
498 3156 501 3240 l
531 3158 581 3220 illa
610 3161 728 3220 nomina
757 3160 874 3219 numeri
902 3164 1016 3220 tantum
1045 3158 1168 3239 pluralis
1195 3161 1315 3229 iaciant,
1345 3169 1377 3219 nt
1399 3160 1441 3220 sic
1463 3160 1589 3227 iaciant,

291 3277 378 3336 quern
402 3260 439 3321 ad
462 3260 582 3321 modum
605 3258 654 3321 illa
677 3278 752 3338 quae
774 3269 844 3321 sunt
867 3263 983 3321 numeri
1006 3260 1172 3339 singularis.
1203 3260 1326 3322 sedilia
1350 3267 1490 3340 usurpata
1507 3270 1588 3329 sunt,

291 3370 323 3423 ut
345 3362 479 3423 dicerent
507 3361 681 3423 anciliorum
710 3370 739 3423 et
762 3361 1016 3432 Vulcanaliorum;
1045 3370 1075 3423 et
1103 3372 1320 3442 usurpaverunt
1341 3364 1470 3423 maiores
1492 3363 1591 3423 nostri

291 3482 378 3523 causa
401 3464 548 3525 licentiae.
594 3464 668 3525 baec
694 3472 792 3525 autem
820 3464 941 3525 licentia
969 3472 1037 3525 nata
1060 3471 1121 3535 est,
1151 3465 1218 3543 quia
1241 3482 1300 3525 non
1322 3472 1460 3544 poterant
1482 3463 1590 3543 regula

290 3568 447 3627 contineri.
831 3568 835 3575 '
1602 3588 1626 3628 eo

376 3666 456 3737 Quae
478 3676 545 3730 suut
568 3676 668 3729 autem
692 3670 828 3739 nomina,
853 3686 929 3746 quae
952 3687 1012 3730 non
1035 3669 1186 3747 pertinent
1208 3667 1244 3729 ad
1266 3667 1400 3746 regulas?
1423 3670 1479 3729 ista
1503 3678 1592 3729 sunt:

291 3772 407 3831 numeri
435 3777 547 3831 tantum
574 3769 697 3850 pluralis
725 3789 784 3831 non
808 3771 1019 3851 pertinentad
1041 3772 1115 3832 istas
1135 3770 1253 3849 regulas
1275 3768 1394 3830 ablativi
1415 3770 1591 3848 singularis,

291 3880 320 3933 et
341 3874 406 3933 rito.
454 3892 521 3934 uam
550 3874 575 3935 si
605 3872 727 3952 regulae
755 3872 873 3934 ablativi
902 3881 971 3934 sunt
998 3872 1171 3950 singularis,
1194 3870 1243 3931 illa
1266 3874 1386 3933 nomina
1407 3880 1509 3933 autem
1535 3892 1592 3934 nu-

290 3976 364 4035 meri
394 3984 464 4036 sunt
493 3982 605 4036 tantum
636 3974 774 4055 pluralis,
803 3991 862 4034 non
892 3974 1002 4037 babent
1035 3976 1181 4035 rationem
1210 3974 1328 4034 numeri
1354 3974 1531 4051 singularis,
1559 3982 1591 4035 ut

291 4078 372 4137 exiro
401 4076 530 4138 debeant
556 4079 586 4137 in
615 4095 740 4139 numero
767 4074 883 4156 plurali.
928 4078 999 4137 item
1021 4094 1082 4137 uon
1103 4078 1256 4155 pertinent
1276 4074 1314 4135 ad
1335 4076 1388 4136 bas
1408 4075 1532 4154 regulas
1555 4096 1626 4141 ears

291 4180 410 4239 nomina
440 4196 516 4257 quae
544 4196 604 4239 non
628 4178 827 4247 declinantur,
853 4184 886 4237 ut
905 4178 949 4238 ias
971 4178 1055 4239 neias
1077 4194 1216 4255 nequam.
1245 4195 1338 4256 quare
1354 4194 1413 4237 non
1433 4179 1590 4256 pertinent

359 4352 374 4399 2
394 4349 483 4400 borum
502 4364 636 4399 martorum
649 4357 692 4400 out
704 4349 793 4399 borum
812 4348 924 4397 maurium
936 4347 988 4399 Bc
1037 4348 1054 4396 il
1070 4349 1172 4415 possint
1188 4347 1259 4399 cca
1272 4347 1393 4413 possitA
1448 4348 1481 4399 ll
1496 4348 1588 4399 borum

290 4435 438 4469 urmruonrm
459 4428 483 4469 et
500 4418 591 4470 borum
612 4421 722 4469 manium
737 4419 790 4469 Bc
806 4418 896 4467 borum
916 4432 1066 4469 mauuorum
1085 4427 1110 4467 et
1128 4417 1217 4468 borum
1236 4432 1338 4467 manum
1353 4420 1435 4483 (corr.
1450 4432 1529 4468 -unm
1542 4418 1589 4477 α’)

289 4490 314 4538 Α
386 4491 418 4540 14
436 4490 460 4539 in
480 4487 593 4557 Horatio]
615 4505 691 4539 earm.
709 4490 743 4538 lli
759 4490 785 4551 ι’),
805 4488 837 4539 10
909 4489 941 4538 17
956 4497 1039 4554 potest
1059 4488 1146 4539 ABG
1214 4488 1247 4539 19
1266 4489 1292 4536 in
1307 4484 1433 4554 Vergilio]
1450 4488 1520 4538 Aen.
1539 4488 1588 4538 vit

199 4588 203 4595 ·
291 4560 341 4610 lati
412 4560 584 4625 uulgannlinm
608 4562 687 4611 etsie
708 4566 852 4610 constanter
870 4574 889 4625 g
908 4573 958 4621 pro
979 4574 993 4607 e
1013 4558 1140 4621 poeitaO
1207 4554 1405 4623 2OSnilnstius]
1431 4559 1467 4621 ef.
1484 4574 1514 4622 p.
1537 4558 1588 4611 loa

288 4629 328 4677 ed.
347 4630 423 4681 hinet.
496 4629 619 4696 religione
633 4646 649 4679 a
665 4630 815 4695 religionem
831 4629 913 4678 ABG
981 4629 1119 4694 impeditus
1131 4628 1180 4679 Bc
1196 4665 1223 4683 ..
1239 4671 1245 4682 ,
1262 4627 1365 4693 peditus
1380 4632 1404 4675 A
1420 4628 1554 4693 inpeditus
1569 4628 1591 4677 G

358 4700 391 4747 '22
406 4700 472 4763 quod
492 4700 517 4749 in
535 4700 560 4748 ia
579 4710 652 4750 exeat
669 4698 727 4750 Co*
746 4700 814 4763 quod
833 4700 858 4748 in
877 4700 903 4748 ia
921 4707 962 4748 ent
980 4698 1028 4749 Bu
1047 4699 1113 4763 qnod
1133 4706 1174 4747 eat
1191 4698 1216 4747 A
1287 4698 1321 4749 27
1340 4713 1414 4762 quem
1433 4698 1588 4749 admodum

290 4773 314 4815 et
332 4768 375 4815 illa
394 4768 447 4818 BG
515 4768 547 4819 31
571 4770 601 4819 ud
620 4770 723 4836 regulas
741 4770 789 4819 ieta
811 4778 871 4819 aunt
892 4770 941 4817 icta
959 4778 1018 4818 eunt
1037 4769 1134 4818 numeri
1151 4768 1172 4819 G
1192 4768 1224 4819 ud
1243 4768 1347 4835 regulae
1365 4767 1429 4819 ista?
1444 4768 1509 4831 (ista
1527 4776 1589 4819 sunt

289 4838 350 4889 cdd,
366 4838 395 4899 b)
414 4839 511 4887 {intueri
529 4837 554 4888 B
572 4840 604 4889 nd
619 4841 720 4905 regulas
742 4879 836 4893 ,,,,,
857 4845 917 4887 surrt
929 4837 975 4902 (ad
991 4839 1092 4904 regulas
1110 4839 1173 4889 istas
1195 4836 1225 4903 a)
1241 4840 1363 4890 istasunt
1379 4839 1479 4888 numeri
1498 4839 1525 4888 A

289 4906 323 4955 35
341 4904 409 4972 itant]
431 4908 464 4956 ltu
482 4906 566 4958 ABG
