3525 5600
333 438 396 504 506
876 439 1078 503 nvuvstllti

1427 558 1448 602 μ
1461 547 1516 590 asso
1527 545 1550 589 n
1561 543 1581 589 ι.

335 629 401 690 culo
424 629 607 706 intellegitur
628 635 753 710 uterque
776 645 878 698 sexus,
901 636 934 689 ut
955 636 1026 708 puta
1047 629 1096 689 bic
1118 647 1236 708 passer:
1262 629 1321 690 iam
1342 628 1400 690 sub
1421 627 1476 688 hoc
1496 627 1603 688 articulo

334 717 386 794 qui
413 722 496 775 sonat
523 713 572 774 hic
599 712 663 773 illic
692 721 736 774 est
762 721 792 774 et
819 714 939 775 lomina.
984 714 1149 775 declinatur
1175 715 1223 776 hic
1251 732 1354 793 passer
1379 713 1468 773 huius
1492 715 1603 792 passeris

334 800 404 860 huic
439 801 553 879 passeri
590 797 668 858 hunc
705 817 856 878 passerem
886 819 904 858 o
944 817 1047 878 passer
1083 798 1121 860 ab
1164 800 1219 860 hoc
1255 817 1376 878 passere
1418 798 1450 858 hi
1485 815 1603 877 passeres

333 885 438 946 horum
453 901 607 963 passerum
629 883 676 945 his
699 883 870 964 passeribus
891 883 946 945 hos
967 902 1103 964 passeres
1125 903 1143 944 o
1166 903 1301 964 passeres
1323 883 1361 945 ab
1378 883 1427 943 his
1441 882 1603 963 passeribus.

334 970 378 1030 sic
405 975 434 1028 et
461 969 534 1030 haee
561 969 673 1050 aquila:
705 968 759 1030 sub
788 986 847 1029 uno
875 969 1002 1030 articulo
1030 972 1082 1050 qui
1111 978 1198 1030 sonat
1224 969 1299 1030 haec
1326 969 1369 1030 ibi
1402 975 1433 1029 et
1460 967 1623 1029 masculums

336 1055 546 1132 intellegimus.
580 1056 623 1115 sie
652 1061 682 1115 et
708 1053 780 1115 haec
807 1056 910 1131 tigris,
940 1053 995 1116 sub
1022 1072 1083 1135 quo
1104 1073 1176 1116 sono
1204 1055 1386 1132 intellegitur
1408 1061 1439 1113 et
1459 1053 1604 1120 masculm3

334 1142 378 1200 sic
400 1146 430 1200 et
457 1139 530 1200 haec
552 1138 697 1209 hirundo,
727 1137 769 1200 ibi
792 1139 942 1217 intellegis
964 1149 994 1200 et
1015 1140 1194 1211 masculum;
1217 1141 1262 1200 sio
1282 1139 1333 1199 hic
1347 1138 1489 1207 struthio,
1511 1136 1551 1198 ibi
1568 1139 1604 1196 in

334 1223 450 1302 tellegis
471 1233 501 1285 et
522 1225 678 1294 leminam;
703 1225 745 1284 sic
766 1226 846 1285 sorix
869 1225 957 1285 stelio
978 1243 1089 1286 musca.
1126 1243 1198 1303 ergo
1220 1225 1276 1285 hoc
1298 1226 1425 1285 interest
1438 1224 1605 1300 intergcnus

333 1327 489 1369 commune
512 1317 541 1370 et
569 1311 732 1389 epicoenon
761 1307 885 1389 [deinde
907 1310 966 1371 alia
988 1309 1168 1380 dillerentia,
1198 1313 1268 1391 qnia
1289 1311 1321 1370 in
1342 1326 1454 1386 genere
1476 1309 1603 1367 communi

334 1403 363 1455 et
386 1394 522 1454 homines
543 1401 613 1455 sunt
635 1401 664 1454 et
686 1412 808 1474 pecora,
833 1397 864 1456 in
888 1396 1031 1474 epicoeno
1053 1414 1161 1475 pecora
1182 1392 1330 1474 tantum],
1358 1393 1438 1474 quod
1459 1394 1492 1452 in
1511 1409 1632 1470 genereo

333 1479 482 1539 communi
509 1477 595 1538 ambo
618 1478 734 1539 articuli
763 1487 845 1549 sunt,
876 1479 907 1540 id
934 1487 980 1540 est
1001 1481 1052 1541 hic
1073 1489 1104 1540 et
1129 1481 1217 1550 haec,
1246 1490 1280 1541 ut
1305 1479 1354 1539 hic
1376 1485 1407 1540 et
1431 1477 1504 1538 haec
1523 1479 1603 1546 tanim

333 1565 496 1643 epicoenon
519 1569 618 1625 autem
640 1581 707 1624 cum
730 1563 856 1625 articulo
877 1583 938 1625 uno
960 1568 1159 1627 communicat
1181 1563 1344 1626 masculum
1366 1571 1397 1623 et
1418 1563 1560 1630 feminam,
1579 1571 1604 1622 ut

334 1667 401 1710 cum
424 1648 490 1709 dico
512 1649 561 1708 bic
584 1666 701 1728 passer,
725 1648 781 1710 sub
804 1651 868 1729 ipso
884 1649 1012 1711 articulo
1026 1653 1078 1731 qui
1092 1658 1178 1712 sonat
1192 1651 1242 1710 hie
1257 1649 1444 1727 intellegitur
1457 1655 1487 1708 et
1500 1649 1602 1708 lomina.

333 1735 377 1794 sic
399 1734 431 1793 in
453 1735 573 1794 nomine
596 1737 716 1811 generis
738 1737 852 1804 neutri,
876 1735 955 1814 quod
977 1743 1022 1796 est
1043 1735 1099 1796 hoe
1120 1754 1228 1816 pecus,
1252 1734 1307 1795 sub
1329 1734 1458 1795 articulo
1474 1735 1522 1812 qui
1535 1740 1605 1794 sonat
1644 1765 1650 1777 ·

332 1818 388 1878 hoc
410 1818 596 1896 intellegitur
618 1825 648 1879 et
670 1819 795 1889 lomina,
819 1825 852 1880 ut
874 1819 1016 1898 Virgilius
1038 1823 1081 1882 ait
1102 1820 1222 1881 ‘lenta
1244 1819 1339 1881 salix
1361 1821 1440 1880 leto
1461 1819 1632 1898 pecori';1⁵

333 1904 416 1963 etin
439 1920 561 1982 pecore,
591 1903 662 1963 licet
688 1904 727 1964 sit
754 1921 848 1982 genus
874 1913 1029 1975 neutrum,
1059 1905 1179 1968 auditur
1206 1904 1268 1967 illio
1290 1913 1320 1966 et
1346 1922 1444 1983 genus
1469 1904 1603 1969 lominum,

333 2005 401 2047 cum
423 1986 497 2048 dixit
520 1987 594 2048 ‘leto
615 1991 747 2068 peeori',
774 1988 804 2049 id
826 1997 871 2050 est
892 1991 1025 2067 gravido.

418 2071 503 2132 Nune
526 2073 684 2133 dicendum
706 2073 742 2134 de
765 2074 936 2137 nominibus
962 2093 1038 2156 quae
1066 2084 1117 2138 aut
1142 2077 1259 2136 numeri
1286 2081 1356 2137 sunt
1383 2081 1495 2135 uotum
1521 2074 1605 2150 singu·

334 2157 405 2218 laris
427 2164 478 2216 aut
499 2160 615 2218 numeri
639 2164 752 2220 tantum
774 2159 908 2238 pluralis.
951 2164 983 2222 sit
1003 2163 1170 2223 moscadioo
1191 2167 1308 2222 tantam
1325 2161 1483 2237 ploratio,
1505 2167 1537 2219 ut
1548 2175 1605 2217 ean-

333 2241 403 2302 eelli
431 2259 533 2304 manes
561 2250 698 2323 penates:
726 2246 757 2304 in
785 2244 930 2305 feminino
956 2253 1072 2307 tantum
1099 2245 1241 2325 pluralia,
1269 2252 1303 2307 ut
1323 2245 1459 2305 thermae
1480 2244 1633 2322 erenum
1705 2272 1706 2319 p

333 2326 460 2388 insidiae
488 2327 609 2389 divitiae
633 2328 782 2390 nundinae
804 2329 963 2401 kalendae;
991 2333 1065 2391 item
1087 2333 1118 2392 iu
1140 2328 1312 2391 nominibus
1334 2332 1503 2398 civitatum,
1532 2329 1605 2406 Amy·
1705 2354 1706 2403 p

334 2411 397 2472 elae
420 2411 539 2473 Thenas
561 2413 693 2475 Athenae
717 2413 880 2494 Syracusae
903 2413 1023 2476 Thebae
1046 2414 1205 2477 Toburnae
1228 2415 1332 2476 Saldae
1354 2413 1500 2475 Abiturae
1525 2413 1605 2472 llaco
1705 2408 1706 2497 J

332 2497 432 2558 mades
459 2497 543 2558 Cales
571 2498 679 2558 Carrae
701 2497 803 2560 Asirae
834 2498 927 2561 Lares
961 2500 1133 2570 Furnitum,
1162 2517 1238 2579 quae
1267 2499 1331 2560 loca
1358 2507 1448 2559 tunos
1474 2498 1604 2560 dicuntur.
1705 2504 1706 2561 l

334 2589 363 2642 et
386 2581 444 2642 alia
466 2582 590 2642 similia:
615 2584 645 2643 in
668 2591 774 2644 neutro
794 2579 909 2646 tantum
925 2584 1100 2662 singularia,
1123 2592 1157 2645 ut
1171 2602 1276 2645 aurum
1296 2591 1453 2662 argentum
1471 2581 1611 2663 plumbum

333 2674 469 2744 stagnum
484 2669 570 2747 piper
585 2669 719 2728 triticum
735 2669 833 2730 oleum
848 2671 964 2740 vinum,
980 2687 1158 2750 quamquam
1173 2669 1315 2747 Virgilius
1328 2671 1396 2730 rina
1412 2676 1443 2728 et
1457 2668 1555 2728 Cicero
1567 2685 1605 2727 ra·
1616 2683 1636 2720 ιι
1705 2722 1706 2753 ,

333 2753 411 2821 rius,
434 2750 592 2822 hordeum,
616 2754 730 2833 poetica
751 2753 871 2817 liuentia
895 2754 977 2817 dedit
998 2755 1122 2835 plurali,
1154 2761 1187 2815 ut
1209 2757 1347 2816 ‘serite
1371 2753 1508 2815 hordea
1527 2770 1605 2813 canr-

332 2838 423 2915 pis':
447 2839 477 2897 in
500 2845 606 2898 neutro
628 2844 742 2899 tantum
764 2840 891 2918 pluralia
913 2849 1010 2903 castra
1032 2842 1149 2902 moenia
1170 2858 1251 2903 arma
1273 2848 1340 2901 exta
1364 2836 1411 2919 [id
1434 2847 1480 2899 est
1492 2834 1605 2915 viscera]

332 2922 439 2982 bactra
462 2920 552 3001 [quae
575 2930 621 2983 est
642 2924 747 2985 civitas
762 2924 935 3007 Parthiae];
958 2944 1030 3005 ergo
1052 2926 1178 2987 ethaeo
1200 2928 1306 2987 civitas
1328 2925 1448 3003 generis
1463 2924 1555 2984 neutri
1568 2929 1608 2980 est

333 3023 457 3067 numero
480 3014 594 3068 tantum
615 3008 734 3087 plurali.
759 3008 763 3090 Ι

418 3092 494 3153 Sane
521 3100 590 3153 sunt
622 3096 739 3155 nomina
767 3092 823 3155 suh
852 3094 962 3175 duplici
996 3096 1214 3166 enuntiatione,
1248 3102 1281 3155 ut
1313 3094 1453 3155 hibuntrs
1484 3092 1638 3157 mittans

333 3177 500 3257 praelectus
522 3176 621 3249 urbis,
645 3179 815 3257 praelectus
836 3180 953 3250 lundis,
976 3182 1146 3261 praelectus
1167 3197 1317 3250 annonae,
1339 3181 1509 3260 praelectus
1522 3176 1608 3255 vigili·
1704 3195 1705 3282 p

333 3260 405 3330 bus,-
426 3260 523 3341 plehis
545 3265 662 3332 scitum,
686 3272 805 3325 senatus
826 3264 1004 3325 consultum.
1041 3284 1167 3345 quorum
1189 3267 1343 3325 nominum
1365 3282 1508 3345 unapars
1526 3261 1607 3323 decli·
1704 3289 1705 3342 p

334 3354 437 3415 natur,
466 3346 557 3407 altera
586 3365 645 3408 non
672 3348 851 3420 declinatur,
883 3358 916 3410 ut
943 3359 1014 3429 puta
1041 3352 1211 3430 praelectus
1236 3349 1392 3428 vigilibus,
1425 3350 1610 3411 nommadms

333 3433 397 3509 ipse
421 3432 550 3492 ilectitnr
575 3452 630 3512 per
652 3450 750 3505 casus,
780 3436 951 3515 praelectus
976 3436 1119 3515 praelecti
1146 3436 1298 3517 praelecto
1325 3437 1509 3515 praelectum
1532 3450 1608 3514 prae
1704 3481 1705 3528 p

332 3516 409 3575 lecte
438 3535 453 3576 a
482 3519 650 3596 praelecto;
678 3519 821 3597 vigilibus
850 3523 894 3581 sic
928 3528 1028 3581 munet
1060 3539 1117 3582 nec
1148 3520 1295 3582 ilectitur:
1329 3529 1363 3580 ut
1397 3528 1517 3582 senatus
1546 3534 1640 3578 oon-s
1704 3569 1705 3604 p

403 3739 485 3801 2quo
502 3747 577 3789 sonat
590 3739 634 3793 F5
669 3736 754 3806 baio]
768 3740 870 3795 sedF5
911 3756 960 3807 quo
973 3742 1106 3799 sonotF5
1140 3740 1213 3793 brie
1226 3749 1252 3792 et
1265 3742 1339 3807 trigis
1355 3740 1405 3791 sub
1419 3737 1610 3792 sonomssenlns

333 3806 358 3857 F
407 3808 468 3856 titt
483 3808 629 3875 intellegitis
646 3818 752 3875 utroque
768 3810 861 3861 locoF
913 3810 1022 3863 Ssorex
1041 3812 1155 3869 stellio5
1207 3810 1336 3863 oderade
1349 3812 1402 3863 alis
1419 3810 1557 3862 differentia
1570 3824 1608 3859 om

333 3889 350 3933 5
398 3876 427 3928 ll
445 3877 471 3926 ld
486 3886 525 3927 est
538 3876 579 3927 hie
592 3887 616 3927 et
629 3878 690 3928 baec
703 3894 759 3928 cum
776 3882 877 3930 nomine
896 3883 1064 3933 communicet
1075 3888 1103 3931 nt
1117 3881 1159 3932 hio
1174 3880 1218 3939 re
1266 3882 1299 3932 12
1317 3882 1450 3949 epioennm
1466 3890 1547 3930 autem
1561 3892 1610 3927 oum

332 3945 440 3997 articulo
468 3961 518 3997 nno
545 3948 686 4000 masculino
706 3950 874 4000 eommunicet
892 3965 985 4002 nomen
1004 3952 1152 4002 lemininum
1172 3960 1200 4001 nt
1217 3966 1275 4001 eom
1293 3966 1310 4009 5
1330 3954 1356 4001 in
1377 3954 1517 4018 epicoenon
1535 3958 1611 3999 auten

332 4030 388 4065 eum
405 4017 510 4066 articulo
525 4032 576 4070 uno
594 4018 764 4069 communicat
781 4032 873 4070 nomen
888 4020 1038 4073 femininum
1057 4031 1082 4073 et
1100 4036 1158 4073 eom
1175 4022 1201 4071 F
1256 4022 1380 4073 lisicia
1395 4021 1500 4072 articam
1519 4017 1613 4085 generis

333 4086 413 4135 neutri
429 4087 475 4144 ἲς
531 4088 562 4138 lb
582 4084 659 4155 lenta]
689 4090 768 4156 Verg.
787 4088 866 4141 bucol.
885 4090 911 4153 3,
929 4091 963 4143 83
1017 4090 1051 4143 19
1068 4091 1095 4141 io
1114 4091 1254 4143 masculino
1272 4101 1368 4143 tantum
1386 4091 1497 4160 pluralis
1512 4104 1558 4139 on.
1575 4087 1613 4140 Fs

402 4156 433 4207 21
455 4153 526 4224 item]
551 4154 578 4205 id
596 4158 612 4206 d
629 4159 665 4221 F,
683 4171 766 4215 om.5
851 4160 943 4210 amicle
961 4169 1053 4211 teneat.
1077 4170 1149 4212 tenes
1169 4162 1284 4213 iraousse
1303 4164 1327 4213 F
1409 4165 1445 4214 22
1462 4160 1613 4213 tubumaess

332 4226 439 4276 tuberes
454 4228 492 4278 F:
511 4226 633 4293 oppidum
653 4226 842 4281 l'ubnroioeuse
862 4230 961 4281 Plinius
979 4248 1003 4281 a.
1022 4229 1048 4284 h.
1062 4232 1086 4281 V
1104 4234 1136 4296 4,
1153 4228 1188 4281 29
1258 4233 1370 4283 nitrum
1387 4248 1406 4289 5
1424 4229 1569 4282 habitudine
1585 4224 1612 4275 F.

331 4297 383 4346 dici
399 4296 497 4346 videtur
512 4296 635 4362 oppidum
654 4298 813 4349 dbutuocnse
830 4301 902 4365 apud
913 4300 1019 4351 Pilum
1033 4302 1052 4354 l.
1071 4314 1095 4355 e.
1165 4296 1200 4349 23
1216 4298 1284 4349 coles
1301 4302 1411 4351 arraei
1425 4302 1520 4351 relate·
1537 4295 1613 4347 iomi-

331 4372 383 4414 tum
400 4380 464 4429 quae
482 4366 537 4416 loca
554 4376 628 4417 tonos
643 4364 744 4431 (turnos
763 4366 794 4433 ς)
811 4368 995 4426 dieuntorFs·
1015 4372 1127 4421 lissum
1145 4372 1212 4421 inter
1227 4368 1303 4418 urbes
1318 4368 1427 4432 Africae
1442 4373 1545 4433 posim
1564 4368 1613 4415 itia.

331 4435 423 4484 Aaron
439 4450 466 4499 p.
481 4436 523 4495 47,
537 4434 580 4495 ts,
600 4436 632 4487 bl
653 4438 693 4487 ed.
713 4438 808 4502 Weas„
828 4430 1195 4506 desponsationem
1212 4436 1299 4501 Stepd·
1319 4438 1386 4505 Bgz.
1404 4453 1431 4501 ρ.
1450 4437 1512 4499 oto,
1531 4434 1563 4487 lb
1578 4433 1614 4483 ed.

332 4504 413 4554 Melo.
430 4519 480 4569 pro
497 4513 619 4569 corrupto
635 4522 658 4557 o.
676 4516 751 4557 tunos
766 4508 900 4560 Petschiue
912 4511 1016 4574 scripsit
1032 4510 1129 4559 Firmos
1199 4510 1234 4560 25
1251 4508 1334 4558 oleum
1352 4508 1475 4559 hordeum
1494 4506 1581 4555 ninom
1600 4514 1615 4557 ς

401 4572 436 4641 et]
458 4582 484 4623 st
502 4589 520 4632 ς
590 4576 670 4625 rarius
687 4575 829 4627 declinator
849 4587 932 4628 autem
958 4578 1129 4629 nominatione
1147 4577 1217 4629 solus
1239 4579 1340 4644 poetico
1357 4578 1460 4628 lieentia
1476 4576 1549 4627 dedit
1567 4572 1617 4639 piu·

332 4644 379 4694 reli
395 4652 422 4693 ut
441 4645 517 4695 serite
537 4644 614 4695 ordea
632 4647 730 4711 eampis
745 4657 769 4698 et
787 4647 838 4697 elia
856 4650 882 4697 in
900 4656 989 4699 neutro
1007 4646 1033 4697 F
1051 4648 1142 4703 rarius.
1164 4649 1264 4712 poetica
1282 4648 1386 4699 liuentis
1403 4648 1473 4699 dedit
1486 4643 1576 4713 plurali
1592 4651 1617 4688 ιιι

331 4714 408 4763 serite
424 4713 518 4765 hordea
536 4717 642 4781 campis.
670 4716 810 4767 declinatur
833 4726 917 4767 sutem
936 4719 1107 4769 nominatiores
1129 4718 1211 4773 solus,
1239 4720 1264 4766 ln
1283 4725 1374 4768 neutro
1389 4733 1422 4775 ς.·
1442 4718 1480 4782 es.
1495 4728 1578 4780 um
1593 4724 1618 4773 lt·

331 4782 391 4841 498,
409 4781 450 4834 36.
470 4800 501 4834 ea
518 4800 583 4851 puae
604 4787 752 4848 interposita
770 4797 828 4839 sunt
845 4790 877 4839 de
894 4789 1037 4839 nomadas·
1055 4789 1223 4839 deelinadone
1243 4788 1281 4837 od
1292 4792 1405 4853 aquia·
1419 4790 1543 4837 som
1558 4796 1619 4833 m·

327 4855 464 4971 pmtm
479 4856 609 4919 pertinere
625 4857 740 4905 videntur
808 4858 842 4909 26
866 4856 955 4925 serite]
981 4860 1060 4924 Verg.
1077 4872 1165 4923 georg.
1186 4860 1196 4907 l
1216 4858 1268 4908 ito
1335 4858 1369 4908 :tl
1396 4852 1531 4923 vigilibus]
1550 4849 1619 4915 uitgi'

355 4926 436 4985 ,dem
449 4926 518 4987 infra
