3525 5600
622 397 856 460 couunmvu
1059 467 1065 482 ,
1142 467 1146 473 ᾗ
1324 393 1388 456 aoa

1170 527 1174 534 -
1201 518 1223 558 p.
1237 505 1326 545 sat-es
1339 504 1361 542 ι,

187 587 298 648 intinita
320 603 395 664 quae
418 586 555 649 dicuntur
578 587 772 668 pronomina?
794 588 868 661 istas
890 589 966 666 quis.
997 604 1065 648 nam
1083 565 1201 667 qulndo
1223 586 1289 646 dieo
1312 585 1387 664 quis,
1400 591 1488 648 eloe

117 689 237 770 generale
258 681 424 770 pronomen
448 697 506 760 est;
529 697 614 771 potes
636 698 666 751 et
687 689 724 751 de
746 688 797 750 illo
820 697 850 749 et
871 688 908 748 de
930 688 981 749 illo
1004 698 1034 749 et
1055 688 1092 749 de
1113 687 1250 768 pluribus
1270 686 1386 748 intelle·
1400 661 1460 722 Μ’
1474 659 1506 709 13

116 811 183 872 gere.
224 798 267 852 est
294 792 382 852 etiam
411 793 508 854 minus
537 811 623 874 quam
653 793 768 853 linitum
791 808 972 870 pronomen,
996 791 1053 852 boc
1076 784 1388 852 commemorationem

118 896 173 954 lacit
192 901 275 955 notae
297 913 459 975 personae,
483 894 540 955 boc
563 901 609 956 est
630 897 702 974 ipse.
748 911 808 954 non
829 911 951 972 possum
973 891 1074 954 dicere
1096 894 1162 972 ipse
1184 889 1188 972 l
1211 893 1270 952 nisi
1292 891 1329 951 de
1352 911 1388 952 so

100 1015 188 1076 squam
209 1003 239 1056 tu
262 997 340 1057 nosti
362 1003 392 1056 et
415 1013 470 1074 ego
503 1003 552 1056 aut
582 995 619 1056 de
643 1015 678 1056 eo
699 1013 789 1074 quem
811 1001 898 1056 antea
921 997 1158 1057 commemorari.
1204 1001 1274 1073 puta
1297 995 1388 1054 ‘Ver-

117 1097 188 1177 gilius
209 1100 327 1178 scripsit
348 1097 520 1158 bucolical’
543 1099 569 1158 si
590 1115 639 1158 me
660 1099 842 1174 interroges,
867 1095 936 1157 dico
959 1096 1011 1158 tibi
1034 1098 1115 1176 ‘ipse
1137 1099 1208 1158 est'.
1245 1096 1297 1156 sed
1319 1115 1387 1176 pos·

117 1218 169 1262 sum
190 1199 287 1260 dicere
309 1198 475 1278 ‘Vergilius
498 1201 616 1279 scripsit
637 1198 772 1260 bucolica
781 1204 800 1268 ',
825 1198 894 1260 nolo
915 1209 1013 1260 autern
1029 1198 1085 1259 boc
1107 1197 1222 1268 dicere,
1246 1197 1299 1259 sed
1321 1198 1388 1258 dico

117 1301 171 1362 ‘ille
192 1305 249 1361 est’
274 1329 292 1362 s
315 1301 386 1382 quid
402 1320 474 1380 ergo
490 1303 547 1363 erit
562 1301 763 1363 dillerentiaei
787 1318 854 1361 nam
878 1301 993 1380 etipse
1015 1308 1045 1361 et
1066 1299 1116 1361 ille
1139 1309 1169 1360 et
1189 1299 1270 1360 idem
1293 1302 1390 1360 minus

116 1422 188 1483 quam
208 1403 286 1463 linita
310 1405 486 1484 pronomina
508 1411 586 1465 sunt.
631 1402 700 1484 quid
728 1421 800 1482 ergo
829 1405 886 1464 erit
907 1391 1108 1464 differentiae?
1141 1394 1264 1484 quaere,
1289 1411 1388 1465 utrum

92 1529 106 1562 u
116 1507 144 1565 sit
166 1523 305 1584 praesens
333 1523 371 1566 an
399 1505 507 1566 absens
535 1504 584 1566 illa
612 1523 748 1586 persona.
791 1523 936 1585 praesens
961 1507 987 1565 si
1013 1506 1053 1565 sit
1080 1505 1133 1582 qui
1159 1505 1292 1584 scripsit,
1322 1503 1388 1564 dieo

116 1607 168 1666 ‘bic
188 1608 327 1686 scripsit’.
358 1608 383 1668 si
405 1607 513 1670 absens
535 1614 580 1668 est
603 1607 762 1686 Vergilius,
787 1614 817 1668 et
838 1607 1005 1686 interroges
1019 1625 1067 1667 me
1089 1605 1254 1685 ‘Vergilius
1270 1607 1390 1685 scripsit

116 1705 275 1778 bucolicail,
311 1707 378 1770 dico
411 1711 518 1790 ‘ipset
565 1725 636 1787 ergo
669 1709 726 1769 boc
759 1711 883 1770 interest
909 1710 988 1770 inter
1020 1711 1084 1790 ipsa
1116 1711 1171 1770 ista
1203 1710 1387 1789 pronomina,

116 1809 187 1888 quod,
203 1809 237 1870 ad
253 1819 443 1890 praesentem
465 1829 623 1892 personam
639 1811 757 1892 quando
779 1812 951 1882 referimus,
974 1811 1024 1872 bio
1046 1810 1186 1880 dicimus:
1211 1810 1329 1892 quando
1352 1809 1389 1870 de

116 1911 219 1974 absente
244 1912 419 1974 relationem
453 1913 592 1984 iacimus,
622 1914 686 1994 ipse
714 1913 848 1974 dicimus.
895 1920 925 1973 et
951 1915 1005 1974 ista
1039 1913 1183 1974 servanda
1210 1921 1286 1974 sunt.
1332 1931 1388 1993 qua

90 2016 211 2076 eratione
237 2015 293 2076 boc
321 2015 407 2077 diooi
447 2015 622 2096 plerumque
652 2017 683 2076 in
713 2014 883 2076 auctoribus
911 2017 1077 2076 invenimus
1104 2015 1189 2077 aliter
1216 2016 1313 2095 posita
1339 2025 1389 2075 aut

116 2115 216 2176 licentia
243 2124 294 2178 aut
321 2119 409 2179 metri
437 2119 623 2180 necessitate.
669 2117 737 2180 ideo
764 2117 840 2178 lacta
868 2124 938 2178 sunt
963 2117 1115 2178 schemata
1137 2127 1168 2180 et
1193 2118 1387 2199 metaplasmi.

117 2235 174 2296 ergo
200 2219 316 2298 quando
345 2221 389 2282 vis
417 2220 454 2281 de
479 2229 636 2301 praesente
666 2237 792 2301 persona
821 2219 918 2297 loqui,
942 2219 990 2280 dic
1011 2219 1078 2280 ‘bic
1100 2224 1177 2287 est’;
1205 2220 1323 2300 quando
1346 2221 1389 2280 ris

117 2320 146 2379 de
167 2318 283 2402 absente
310 2340 455 2402 persona,
484 2322 532 2383 dic
560 2325 625 2402 ipse
651 2323 678 2382 is
705 2321 798 2393 idem,
829 2329 858 2382 ct
887 2321 1094 2402 quodcumque
1123 2320 1251 2383 volueris
1272 2320 1309 2383 de
1331 2319 1388 2381 illis

115 2421 300 2502 superioribus
327 2424 563 2504 pronominibus.
609 2425 651 2484 vis
678 2425 755 2486 seire
784 2425 924 2501 quoniam
952 2433 1050 2485 serrat
1070 2425 1142 2484 istas
1162 2425 1293 2484 rationes
1315 2425 1388 2484 Ver·

89 2523 204 2601 ugilius?
226 2527 339 2588 Aeneas
362 2525 530 2608 [quaeritur
552 2545 567 2588 a
589 2526 705 2588 Didone
727 2543 787 2586 non
810 2525 966 2607 praesens]
991 2527 1143 2604 quaeritur
1164 2544 1180 2586 a
1202 2526 1306 2586 Latino
1327 2545 1387 2587 non

116 2645 251 2704 praesens,

246 2732 325 2811 ipse
348 2731 453 2792 modo
475 2735 629 2801 Aeneas,
653 2733 777 2792 nostri
800 2733 830 2792 si
853 2739 954 2791 tanta
977 2729 1112 2810 cupido
1135 2737 1207 2805 est,

247 2834 435 2895 adveniat:

117 2935 185 3012 ‘ipse
204 2941 313 2997 teneas
335 2935 506 3004 adveniat’;
530 2935 611 2996 vides
634 2934 672 2996 de
694 2935 816 2997 absente
839 2954 904 2997 esse
925 2934 1120 3016 relictionem.
1151 2936 1294 2997 tnebtses
1309 2935 1387 3015 apud

88 3037 215 3098 ainteros
235 3037 362 3099 ostendit
384 3044 555 3118 praesentes
577 3056 720 3118 personas
743 3036 814 3107 filio,

245 3140 307 3201 bic
328 3142 397 3211 vir,
421 3140 480 3201 bic
503 3149 573 3209 est,
596 3138 667 3201 tibi
690 3156 795 3217 quem
819 3141 991 3219 promitti
1013 3142 1164 3220 saepius
1185 3141 1302 3202 audis.

189 3242 258 3303 Sunt
279 3244 368 3303 etiarn
390 3246 571 3323 possessiva:
596 3242 761 3321 possessiva
783 3240 923 3303 dicuntur
939 3262 1015 3322 quae
1037 3241 1148 3323 aliquid
1163 3261 1219 3305 nos
1233 3242 1388 3325 possidere

117 3343 265 3405 ostendunt.
310 3328 427 3424 quando
455 3344 522 3405 dico
550 3362 650 3412 meus,
679 3362 727 3403 me
755 3342 866 3421 aliquid
894 3343 1048 3424 possidere
1076 3344 1215 3415 ostendo;
1244 3353 1325 3415 tuus,
1358 3353 1387 3406 te

116 3442 208 3523 aliquid
229 3446 380 3526 possidere
397 3446 541 3515 ostendo;
566 3465 647 3516 suus,
670 3445 753 3507 illum
776 3444 886 3525 aliquid
908 3446 1062 3525 possidere
1084 3444 1217 3508 ostendo.
1248 3448 1388 3509 istasunt

91 3550 275 3621 apossessiu.

188 3648 256 3710 Sunt
276 3650 331 3711 alia
354 3650 515 3731 qualitatis,
538 3658 570 3712 ut
592 3660 662 3729 puta
685 3649 779 3731 qualis
801 3649 880 3711 talis:
916 3649 1011 3730 qualis
1038 3659 1085 3712 est
1106 3650 1156 3713 ille
1178 3650 1285 3712 borno?
1322 3651 1387 3712 talis

120 3754 161 3807 est.
204 3749 359 3830 [qualitatis
380 3754 495 3832 species
518 3761 589 3815 sunt
609 3752 706 3831 istae]
751 3751 806 3813 alia
829 3755 1014 3833 quantitatis,
1037 3761 1164 3832 quamue
1186 3760 1295 3815 tantus.
1331 3752 1386 3814 alia

119 3860 173 3911 sunt
193 3856 316 3924 numeri,
346 3863 417 3933 quot
439 3862 490 3915 tot.
536 3853 614 3935 quod
638 3856 664 3915 si
685 3872 740 3934 per
762 3854 779 3915 d
802 3855 930 3924 scribas,
959 3857 1080 3933 generis
1102 3857 1201 3915 neutri
1223 3865 1282 3924 est;
1315 3863 1387 3935 quot

120 3952 204 4031 siper
224 3961 236 4014 t
255 3956 378 4027 scribas,
409 3958 527 4017 numeri
555 3964 608 4017 est.
655 3966 688 4017 nt
715 3964 785 4037 puta
814 3959 838 4016 si
867 3956 948 4018 dicas
976 3956 1074 4034 ‘quod
1097 3958 1304 4036 mancipium',
1327 3957 1386 4017 iam

96 4057 203 4114 eneutri
229 4060 344 4134 generis
367 4066 426 4129 est;
454 4060 479 4119 si
506 4058 587 4119 dicas
616 4060 707 4137 ‘quot
733 4057 869 4120 bomines
893 4060 1081 4129 venerunt‘l',
1111 4060 1169 4119 iam
1192 4059 1309 4119 numeri
1332 4066 1384 4119 est.

121 4151 162 4214 bos
182 4174 250 4236 ergo
271 4158 423 4238 intellege,
447 4162 472 4221 si
493 4178 548 4240 per
571 4168 583 4220 t
604 4158 731 4230 scribas,
757 4162 812 4221 erit
828 4163 960 4229 numeri;
983 4163 1008 4222 si
1030 4161 1133 4240 perd,
1157 4162 1213 4222 erit
1234 4168 1383 4222 neutrum.

173 4396 188 4444 5
206 4412 277 4459 quem
291 4407 363 4448 antea
382 4398 406 4447 A
425 4414 499 4463 quem
517 4398 564 4447 tibi
582 4405 640 4449 ante
657 4399 729 4451 eea
798 4398 815 4448 8
832 4400 946 4450 lammam
963 4400 1081 4461 indicavi,
1096 4416 1146 4463 qun
1159 4402 1330 4462 pronominum
1343 4398 1387 4447 hic

121 4462 151 4511 ille
166 4466 229 4515 idem
246 4470 434 4519 commoratio
454 4468 583 4519 excidisse
600 4470 698 4520 uidetur
767 4468 925 4520 deserentise
942 4488 959 4521 a
976 4466 1117 4521 deserentia
1134 4469 1160 4517 A
1177 4468 1321 4518 differentia
1335 4467 1389 4519 Bc

173 4532 352 4587 9diderentine
372 4540 411 4589 Gb
432 4540 575 4588 differentia
595 4540 618 4587 B
635 4539 775 4589 deferentis
794 4538 818 4587 A
837 4554 905 4588 corr.
927 4542 990 4590 -tiae
1008 4555 1025 4589 a
1096 4540 1129 4589 to
1149 4541 1191 4601 qni
1209 4541 1311 4603 scripsit
1329 4538 1386 4587 AB

120 4616 170 4663 qnae
187 4608 286 4671 scripsit
301 4608 342 4658 Oa
411 4610 443 4659 14
463 4606 521 4673 ista]
542 4609 617 4659 ltsB
677 4610 708 4659 lt
723 4610 823 4659 dicem
844 4610 935 4669 ABG,
952 4610 1014 4662 add.
1033 4607 1066 4657 a*
1120 4609 1243 4658 liliatam
1262 4610 1385 4657 rationem

121 4670 208 4725 distas
227 4680 336 4727 nationes
355 4678 379 4727 A
398 4680 459 4729 istas
478 4680 667 4729 terminationes
687 4678 742 4729 Gn*
813 4678 848 4728 20
867 4694 917 4728 non
933 4689 994 4744 post
1012 4678 1102 4727 Latino
1119 4694 1165 4729 om.
1184 4678 1219 4738 A,
1237 4678 1336 4741 adda

119 4744 146 4791 22
160 4742 219 4811 ipse]
246 4748 320 4813 Verp.
340 4746 402 4798 Aen.
422 4750 467 4798 vlt
485 4748 545 4799 ²63.
564 4750 597 4797 de
615 4750 713 4799 Didone
733 4752 842 4815 exempli
859 4753 914 4800 loco
932 4752 995 4813 poni
1016 4756 1120 4813 poterat
1134 4749 1200 4800 Aen.
1222 4748 1266 4796 llll
1285 4747 1317 4799 1³
1336 4747 1385 4799 ben

120 4812 198 4872 quibus
215 4814 256 4865 ille
274 4818 374 4866 iactatus
392 4817 453 4869 istis
508 4822 608 4869 Aeneas
626 4836 673 4872 om.
692 4819 725 4884 A,
745 4820 805 4875 odd.
827 4836 843 4869 a
913 4820 948 4873 23
966 4819 1170 4871 adueniatBOo
1188 4819 1275 4869 ueniet
1292 4818 1317 4869 A

119 4880 148 4932 ib
165 4882 202 4933 hic
218 4884 267 4952 vir]
291 4888 366 4954 Ver-p.
386 4890 451 4943 Aen.
472 4889 508 4939 Vl
524 4888 575 4941 792
