3525 5600
321 381 386 450 452
882 386 1067 450 Evuluffls

349 508 370 549 p.
385 497 429 536 rer.
444 497 469 536 aa
483 495 505 538 ι.
1417 507 1439 548 p.
1452 497 1510 536 atta
1524 497 1548 536 a
1559 495 1580 535 ι.

323 575 405 637 dedit
427 575 599 645 verborum,
623 575 659 634 de
682 574 791 655 qttibus
812 583 915 655 postea
938 575 1063 636 dicetur.
1101 578 1259 656 pauciores
1281 595 1351 636 vero
1373 578 1527 636 nominum
1548 583 1600 637 ter·

323 679 515 747 minationem
540 696 594 737 nec
616 677 653 738 ab
669 679 749 738 onmi
766 686 845 738 motu
863 678 1036 747 verborum,
1061 697 1115 739 nec
1137 698 1189 740 cas
1211 682 1292 758 ipsas
1314 697 1435 759 setnper
1457 679 1600 740 inmollis

323 780 494 841 nominibus
515 801 531 862 a
555 779 713 841 verborum
737 782 921 842 derivatione
945 781 1090 851 traduxit;
1118 801 1192 861 quas
1213 784 1265 862 qui
1288 783 1471 862 perceperit,
1496 780 1600 842 intelle·

322 901 393 960 gere
416 883 531 943 facilius
554 889 650 961 potest
671 883 862 944 adhaerentia
880 882 979 944 verbis
1002 885 1136 952 nomina,
1162 892 1260 945 utrum
1283 886 1347 964 ipsa
1370 882 1527 944 verborum
1548 885 1601 944 sint

323 987 468 1062 origineS,
493 1003 529 1046 an
552 984 736 1045 deducantur
758 1005 774 1046 a
798 984 907 1046 verbis.
952 1005 968 1046 a
990 985 1089 1047 tribus
1116 987 1195 1046 enirn
1217 989 1302 1067 quasi
1326 985 1459 1045 lontibus
1482 985 1620 1049 tarbellae

322 1087 440 1147 nondna
469 1085 671 1154 deducuntur,
701 1086 730 1146 id
758 1095 805 1148 est
831 1095 881 1148 aut
908 1087 945 1147 ab
972 1089 1132 1150 indicativo
1160 1092 1311 1168 praesenti
1339 1095 1390 1149 aut
1412 1107 1428 1148 a
1450 1090 1601 1166 praeterito

236 1194 239 1200 '
321 1189 455 1268 perlecto
478 1196 528 1249 aut
551 1186 587 1248 ab
611 1189 756 1248 infinitivo
778 1190 879 1250 luturo
901 1190 962 1250 sive
984 1192 1165 1271 participiis;
1188 1198 1219 1252 et
1241 1190 1365 1268 singulis
1387 1208 1491 1250 eorum
1513 1197 1601 1250 certae
1716 1272 1717 1277 η

321 1297 391 1350 sunt
424 1290 640 1351 derivationum
672 1290 821 1352 clausulae
856 1299 916 1352 tam
948 1293 1105 1369 generales
1137 1312 1225 1372 apuam
1258 1292 1404 1373 speciales
1436 1293 1601 1352 destinatae.
1716 1288 1717 1345 l

321 1399 391 1453 sunt
413 1395 494 1454 enim
516 1393 673 1472 generales
699 1392 820 1472 quidem
849 1396 1004 1455 nominum
1032 1394 1232 1456 derivationes
1263 1395 1277 1478 ll
1307 1397 1462 1455 venientes
1489 1412 1601 1473 aprae·

321 1497 398 1556 senti
423 1502 555 1574 tempore
578 1494 737 1556 verborum
759 1493 831 1564 bae,
855 1497 885 1556 in
907 1497 984 1566 ium,
1008 1499 1039 1556 in
1060 1498 1161 1568 itium,
1185 1500 1216 1558 in
1239 1497 1366 1566 iculuin,
1390 1499 1420 1557 in
1443 1497 1555 1564 culum,
1576 1497 1601 1555 in
1613 1519 1632 1556 n

322 1596 419 1666 idum,
443 1599 474 1658 in
497 1599 594 1668 imon,
611 1599 641 1657 in
658 1596 786 1666 candus,
811 1599 842 1656 in
858 1616 908 1667 or,
931 1600 963 1658 in
978 1598 1060 1668 idus,
1084 1601 1181 1670 inus,
1204 1602 1236 1660 in
1259 1619 1291 1660 cs
1313 1606 1374 1660 tam
1390 1599 1508 1658 brevem
1522 1617 1603 1676 quarn

321 1700 453 1777 longam,
470 1701 501 1760 in
518 1702 558 1770 is,
583 1702 613 1760 in
629 1699 725 1768 ibilis,
743 1699 773 1759 in
789 1698 851 1768 ilis,
868 1700 900 1760 in
914 1719 985 1770 uus,
1003 1699 1007 1782 l
1025 1703 1056 1761 in
1071 1701 1151 1771 ulus,
1167 1704 1199 1762 in
1214 1721 1265 1771 ax,
1287 1704 1318 1762 in
1334 1721 1384 1770 ex,
1401 1703 1433 1760 in
1448 1699 1562 1768 bulum,
1577 1701 1603 1759 in

323 1801 405 1870 bilis,
430 1803 460 1861 iu
484 1800 616 1871 bundas,
641 1801 693 1862 illo
715 1801 1051 1872 scilicet'observando,
1075 1803 1152 1882 quod
1176 1821 1344 1864 consonans
1365 1804 1520 1881 positionis
1543 1809 1603 1862 aitte

321 1903 406 1964 n'rel
429 1921 464 1964 eo
487 1905 532 1965 vel
555 1907 585 1964 io
612 1906 730 1964 inventa
753 1910 887 1964 servatur
914 1905 945 1963 in
972 1905 1112 1966 omnibus
1133 1904 1400 1968 terminationibus
1422 1904 1603 1965 nominuma
1716 1966 1717 1985 ἶ

322 2005 415 2066 vocali
439 2005 661 2085 incipientibus.
692 2015 722 2066 et
745 2013 812 2066 anto
834 2005 896 2066 ium
919 2005 1054 2086 quidem,
1078 2014 1111 2066 ut
1125 2007 1210 2085 litigo
1227 2008 1370 2086 litigium,
1393 2024 1508 2066 mercor
1529 2024 1634 2066 com-c
1716 2028 1717 2099 p

323 2110 481 2176 mercium,
505 2106 617 2168 obsono
640 2107 813 2176 obsonium,
836 2110 950 2185 vestigo
973 2110 1145 2186 vestigium,
1169 2109 1292 2170 aedillco
1315 2108 1496 2176 aedilicium,
1519 2110 1603 2168 sacri·
1716 2104 1717 2145 t

322 2213 375 2271 lico
398 2211 592 2279 sacrificium,
621 2211 767 2289 participo
795 2211 1002 2289 participium,
1032 2213 1169 2290 mancipo
1196 2213 1393 2289 mancipium,
1422 2211 1536 2289 impero
1555 2211 1602 2269 im·

321 2316 453 2392 pierium,
478 2313 618 2372 convivor
644 2311 825 2382 convivium,
854 2312 985 2391 prandeo
1013 2313 1186 2393 prandium,
1209 2313 1325 2390 gaudeo
1346 2312 1502 2390 gaudium,
1526 2331 1603 2390 prae·
1716 2354 1717 2391 p

321 2415 405 2476 sideo
431 2413 629 2495 praesidium,
658 2413 779 2474 medeor
807 2415 990 2485 remedium,
1019 2415 1100 2475 nubo
1126 2414 1305 2484 conubium,
1339 2415 1406 2474 iuro
1434 2413 1603 2493 perimium,

321 2517 439 2579 l'astidio
462 2515 629 2586 fastidium,
646 2515 734 2577 exulo
755 2516 876 2578 consulo
899 2535 918 2576 u
940 2517 1122 2595 paenultima
1143 2519 1175 2578 in
1197 2519 1208 2577 i
1230 2535 1371 2577 conversa
1394 2515 1518 2576 exilium
1539 2533 1635 2573 con-ao
1716 2538 1717 2593 ι

320 2619 434 2689 silium,
466 2616 621 2697 obsequor
653 2617 842 2698 obsequium,
876 2618 1001 2697 eloquor
1033 2619 1197 2698 eloquium,
1233 2618 1383 2680 domicilio
1415 2616 1604 2684 domicilium,
1716 2602 1717 2683 l

319 2720 411 2782 solsto
439 2720 613 2790 solstitium,
641 2722 722 2780 iusto
748 2722 911 2790 iustitium,
940 2738 1030 2780 cerno
1058 2721 1255 2781 silicernium.
1299 2722 1372 2780 item
1401 2728 1469 2780 ante
1500 2718 1604 2780 iculum
1716 2700 1717 2795 l

321 2824 404 2884 rideo
434 2822 608 2893 ridiculum,
637 2824 792 2903 perpendo
819 2823 1080 2903 perpendiculum,
1110 2842 1218 2885 everro
1246 2823 1460 2891 everriculum,
1489 2822 1605 2881 deverto

321 2924 552 2995 tlevcrticulum,
576 2926 650 2985 veho
671 2925 852 2994 vehiculum,
875 2944 967 3004 porco
989 2926 1170 3004 periculum,
1193 2928 1258 2986 lero
1280 2925 1427 2986 lerculum
1449 2924 1560 3003 absque
1581 2926 1605 2987 i:

322 3036 355 3088 ut
379 3028 663 3097 vincio¹vinculum,
692 3029 780 3105 cingo
807 3027 958 3104 cingulum
986 3035 1016 3088 et
1044 3029 1121 3087 iacio
1149 3027 1277 3088 iaculum
1299 3025 1474 3087 dualitatem
1497 3044 1556 3085 non
1576 3024 1636 3083 inas
1716 3043 1717 3106 ι

321 3128 447 3200 iculum,
477 3129 528 3190 sad
557 3132 588 3190 in
618 3130 698 3190 ulum
726 3136 948 3191 converterunt.
992 3132 1066 3191 item
1092 3138 1160 3191 ante
1188 3131 1282 3199 imon,
1316 3136 1349 3189 ut
1371 3146 1444 3205 rego
1466 3129 1605 3205 regimen,

320 3238 389 3309 tego
415 3234 557 3309 tegimen.
601 3238 632 3293 ot
659 3238 725 3292 ante
755 3232 870 3293 cundus
897 3233 906 3291 i
936 3231 981 3292 vel
1009 3252 1025 3291 e
1052 3231 1300 3311 praecedentibus
1326 3234 1432 3299 ctiam,
1462 3238 1495 3289 ut
1516 3228 1606 3289 rubeo

320 3333 520 3404 rubicundae,
545 3350 649 3393 vereor
670 3332 869 3401 verecundus,
898 3334 976 3413 qnod
1000 3352 1016 3393 c
1038 3352 1094 3412 pro
1117 3336 1140 3394 i·
1154 3334 1292 3394 servarit.
1336 3340 1404 3394 ante
1426 3351 1462 3392 or
1483 3349 1605 3411 quoqrte

320 3454 446 3517 quorum
470 3453 563 3514 pauca
586 3454 620 3495 ex
644 3436 725 3503 aliis,
750 3435 892 3513 pleraque
915 3454 950 3495 ex
974 3436 1104 3497 secunda
1120 3436 1240 3495 veniunt
1255 3436 1463 3511 coniugatione
1485 3442 1515 3493 ct
1536 3450 1605 3492 nen·
1716 3483 1717 3520 ,

320 3536 445 3599 uatibus
468 3538 595 3597 maxime
618 3536 734 3605 verbis;
762 3554 837 3616 quac
866 3539 936 3616 quia
964 3556 1023 3599 uon
1051 3544 1175 3617 possunt
1197 3536 1232 3598 atl
1256 3537 1400 3616 passivam
1422 3536 1637 3595 transeuntium
1716 3531 1717 3600 l

319 3640 566 3717 signillcationem
588 3640 620 3698 in
643 3657 678 3698 or
700 3637 836 3698 desinere
866 3637 1041 3708 verbaliter,
1069 3657 1176 3701 nomen
1199 3658 1215 3699 a
1238 3637 1330 3698 rerbo
1351 3635 1499 3697 secundae
1521 3653 1605 3714 prae·

321 3778 471 3785 q.1.——-----
486 3775 620 3783 ...ψ-

403 3828 419 3875 b
436 3825 559 3875 nerbialia
576 3824 633 3875 BP
713 3824 855 3887 isortosse
873 3826 928 3874 sire
947 3824 1069 3875 infinitivo
1089 3825 1173 3875 loturo
1191 3832 1235 3873 eut
1254 3840 1270 3872 a
1286 3824 1428 3889 participiis
1516 3822 1607 3871 ilaunt

318 3899 385 3947 enirn
406 3895 541 3962 generales
560 3895 804 3957 quidemnominum
825 3895 997 3945 deriuationes
1011 3897 1143 3945 uenientes
1160 3910 1175 3944 a
1194 3894 1323 3961 praesenti
1341 3902 1456 3960 tempore
1473 3894 1605 3942 uerborum

318 3967 505 4017 terminationes
525 3964 577 4013 liae
593 3966 660 4014 euim
679 3962 819 4029 (superscr.
839 3962 911 4027 sunt)
929 3967 955 4014 in
968 3966 1019 4015 ium
1038 3966 1064 4015 B
1079 3974 1138 4015 sunt
1150 3974 1233 4015 autem
1254 3964 1389 4029 generales
1404 3964 1509 4026 quidem
1526 3962 1604 4011 nomi-

319 4053 377 4087 num
394 4035 559 4086 diriuatioues
578 4036 708 4087 uenientes
727 4050 741 4083 a
758 4037 885 4103 praesenti
904 4043 1017 4098 tempore
1039 4036 1174 4087 uerborum
1195 4034 1384 4084 terminationes
1400 4034 1469 4083 enim
1483 4031 1533 4081 bae
1550 4039 1606 4080 suat

318 4109 342 4156 in
359 4108 410 4156 ium
424 4106 450 4155 P
465 4113 524 4156 sunt
542 4106 608 4154 enim
627 4105 759 4170 generales
777 4106 878 4169 quidem
896 4106 1025 4155 nominum
1045 4104 1211 4155 diriuationes
1229 4119 1244 4151 a
1263 4104 1390 4170 praesenti
1413 4113 1529 4167 tempore
1551 4117 1606 4149 uer·

318 4178 406 4225 borum
421 4175 612 4224 terminationes
630 4174 682 4225 Hae
697 4176 764 4225 enim
783 4182 841 4225 aunt
858 4176 883 4223 iu
902 4177 955 4224 ium
974 4182 984 4225 t
1000 4184 1060 4227 sunt
1078 4177 1144 4225 enim
1163 4174 1297 4240 generales
1315 4174 1417 4237 quidem
1435 4173 1607 4223 deriuationes

319 4247 450 4295 noniinnm
470 4260 485 4295 a
503 4246 630 4310 praesenti
648 4255 759 4312 tempore
779 4246 912 4295 uerborum
931 4260 1038 4308 quorum
1057 4245 1246 4294 terminationes
1266 4243 1315 4292 bae
1334 4252 1393 4294 sunt
1410 4243 1437 4291 iu
1455 4242 1544 4302 tumr

320 4316 351 4366 10
371 4318 394 4365 in
415 4316 486 4364 ntum
504 4316 528 4363 in
545 4313 638 4364 iculum
654 4316 680 4364 in
699 4317 783 4367 bulum
803 4316 828 4364 in
848 4316 916 4365 lmen
934 4318 960 4365 in
978 4316 1045 4365 urin
1062 4324 1156 4364 estam
1174 4315 1277 4363 breuem
1291 4328 1366 4375 quam
1382 4312 1485 4379 longam
1505 4314 1532 4362 in
1551 4312 1606 4359 bilis

317 4387 342 4434 in
361 4385 402 4434 ilis
421 4385 445 4433 in
465 4398 512 4433 uua
532 4386 557 4433 io
575 4385 676 4435 bandus
699 4386 725 4434 in
743 4388 841 4437 enudus
860 4387 887 4435 in
905 4385 964 4434 idus
981 4386 1006 4433 in
1026 4383 1084 4434 trina
1103 4386 1127 4433 in
1147 4400 1195 4433 nus
1213 4385 1239 4433 in
1257 4398 1290 4431 ax
1310 4384 1335 4433 in
1358 4400 1390 4433 cx
1409 4386 1435 4433 in
1454 4398 1502 4447 eps
1521 4381 1566 4430 illo
1583 4381 1607 4430 B

388 4453 418 4505 11
438 4454 463 4501 in
479 4451 557 4518 lmen]
575 4455 601 4502 in
620 4470 677 4505 men
696 4456 722 4503 P
789 4456 821 4507 13
839 4456 881 4505 illo
901 4455 997 4506 scilicet
1014 4466 1039 4504 et
1060 4454 1220 4505 obseruando
1235 4455 1259 4503 P
1326 4454 1358 4505 21
1378 4454 1510 4503 domicilio
1526 4452 1606 4502 domi·

317 4524 403 4573 cilium
421 4523 470 4585 ΒΓ
484 4532 509 4573 et
528 4523 680 4575 domuncnlo
699 4525 853 4575 domicilium
873 4527 914 4575 Pl
933 4542 948 4575 a
964 4525 1092 4590 domicilio
1111 4522 1150 4574 nel
1164 4522 1317 4574 domuncula
1332 4523 1487 4572 domicilium
1507 4536 1535 4578 ς.
1550 4522 1606 4586 sor·

316 4602 385 4644 tatae
403 4592 457 4642 colo
474 4594 647 4659 domicilium,
667 4609 741 4643 cerno
760 4595 923 4657 silicernium,
940 4605 965 4644 et
982 4604 1040 4645 ante
1061 4596 1141 4656 itiam,
1161 4606 1201 4643 sto
1221 4592 1357 4643 solstitium
1376 4593 1501 4641 iustitium
1573 4590 1605 4642 23

317 4678 407 4713 euerso
424 4664 591 4714 euerriculum
611 4678 628 4721 ς
642 4680 732 4715 euerso
751 4666 919 4715 euersiculum
934 4664 972 4715 Pt
988 4674 1075 4714 cucrto
1092 4662 1257 4714 euerticulnm
1268 4662 1294 4713 B
1312 4672 1399 4713 auerto
1415 4662 1584 4712 auertieulum
1593 4662 1611 4721 s

385 4734 419 4783 25
437 4730 529 4800 vincio]
547 4735 621 4783 uitreo
637 4733 663 4783 B
732 4735 767 4785 26
785 4734 843 4785 item
863 4737 888 4785 in
907 4749 964 4784 ntea
980 4749 1042 4799 rego
1061 4737 1174 4801 regimen
1191 4743 1251 4801 tego
1265 4742 1370 4799 tegmen
1389 4743 1414 4782 et
1431 4739 1489 4780 ante
1507 4732 1605 4781 caudas

318 4816 332 4851 e
349 4804 389 4851 uel
409 4803 415 4850 i
435 4803 645 4869 praecedentibus
663 4804 739 4854 etiam
758 4814 785 4854 ut
797 4820 888 4857 uereor
905 4804 1064 4855 uerecundue
1078 4806 1155 4855 rubeo
1173 4803 1332 4856 rubicundus
1349 4802 1416 4865 qnod
1432 4802 1440 4850 i
1456 4816 1505 4866 pra
1522 4818 1538 4850 e
1556 4816 1606 4851 aer-

318 4873 387 4921 uauit
405 4874 430 4923 P
498 4874 531 4923 27
550 4874 715 4940 pereuntibus
735 4874 759 4923 B
827 4874 861 4927 30
878 4871 1047 4941 transeuntia]
1068 4876 1175 4926 transire
1193 4876 1219 4925 B
1287 4874 1320 4926 31
1336 4871 1482 4925 uerbialiter
1500 4871 1558 4922 BP
