3525 5600
500 1318 571 1400 llll
602 1315 781 1404 DVBIIS
812 1315 1104 1402 NOMINIBVS

239 1704 401 1771 Libellum
430 1703 470 1770 de
500 1703 609 1768 dubiis
636 1704 821 1769 nominibus
850 1726 868 1767 e
896 1702 1007 1768 codice
1029 1700 1279 1768 vindobonensi
1306 1701 1347 1767 89
1369 1701 1446 1767 olim

153 1806 397 1892 Salisburgeusi
421 1807 550 1870 saeculo
572 1827 658 1870 nono
681 1805 802 1891 scripto
825 1807 948 1891 primns
971 1806 1073 1870 edidit
1086 1805 1264 1870 Mauricius
1279 1802 1445 1890 Hauptius

152 1930 222 1972 una
244 1931 317 1972 curn
333 1904 446 1974 Ovidii
461 1905 644 1972 halieuticis
668 1917 700 1972 ct
718 1905 825 1972 Gratii
849 1917 882 1970 et
896 1905 1082 1971 Nemesiani
1101 1906 1298 1992 cynegeticis
1314 1906 1457 1993 Lipsiae-

153 2032 184 2072 a.
210 2010 302 2074 1838.
331 2011 365 2072 in
393 2007 477 2074 libro
505 2018 613 2073 autem
635 2029 699 2094 quo
721 2030 800 2073 usus
824 2017 895 2072 erat
917 2010 1029 2090 unius,
1058 2017 1095 2072 ut
1115 2006 1262 2088 videtur,
1285 2007 1445 2072 membra-

153 2133 217 2175 nae
238 2113 365 2176 iactura
386 2111 476 2174 facta
490 2131 529 2173 ea
543 2131 626 2197 quae
642 2109 683 2175 ab
705 2110 798 2175 initio
821 2109 944 2197 scripta
965 2117 1058 2175 erant
1076 2127 1180 2196 usque
1202 2108 1245 2174 ad
1268 2133 1299 2196 p.
1315 2108 1389 2190 575,
1406 2110 1444 2172 17

151 2219 319 2292 pluraliter
345 2223 445 2278 autem
472 2222 668 2278 cancromata
695 2217 826 2276 dicenda
846 2223 917 2275 saut
937 2213 1119 2297 perierunt3
1149 2209 1275 2298 reliqua
1295 2210 1447 2296 leguntur

153 2314 178 2377 f.
203 2313 383 2379 lto-175
406 2319 495 2378 Canis
515 2333 583 2394 peu.
607 2317 682 2390 fea.
709 2351 743 2360 -
769 2319 924 2394 discrepat
945 2325 1054 2378 atrox:
1083 2313 1125 2376 cf.
1149 2312 1329 2378 Endlicher
1350 2311 1445 2378 catal.

153 2417 226 2480 cod.
254 2415 365 2502 philol.
394 2413 485 2481 latin.
515 2415 594 2481 bibl.
623 2413 727 2479 Palat.
757 2413 901 2480 Vindob.
930 2437 964 2501 p.
993 2414 1052 2478 197
1082 2437 1151 2502 sqq.
1182 2414 1273 2479 aliud
1301 2414 1446 2479 eiusdem

153 2515 258 2590 libelli
280 2517 463 2604 exemplum
485 2539 583 2581 manu
605 2517 764 2604 scriptum
785 2516 936 2580 Lauduni
959 2515 1129 2582 Gallorum
1149 2519 1319 2582 inventum
1340 2527 1391 2581 est
1412 2518 1446 2579 in

153 2619 265 2684 codice
293 2617 511 2684 bibliothecae
537 2617 689 2704 publicae
715 2619 944 2684 Laudunensis
970 2619 1050 2698 463,
1080 2642 1176 2706 quem
1203 2619 1448 2705 descripserunt

154 2721 178 2783 ii
201 2719 257 2809 qui
279 2721 463 2807 catalogum
485 2719 756 2786 bibliothecarum
775 2718 970 2806 gallicarum
990 2720 1240 2808 provincialium
1262 2721 1445 2802 ediderunt,

153 2822 323 2907 catalogue
333 2821 476 2908 *general
498 2824 555 2887 des
578 2824 774 2888 manuscrits
795 2823 852 2888 des
875 2822 1114 2910 bibliotheques
1137 2822 1194 2888 des
1218 2822 1445 2911 departemens

155 2923 171 2986 I
195 2947 228 3010 p.
251 2924 322 2989 246.
352 2926 387 2988 in
414 2946 452 2989 eo
475 2926 576 3009 igitur
598 2926 710 2990 codice
732 2924 860 2990 saeculo
885 2924 1094 3009 duodecimo,
1122 2935 1160 2991 ut
1180 2925 1288 2990 visum
1310 2936 1359 2991 est
1380 2925 1445 2991 illis

152 3026 210 3111 qui
226 3025 411 3111 catalogum
426 3028 589 3110 fecerunt,
612 3028 734 3114 scripto
749 3036 908 3091 tractatus
932 3026 972 3091 de
988 3028 1174 3093 nominibus
1189 3028 1310 3113 legitur
1325 3029 1446 3093 omissa

151 3127 380 3215 inscriptione,
410 3133 538 3209 Epipius
561 3150 630 3207 pen.
657 3132 731 3205 fem.
759 3140 792 3194 ui
819 3135 917 3193 dauid
941 3136 1036 3194 letata
1063 3142 1107 3194 est
1132 3139 1249 3212 carptus
1269 3168 1313 3179 —
1338 3151 1446 3211 ymnus

149 3250 223 3307 pen.
239 3250 330 3293 masc.
344 3237 422 3305 finit.
447 3229 504 3295 sed
519 3241 596 3317 post
611 3254 642 3295 v.
660 3252 692 3295 os
707 3236 746 3295 dc
759 3252 856 3295 ossam
868 3253 940 3309 pen.
955 3240 1064 3311 amari,
1081 3243 1115 3297 ut
1131 3238 1276 3311 Virpilius
1283 3244 1445 3312 postquam

146 3352 252 3411 pauor
266 3354 297 3417 p.
313 3332 354 3395 90
368 3332 402 3395 Η
424 3332 578 3398 librarius
601 3332 729 3397 omissis
745 3330 902 3419 exemplis
918 3336 1113 3421 scriptorum
1127 3334 1260 3399 nomina
1281 3332 1350 3399 sola
1371 3356 1445 3398 cum

152 3432 242 3497 notis
262 3454 415 3517 generum
430 3434 555 3520 posuit,
576 3456 647 3516 opes
658 3456 727 3514 pem.
744 3439 819 3512 sem.
843 3442 1002 3501 oleastrum
1015 3458 1085 3515 pen.
1103 3446 1184 3501 nera.
1200 3445 1263 3502 etc.
1278 3434 1339 3500 hoc
1360 3436 1444 3501 libro

150 3557 233 3599 usus
256 3535 370 3600 Victor
397 3535 444 3599 Le
472 3534 565 3601 (llere
589 3538 624 3601 in
657 3536 838 3625 appendice
865 3536 1007 3623 catalogi
1028 3561 1125 3626 quem
1147 3537 1215 3603 dixi
1237 3562 1270 3626 p.
1292 3539 1355 3603 649
1375 3561 1444 3625 sqq.

150 3646 331 3731 tractatum
349 3638 390 3702 de
410 3638 597 3705 nominibus
613 3639 661 3703 ita
675 3639 793 3723 edidit,
817 3640 910 3704 utin
931 3643 1038 3727 priore
1060 3651 1154 3726 parte
1175 3640 1338 3725 integram
1359 3641 1444 3705 Lau-

151 3740 312 3818 dupensis
340 3740 461 3805 codicis
484 3740 679 3827 scripturam
701 3741 889 3824 exhiberet,
918 3743 952 3806 in
973 3742 1152 3828 posteriore
1179 3741 1256 3806 inde
1278 3764 1299 3805 a
1320 3765 1352 3806 v.
1375 3763 1446 3821 opes

150 3844 233 3906 item
255 3840 543 3909 Vindobonensem
572 3842 716 3909 codicem
744 3867 810 3909 non
836 3846 970 3909 mutatis
997 3843 1124 3910 librarii
1151 3843 1316 3908 erroribus
1338 3844 1444 3929 expri-

150 3954 266 4008 meret.
310 3954 425 4031 postea
452 3943 636 4010 Fridericus
665 3944 846 4011 Guilelmus
875 3946 1145 4031 Otto'utriusque
1167 3944 1319 4010 editionis
1342 3945 1445 4031 copiis

150 4044 311 4110 adhibitis
334 4044 452 4111 librum
475 4044 676 4135 amplissimo
698 4049 942 4129 commentario,
970 4047 1005 4111 in
1031 4070 1094 4134 quo
1123 4048 1224 4112 multa
1246 4048 1286 4112 de
1307 4046 1444 4139 nomini·
1504 4053 1507 4058 “

149 4148 214 4212 bus
238 4169 258 4210 a
283 4148 495 4230 grammatico
523 4150 673 4214 tractatis
700 4151 895 4238 disputavit,
927 4152 1120 4216 instructum
1144 4150 1319 4236 separatim
1342 4148 1445 4214 edidit

151 4249 274 4315 Gissae
297 4271 325 4312 a.
352 4249 443 4314 1850.
472 4250 600 4315 duobus
628 4260 736 4315 autem
763 4251 948 4333 codicibus,
977 4253 1033 4338 qui
1061 4250 1166 4317 adhuc
1187 4250 1336 4338 usurpati
1359 4260 1444 4336 sunt,

150 4352 218 4417 iam
247 4351 374 4416 accedit
400 4353 516 4417 tertius
546 4352 750 4416 Monacensis
782 4353 883 4417 14252
910 4352 987 4418 olim
1016 4353 1241 4418 Emmeramus
1268 4353 1330 4418 252
1358 4375 1443 4419 nono

149 4452 282 4519 saeculo
305 4454 459 4540 scriptus,
482 4454 505 4517 f.
531 4454 695 4519 181-191
717 4462 823 4537 incipit
843 4456 958 4521 llilahit's
980 4461 1018 4518 de
1040 4456 1049 4504 l
1058 4462 1228 4521 nomnibus
1248 4464 1334 4521 cuias
1353 4478 1443 4535 peae-

149 4564 195 4620 ris
216 4562 285 4621 siut.
332 4562 485 4638 Aepyptas
507 4594 539 4607 -
568 4561 722 4637 discrepat
742 4559 887 4645 atrox.*)

237 4744 263 4811 ²)
288 4744 411 4797 Indicam
433 4746 554 4797 universi
577 4747 681 4799 codicis
708 4749 854 4811 subiciam,
879 4754 909 4799 ut
926 4752 955 4797 in
973 4748 1082 4813 reliqua
1101 4764 1206 4815 quoquo
1226 4752 1305 4814 parte
1324 4748 1443 4812 plurima

152 4831 311 4882 consentire
326 4846 385 4881 cum
398 4832 606 4884 vindobonensi
624 4836 653 4884 et
664 4832 838 4885 Loudunensi
857 4834 951 4885 codice
969 4833 1158 4901 intellegatur.
1181 4833 1443 4888 (losannensis

152 4918 250 4969 memb.
269 4932 343 4967 saec.
363 4918 402 4967 IX
422 4918 525 4969 formae
543 4917 696 4983 quadratae
722 4920 741 4968 f.
763 4922 836 4970 1-3
863 4920 971 4970 Terenti
989 4919 1088 4972 Scauro
1110 4921 1294 4987 orthopapitia
1310 4922 1388 4986 ipitar
1405 4928 1444 4971 est
