3525 5600
656 433 893 496 communivit
1353 430 1416 495 307

1232 541 1392 596 peut-not.

153 635 187 690 est
204 621 361 692 umbrosas,
391 623 545 702 signifieat.
589 623 767 702 metonymia
796 630 840 684 est
868 621 1012 700 quaedam
1040 621 1249 683 denominatio.
1293 627 1417 701 utputa

151 729 301 811 plerumque
330 744 346 785 a
374 723 464 786 rehus
493 724 713 786 contineutibus
740 723 769 784 id
797 723 877 804 quod
899 725 1068 785 continetur
1090 718 1344 792 demonstramus
1367 729 1419 783 aut

151 831 180 893 ah
197 833 339 890 inventore
360 827 390 888 id
417 825 422 908 Ι
446 827 523 908 quod
553 829 702 890 inventum
733 835 778 887 est
805 825 1051 888 demonstramus.
1097 835 1130 887 ut
1156 834 1226 906 puta
1255 830 1309 886 ‘et
1336 827 1416 885 vina

151 935 329 994 coronant’
358 947 414 1010 pro
437 929 574 1009 eoquod
598 937 782 1010 estpoteras
811 935 971 990 coronant:
1002 946 1077 1009 quae
1105 929 1260 989 continent
1285 927 1315 988 id
1338 926 1417 1008 quod

132 1036 293 1096 orontinetur
316 1031 454 1092 ostendit.
498 1051 514 1092 ε
536 1033 686 1094 εεειεεείε
708 1031 765 1092 εΙίε
787 1028 853 1091 loeo
875 1034 975 1111 posuit
997 1037 1110 1091 ‘nune
1131 1036 1280 1110 pateras
1302 1028 1417 1089 libate

149 1137 239 1196 deis':
264 1133 362 1194 vinum
392 1133 532 1204 libamus,
563 1152 622 1194 non
651 1141 783 1214 pateras;
811 1133 863 1193 sed
892 1133 928 1194 ab
958 1152 994 1193 eo
1020 1131 1099 1213 quod
1126 1133 1260 1193 eontinet
1286 1131 1315 1192 id
1338 1131 1417 1211 quod

149 1239 296 1298 continetur
311 1235 448 1296 ostendit.
465 1243 516 1296 aut
530 1235 567 1297 ah
582 1237 736 1296 inventore
752 1235 780 1294 id
797 1235 875 1315 quod
891 1237 1043 1296 inventum
1059 1241 1113 1304 est,
1129 1242 1163 1294 ut
1175 1236 1273 1296 ‘sine
1284 1234 1419 1294 Cerere

149 1349 175 1400 ει
198 1336 323 1398 Lilrero
350 1337 468 1415 friget
490 1339 639 1408 Venus’,
667 1337 697 1398 id
725 1345 771 1398 est
800 1339 864 1398 sine
887 1355 965 1418 pane
987 1346 1018 1397 ει
1038 1339 1119 1397 vino:
1147 1345 1197 1397 aut
1219 1357 1236 1398 ε
1258 1338 1417 1402 contrario,

147 1441 226 1501 idest

121 1563 138 1598 n
276 1541 398 1601 vinum
422 1559 628 1620 precemur,
653 1560 731 1602 nam
755 1541 813 1602 hic
836 1542 926 1603 deus
947 1559 1129 1620 praesens
1149 1540 1269 1602 adest:

147 1647 236 1712 rinum,
258 1643 286 1702 id
309 1651 354 1704 est
375 1643 525 1705 Liberum.

214 1747 418 1813 antonomasia
441 1753 471 1805 et
493 1743 643 1825 epitheton
667 1746 744 1824 tropi
767 1753 836 1805 sunt
858 1745 914 1806 sihi
936 1746 1033 1806 vieini.
1075 1763 1143 1806 nam
1166 1753 1195 1806 et
1216 1746 1418 1806 antonomasia

146 1867 158 1908 a
182 1847 267 1908 trihus
294 1845 385 1908 relius
412 1847 554 1918 trahitur,
584 1855 614 1908 ot
641 1847 794 1930 epitheton
817 1865 832 1908 ε
861 1846 956 1907 trihus
978 1845 1070 1908 nehus
1092 1847 1232 1917 trahitur,
1260 1847 1291 1907 id
1314 1854 1359 1908 est
1380 1846 1418 1907 ab

146 1951 241 2019 animo,
268 1967 284 2008 a
312 1967 453 2028 corpore,
482 1950 676 2010 extrinsecus.
723 1959 791 2028 puta
821 1947 910 2009 ‘ielis
936 1949 1067 2010 heneas’
1096 1951 1301 2010 antonomasia
1330 1957 1375 2010 est
1402 1967 1418 2008 a

117 2051 259 2117 niortuua:
294 2051 319 2109 si
347 2050 429 2110 dieas
457 2053 681 2129 ‘magnanimus
708 2052 849 2121 deneas',
878 2053 1081 2112 antonomasia
1109 2060 1154 2112 est
1181 2051 1219 2111 ah
1245 2053 1360 2120 auimo;
1381 2053 1420 2146 ‘si

144 2153 212 2212 dieas
236 2153 337 2212 ‘sortis
363 2155 509 2223 deneas’‚
540 2155 744 2214 antonomasia
773 2162 818 2214 est
844 2173 860 2212 a
890 2171 1027 2233 eorpore.
1072 2172 1143 2232 ergo
1172 2155 1374 2215 antonomasia
1401 2171 1417 2212 a

143 2254 223 2314 trihus
243 2253 334 2314 rehus
357 2254 497 2324 trahitur,
521 2255 558 2315 ah
581 2257 694 2324 animo,
718 2272 733 2314 a
757 2273 898 2336 corpore,
922 2257 1116 2317 extrinsecus.
1161 2255 1314 2334 epitheton
1337 2255 1418 2315 sirm-

145 2354 208 2416 liter.
238 2355 307 2432 quid
331 2373 402 2434 ergo
425 2358 481 2416 erit
503 2358 582 2419 inter
604 2359 826 2418 antonomasian
850 2365 880 2417 et
904 2358 1076 2437 epitheton?
1098 2356 1271 2437 dicitquod
1293 2365 1417 2417 antono-

143 2459 218 2517 masia
241 2459 302 2517 riee
328 2457 467 2538 nojminis
495 2459 629 2538 ponitur,
660 2457 812 2539 epitheton
841 2478 909 2520 earm
932 2461 1052 2519 nomine
1074 2460 1204 2538 ponitur.
1248 2470 1319 2538 pata
1341 2459 1419 2538 siqui

116 2557 208 2618 niteat
234 2559 313 2619 rerhi
342 2579 429 2622 causa
457 2565 545 2620 ‘eece
574 2563 639 2641 pius
666 2563 748 2622 venit
774 2562 919 2630 iuvenis',
952 2559 1078 2646 etlvelit
1102 2561 1271 2638 significare
1298 2565 1418 2622 Aenean

142 2659 251 2720 diceudo
274 2665 362 2722 ‘ecoe
391 2664 457 2740 pius
484 2664 563 2724 venit
591 2665 732 2733 iuvenis’,
763 2663 850 2723 modo
873 2665 1076 2724 antonomasia
1100 2671 1159 2731 est;
1182 2662 1309 2724 sidicat
1331 2664 1418 2722 ‘ecee

141 2764 195 2843 pios
220 2765 297 2825 venit
324 2767 464 2835 heneas’,
492 2767 550 2827 iam
580 2783 639 2826 non
667 2775 711 2826 est
738 2767 956 2837 antonomasia,
985 2765 1038 2827 sed
1067 2763 1228 2845 epitheton.
1273 2763 1346 2825 nihil
1375 2775 1419 2825 est

141 2867 207 2925 enim
229 2866 379 2947 epitheton
409 2868 466 2927 nisi
494 2870 695 2928 antonomasia
718 2870 817 2929 iuncta
841 2870 964 2929 nomini.
1008 2868 1065 2929 hoe
1086 2870 1214 2929 interest
1234 2870 1313 2929 inter
1335 2861 1418 2927 anto*-

142 2969 280 3029 numasian
304 2977 333 3028 et
356 2969 522 3048 epitheton,
547 2968 626 3047 quod
642 2972 842 3032 antonomasia
860 2972 923 3031 viee
945 2972 1074 3031 nominis
1096 2972 1242 3048 iungitur,
1267 2969 1417 3049 epitheton

112 3082 199 3127 oraro
223 3088 290 3130 earm
314 3072 378 3150 ipso
400 3072 521 3133 nomine
543 3072 673 3152 ponitur.
718 3074 783 3133 viee
809 3074 950 3133 nominis·
965 3074 1073 3151 posita,
1102 3071 1131 3132 id
1156 3080 1200 3131 est
1222 3071 1298 3141 sola,
1322 3073 1418 3152 ‘ipse

140 3169 262 3233 arduus
290 3170 438 3254 altaque
467 3174 591 3254 pulsat
618 3174 763 3234 sidera'
785 3192 804 3227 s
839 3184 871 3234 ut
893 3174 991 3235 ‘aliea
1014 3172 1203 3235 Celaeno':
1234 3192 1304 3233 eece
1326 3176 1352 3233 si
1374 3174 1418 3233 rii-

140 3282 210 3331 eeret
231 3272 295 3333 dira
318 3282 430 3336 tantum
454 3276 557 3346 modo,
581 3278 804 3337 antonomasian
827 3276 952 3344 lacerem
975 3274 1101 3336 dicendo
1117 3276 1244 3337 Celaeno
1266 3276 1337 3335 iecit
1358 3277 1419 3355 epi·

139 3372 238 3437 theton.
269 3376 346 3437 ‘dia
363 3376 550 3439 Camilla':
574 3380 599 3439 si
620 3380 677 3439 hou
700 3378 793 3439 solum
817 3376 931 3439 diceret
952 3378 1015 3449 dia,
1038 3384 1119 3439 esset
1138 3380 1351 3439 antonomasia.
1383 3398 1418 3438 ex

140 3473 177 3535 his
201 3477 315 3541 duobus
343 3482 436 3558 tropis
465 3480 508 3541 rel
536 3477 688 3541 laudamus
715 3480 842 3560 aliquem
871 3480 916 3540 vel
949 3482 1158 3560 vituperamus.
1204 3479 1276 3541 nihil
1312 3482 1417 3543 verius.

111 3576 220 3639 auitas
235 3578 325 3640 relius
340 3579 468 3658 aliquem
489 3581 656 3653 laudamus,
680 3582 716 3643 ab
732 3584 845 3653 animo,
869 3602 885 3643 a
908 3600 1049 3662 corpore,
1073 3584 1269 3643 extrinsecus.
1299 3582 1418 3662 quando

139 3678 267 3741 Achillem
292 3680 460 3753 laudamus,
483 3702 606 3745 neeesse
629 3682 772 3745 hahemus
794 3683 915 3745 laudare
930 3686 1061 3747 animum
1077 3686 1183 3765 ipsius,
1207 3684 1329 3745 laudare
1350 3704 1416 3745 eor·

138 3798 200 3857 pus,
223 3782 344 3845 laudare
367 3784 527 3847 iortuuam.
571 3804 641 3864 ergo
665 3786 710 3846 his
731 3788 825 3863 tropis
853 3786 949 3846 trihus
971 3796 1021 3847 aut
1042 3784 1197 3847 laudamus
1219 3785 1345 3865 quuem
1368 3797 1419 3848 aut

139 3882 334 3963 vituperamus
357 3886 403 3947 vel
426 3888 608 3949 ostendimus
630 3888 674 3949 vel
697 3906 837 3949 ornamus
861 3886 929 3969 [sed
952 3888 1116 3949 substantis
1137 3886 1223 3967 illis].

210 3988 404 4068 Syneedoehe
427 3988 535 4051 dieitur
557 3991 731 4069 siguilieatio
755 3990 909 4067 quaedam,
932 4008 1008 4070 quae
1030 3999 1081 4051 aut
1101 3993 1200 4051 minus
1214 3990 1286 4051 dicit
1308 3999 1337 4050 et
1352 3992 1418 4070 plus

113 4086 270 4163 asignifieat
292 4101 342 4151 aut
364 4090 432 4170 plus
454 4091 526 4153 dicit
548 4102 577 4153 et
599 4094 697 4153 minus
720 4094 872 4170 siguificat.
918 4092 975 4151 hoe
998 4092 1087 4153 hahet
1114 4092 1315 4171 synecdoche,
1346 4102 1417 4172 puta

139 4190 363 4272 ‘puppesque
396 4200 481 4254 tuae
514 4193 703 4273 pubesque
737 4198 912 4256 tuoruur'.
965 4212 1035 4254 ecee
1068 4196 1165 4255 nainus
1193 4194 1267 4255 dixit
1295 4202 1324 4253 ει
1350 4194 1418 4273 plus

144 4306 425 4322 Ἠ

195 4362 343 4429 lietuino]
369 4367 449 4430 Verp.
469 4364 639 4417 Aeoliae.
660 4364 705 4413 Vll
726 4366 775 4415 147
844 4362 1275 4429 hnuue]Verp.Aen,V11133
1332 4366 1417 4413 isiae

140 4428 205 4479 eirene
223 4434 257 4483 0:
279 4434 379 4485 Terent.
398 4434 512 4487 Eunaeh.
534 4436 577 4483 llll
597 4436 622 4493 5,
642 4434 659 4483 6
710 4434 727 4483 8
746 4435 777 4483 iri
799 4436 817 4484 it
833 4436 857 4483 P
927 4435 1063 4484 turanum
1082 4449 1215 4501 precanum
1232 4436 1272 4485 P:
1286 4436 1322 4497 ef.
1335 4435 1418 4485 Dion.

137 4512 159 4559 μ.
175 4502 228 4562 tou,
248 4504 293 4557 26.
311 4504 405 4555 Donat.
424 4522 451 4570 p.
469 4502 530 4563 400,
545 4506 577 4556 13
647 4506 680 4555 '25
700 4506 727 4554 id
743 4450 796 4569 εειῖ
813 4512 897 4569 potest
915 4504 966 4553 BS
982 4506 1097 4569 potesG
1164 4502 1230 4570 ipse]
1255 4506 1415 4568 Verum.

140 4568 165 4615 lli
179 4570 227 4621 utu
297 4574 333 4625 26
351 4586 378 4624 ut
396 4590 444 4627 εει.
459 4574 488 4635 O,
504 4575 566 4625 odd.
585 4590 614 4625 e:
631 4584 656 4623 et
674 4576 729 4624 dire
748 4576 835 4623 eeieno
857 4575 911 4623 dira
930 4574 1031 4623 camilla
1046 4576 1068 4623 si
1086 4575 1135 4624 hoo
1149 4575 1231 4623 solum
1250 4575 1346 4624 diceret
1363 4576 1417 4625 dira

140 4650 195 4688 esset
211 4646 386 4695 antonomasia
405 4648 436 4695 P.
459 4645 602 4694 interdices
624 4646 731 4709 Verpr'h'i
745 4660 834 4694 uersus
856 4645 967 4706 definitio
987 4644 1088 4706 epitheti
1107 4645 1235 4694 excidisse
1251 4645 1351 4694 videtur

140 4706 185 4757 dire
201 4714 285 4763 celeno
306 4714 357 4763 BS
374 4716 430 4764 dira
444 4714 532 4764 eeleno
551 4716 593 4763 dia
606 4714 660 4767 Ch:
683 4716 761 4779 Verp.
780 4717 844 4767 Aen.
863 4714 896 4762 lli
914 4714 964 4763 211
1016 4716 1048 4764 27
1065 4716 1152 4763 celeno
1171 4714 1231 4763 leeit
1243 4714 1314 4764 esc
1330 4714 1417 4763 εεΙεεε

140 4778 174 4824 dia
190 4778 245 4831 lecit
261 4783 301 4833 Cb
389 4785 423 4836 28
440 4784 483 4833 die
504 4785 605 4834 camille
625 4800 640 4833 e
659 4785 721 4833 diue
738 4784 838 4833 camilla
858 4782 947 4833 BOS:
970 4785 1049 4848 Verp,
1066 4786 1131 4833 Aen.
1149 4783 1185 4833 Xl
1202 4784 1254 4834 657
1343 4786 1385 4834 dia
1404 4800 1418 4832 e

140 4846 191 4895 diue
205 4850 280 4902 Bes
350 4852 383 4906 33
401 4856 447 4904 aed
466 4856 605 4905 substantie
622 4854 732 4905 illisum.
753 4856 809 4917 GP,
830 4854 891 4903 add.
905 4870 928 4915 e,
949 4863 1076 4917 eeprmcta
1093 4862 1151 4903 errat
1167 4856 1192 4903 in
1208 4854 1234 4903 B
1301 4854 1336 4907 66
1353 4870 1418 4921 pup-

141 4918 232 4987 pesque]
260 4925 340 4989 Verp.
357 4927 422 4977 Aen.
441 4926 451 4975 1
470 4923 521 4976 399

1151 5008 1218 5071 20*
