3525 5600
659 364 897 427 counmrvu
1387 361 1428 426 93
1468 325 1473 336 ’

155 553 206 618 bus
231 547 329 613 relata
357 559 434 613 sunt
460 551 561 615 etiam
586 549 621 612 in
644 549 751 614 Servii
779 547 1011 614 commentario
1033 544 1194 632 legantur.
1231 544 1329 610 Plinii
1352 569 1429 634 quo-

153 675 208 740 que
232 651 328 716 libros
357 649 450 715 dubii
478 649 654 732 sermonis,
681 673 725 716 ex
751 651 868 738 quibus
896 673 962 717 non
984 647 1074 714 nulla
1096 670 1179 736 quae
1201 647 1332 713 aliunde
1353 657 1431 714 nota

153 777 210 820 non
228 762 302 817 sunt
315 752 493 839 Pompeius
513 751 638 834 attulit,
659 754 729 837 ipae
751 751 869 837 legisse
891 752 1038 834 videtur,
1054 751 1246 839 praesertim
1267 771 1342 814 cum
1363 760 1430 815 tarn

154 857 293 942 frequens
325 854 441 920 borum
476 854 636 920 librorum
672 855 827 919 memoria
862 854 963 918 etiam
995 851 1083 939 apud
1114 851 1280 919 inferioris
1313 852 1431 916 aetatis
1479 931 1486 946 ὓ

155 957 370 1044 grammaticos
402 957 462 1038 sit,
496 966 533 1021 ut
566 957 623 1022 diu
661 957 862 1042 superfuisse
900 953 1067 1041 adpareat.
1111 953 1285 1038 Pompeius
1324 961 1430 1016 551515

155 1058 283 1124 Plinium
305 1058 498 1124 nominatim
520 1059 636 1122 citavit
659 1057 784 1140 decies,
808 1081 840 1144 p.
865 1057 924 1123 107
931 1105 940 1138 ,
966 1056 1042 1137 154,
1068 1055 1143 1136 172,
1166 1054 1240 1138 202,
1262 1055 1335 1136 221,
1357 1054 1430 1133 237,

156 1161 219 1243 295,
232 1161 302 1242 310,
316 1160 392 1240 418,
407 1162 482 1225 437.
504 1182 602 1246 55115
625 1181 848 1247 quaecumque
870 1181 913 1223 ex
928 1156 1078 1222 Caesaris
1101 1155 1141 1219 de
1164 1155 1315 1240 analogia
1336 1154 1430 1220 libris

156 1287 174 1327 a
199 1263 404 1348 grammatico
436 1262 604 1348 adscripta
637 1269 714 1325 sunt
741 1284 774 1348 p.
795 1262 854 1343 27,
886 1261 962 1342 108,
984 1260 1063 1339 230,
1092 1259 1155 1322 233
1181 1257 1306 1340 Plinio,
1335 1279 1431 1344 quent

156 1373 307 1429 auctorem
338 1361 483 1450 appellat
515 1386 547 1448 p.
574 1363 648 1445 107,
683 1362 803 1429 1111155.
848 1359 988 1428 eundem
1021 1373 1186 1426 auctorem
1218 1361 1365 1447 sequitur
1397 1360 1431 1423 in

156 1464 298 1530 Varronis
320 1465 361 1529 de
383 1465 558 1551 generibus
580 1465 746 1529 nominum
769 1463 918 1530 doctrina
940 1487 982 1528 ex
1007 1463 1100 1529 libris
1123 1462 1164 1527 de
1184 1460 1296 1546 lingua
1318 1460 1430 1542 latina,

156 1577 190 1631 ut
206 1566 330 1654 opinor,
358 1577 489 1652 sumpta
516 1589 549 1653 p.
573 1567 634 1630 143
662 1575 695 1630 et
724 1567 795 1630 154.
839 1587 879 1630 55
906 1577 1015 1631 551551
1038 1587 1121 1652 quae
1149 1587 1191 1628 ex
1212 1563 1368 1628 Varronis
1391 1561 1433 1624 de

156 1669 332 1756 antiquitate
361 1667 546 1733 litteramm
573 1667 667 1735 libris
696 1667 740 1732 ad
768 1670 897 1733 Attium
926 1669 1048 1754 scripta
1075 1670 1151 1731 sunt
1178 1689 1211 1752 p.
1234 1666 1255 1729 9
1282 1663 1376 1729 5127
1400 1671 1432 1726 51

68 1850 72 1856 ¹
156 1770 287 1835 eiusdem
309 1771 506 1836 sententiam
528 1769 569 1835 de
591 1770 722 1834 nomine
744 1769 793 1834 lac
815 1793 848 1857 p.
863 1770 927 1836 233
950 1768 1101 1836 Caesaris
1124 1767 1348 1855 disputationi,
1361 1763 1432 1842 Ι1155

155 1883 200 1936 cst
222 1873 336 1938 iterum
357 1870 484 1955 Plinio,
513 1870 622 1937 debet.
666 1894 768 1959 quare
794 1894 833 1936 ea
860 1894 988 1959 qnoque
1015 1893 1098 1959 quae
1120 1870 1161 1935 de
1183 1867 1431 1956 pronominibus

153 1973 306 2060 adscripto
327 1972 488 2040 Varronis
511 1975 642 2040 nomine
664 1973 767 2039 relata
788 1985 865 2039 sunt
887 1998 919 2062 p.
941 1973 1090 2040 239555
1118 1972 1160 2038 ab
1183 1971 1350 2058 11551555,
1374 1967 1432 2032 sed

153 2074 201 2140 vel
220 2097 238 2138 a
256 2075 360 2139 Plinio
382 2074 436 2140 vel
458 2075 500 2140 ab
522 2074 587 2141 alio
610 2076 790 2140 recentiore
812 2076 1024 2162 grammatico
1047 2076 1151 2162 petita
1173 2095 1244 2138 csse
1267 2071 1432 2137 existima-

154 2178 257 2242 bimus.
293 2177 399 2242 Sirmii
421 2164 592 2262 Capitonis
613 2176 732 2242 librum
755 2177 797 2242 de
817 2177 954 2264 syllabis
977 2179 1126 2265 quamvis
1148 2178 1196 2240 115
1218 2173 1433 2262 appellaverit

155 2279 312 2364 Pompeius
334 2303 368 2365 p.
384 2279 443 2359 31,
471 2279 564 2364 quasi
587 2279 788 2355 1515511515
817 2288 960 2361 extaret,
989 2288 1098 2343 tamen
1125 2277 1241 2343 dubito
1263 2301 1339 2342 num
1361 2278 1432 2361 ipse

156 2380 268 2464 legerit.
311 2380 396 2445 liber
417 2379 458 2444 de
480 2381 650 2468 synzygiis
673 2403 705 2467 p.
728 2381 771 2444 60
796 2380 986 2446 recentioris
1009 2379 1180 2446 cuiusdam
1202 2369 1369 2466 scriptoris
1392 2377 1432 2444 de

154 2483 251 2546 metris
272 2504 345 2547 esse
366 2481 514 2561 videtur3
537 2481 614 2546 Iulii
637 2481 751 2547 Severi
772 2481 919 2548 libellum
941 2481 982 2546 de
1004 2482 1143 2568 pedibus
1165 2482 1283 2568 respici
1304 2479 1434 2569 putavit

154 2584 365 2669 Heusingerus
393 2585 427 2647 in
454 2572 546 2648 Matl'.
575 2583 699 2650 Theod.
727 2585 834 2672 570.
864 2580 904 2650 (15
932 2583 1025 2648 1111115
1055 2584 1096 2648 (15
1123 2584 1235 2669 figuris
1263 2582 1433 2670 545451

154 2709 182 2770 5.
201 2686 260 2750 464
279 2686 390 2752 5115115
411 2684 493 2749 511111
515 2694 655 2751 5555151.
699 2696 824 2752 restant
846 2680 1041 2773 Apollonius
1064 2709 1096 2773 p.
1120 2686 1172 2767 96,
1196 2687 1377 2772 Astyagius
1399 2706 1430 2769 p.

154 2787 208 2874 255
232 2796 264 2852 51
289 2809 322 2874 5.
344 2788 424 2868 259,
455 2790 563 2875 Asper
590 2785 737 2854 Sallustii
764 2790 926 2875 interpres
954 2811 986 2875 p.
1014 2787 1094 2869 395,
1123 2787 1276 2853 Melissus
1303 2811 1334 2876 p.
1358 2785 1430 2866 426,

154 2888 282 2953 Lucilius
309 2913 344 2975 p.
366 2890 444 2973 430,
467 2887 604 2954 Verrius
631 2888 769 2955 Flaccus
797 2902 831 2957 51
858 2889 954 2973 Cato,
982 2894 1045 2957 hoc
1071 2900 1121 2956 551
1148 2889 1230 2957 Cato
1265 2912 1284 2953 a
1311 2888 1427 2953 Verrio

154 2990 258 3057 Flacco
278 2993 415 3073 citatus,
437 3014 471 3079 p.
492 2990 565 3055 449.
588 3014 725 3079 quornm
746 2992 853 3058 nullus
876 3002 942 3075 551,
965 3015 1060 3080 quem
1082 2997 1151 3079 ipse
1171 2994 1291 3077 legisse
1312 3000 1428 3078 putan-

155 3090 207 3156 dus
226 3096 277 3158 sit.
341 3133 345 3142 ·

225 3194 415 3283 Pompeium
437 3197 566 3261 natione
587 3196 739 3261 Maurum
761 3198 865 3262 fuisse
886 3196 971 3262 vidit
992 3196 1221 3262 Lachmannus
1243 3196 1278 3262 in
1299 3196 1431 3261 Lucret.

155 3318 182 3384 p.
201 3296 239 3361 28
259 3308 348 3363 55115
371 3298 475 3384 ipsius
501 3299 708 3384 grammatici
733 3299 919 3365 testimonio
948 3322 1043 3380 usus,
1071 3322 1103 3386 p.
1127 3298 1190 3363 246
1211 3307 1239 3362 si
1268 3311 1432 3377 interroges

155 3403 226 3461 certi
247 3421 340 3464 crura
368 3405 407 3464 dc
437 3404 561 3473 Mauro,
589 3407 746 3479 55151515·
770 3422 817 3465 me
842 3408 1004 3480 interroget
1030 3408 1083 3465 iste
1111 3408 1211 3465 ‘bomo
1233 3409 1318 3466 cuias
1339 3402 1430 3473 esti-⁹,

156 3507 277 3565 ‘neuras
296 3510 365 3580 ert',
383 3507 416 3565 id
428 3516 473 3566 est
485 3507 624 3567 Maurus.
651 3509 700 3567 ille
721 3510 917 3581 interroqavit
927 3514 1059 3582 pentem,
1076 3523 1131 3581 555
1144 3510 1295 3583 respondi.
1319 3504 1431 3569 eodem

157 3602 283 3688 pertinet
308 3605 408 3669 etiam
437 3602 536 3685 illud,
566 3603 652 3690 quod
679 3628 710 3691 p.
733 3605 797 3669 426
824 3606 911 3671 15151
938 3605 1019 3670 vitia
1048 3606 1194 3691 gentium
1226 3607 1431 3693 potissimum

156 3702 297 3770 Afrorum
333 3703 553 3772 labdacismos
590 3707 720 3771 notavit
755 3707 860 3793 iisque
898 3707 1115 3773 Romanorum
1152 3710 1205 3773 vel
1239 3708 1454 3774 Latinorum¹

157 3826 322 3871 sermonem
351 3807 521 3895 opposuit,
553 3830 748 3895 quamquam
778 3806 819 3873 de
846 3808 961 3875 eodem
982 3812 1088 3896 gentis
1111 3812 1191 3876 vitio
1216 3809 1314 3899 paulo
1337 3811 1432 3876 aliter

157 3905 287 3993 disputat
312 3910 459 3975 Isidorus
486 3910 568 3994 orig.
590 3909 687 3992 131,
712 3910 741 3975 8.
770 3922 941 3997 praeterea
966 3914 1000 3977 15
1029 3913 1198 4000 provincia
1224 3921 1338 3978 551551
1360 3934 1431 3977 5555

156 4008 301 4076 bominem
333 4011 387 4077 vel
419 4012 454 4076 15
484 4012 656 4097 provincia
685 4015 931 4097 grammaticam
965 4024 1068 4079 artem
1107 4012 1255 4080 docuisse
1288 4014 1431 4080 indicare

156 4110 295 4177 ridentur
321 4135 361 4177 ea
389 4134 473 4201 quac
501 4112 543 4177 de
569 4113 797 4181 charientismo
819 4116 1040 4182 Romanorum
1062 4118 1184 4202 scripta
1205 4124 1283 4181 sunt
1303 4138 1335 4203 p.
1357 4116 1430 4180 478.

157 4216 258 4279 5515115
280 4226 392 4280 551551
413 4237 479 4300 qua
499 4214 586 4280 vixit
606 4218 747 4281 certiora
774 4216 898 4282 indicia
918 4241 984 4283 555
1005 4229 1082 4284 sunt
1103 4241 1200 4305 quam
1222 4216 1312 4283 haec.
1355 4240 1432 4281 nam

158 4315 181 4377 si
193 4314 290 4382 Servii
311 4318 578 4383 commentarium
601 4340 622 4381 a
636 4317 789 4405 Pompeio
812 4332 1006 4408 usurpatum
1029 4343 1100 4385 esse
1121 4331 1209 4386 recte
1231 4322 1430 4385 demonstra-

158 4417 265 4502 vimus,
293 4422 441 4507 sequitur
466 4428 504 4483 51
530 4430 605 4505 5551
626 4422 748 4507 primos
771 4444 872 4487 annos
895 4422 1001 4507 quinti
1024 4422 1145 4489 saeculi
1166 4424 1301 4504 vixerit,
1324 4445 1429 4509 neque

160 4514 243 4584 aliurn
268 4524 473 4609 scriptorem,
502 4543 598 4608 quem
624 4521 686 4587 hoc
708 4532 853 4609 tempore
872 4524 1058 4591 inferiorern
1079 4525 1182 4589 fuisse
1203 4534 1344 4607 constet,
1367 4548 1431 4590 me·

159 4623 289 4687 muravit.
319 4633 435 4689 555115
455 4624 559 4710 ipsius
574 4625 721 4711 Pompeii
742 4647 807 4691 non
827 4628 959 4692 invenio
981 4628 1070 4713 prius
1093 4628 1288 4692 mentionem
1309 4628 1432 4692 factam

161 4740 232 4802 csse,
251 4746 346 4810 quam
369 4748 390 4789 5
405 4724 531 4791 Iuliano
548 4724 723 4808 Toletano,
746 4728 802 4813 qui
817 4728 879 4793 sub
895 4728 993 4792 finem
1008 4730 1136 4814 septimi
1151 4726 1273 4795 saeculi
1289 4730 1430 4817 scripsit,

162 4840 187 4905 5.
199 4823 234 4887 62
253 4832 324 4890 dicit
336 4831 505 4909 Pompeius,
522 4835 617 4907 plane
637 4836 715 4893 scire
736 4835 822 4893 debes
844 4837 917 4909 quta
939 4836 992 4908 qui
1012 4836 1144 4909 aliquam
1166 4852 1229 4896 rem
1252 4837 1363 4913 definit,
1386 4840 1430 4899 (15
