3525 5600
296 427 358 492 328
651 429 848 492 EXOERPTA
871 428 921 490 EX
943 427 1059 491 COMM.
1082 427 1121 490 lN
1143 426 1229 489 DON.

296 619 511 698 compositione
539 615 661 696 prolata.
707 617 786 678 unde
815 616 910 678 dictus
945 624 989 677 est
1021 615 1231 676 soloecismus?
1264 633 1280 675 a
1308 613 1436 683 civibus,
1471 615 1523 692 qui
1550 633 1590 674 ex

296 719 370 780 urbe
393 719 494 788 Soloe,
523 737 597 798 quae
628 736 707 778 nunc
729 717 949 798 Pompeiopolis
976 718 1098 789 dicitur,
1128 717 1357 779 Atheniensibus
1385 716 1495 778 auxilio
1517 736 1589 796 pro-

297 821 380 890 iecti,
405 840 471 881 etim
494 820 571 901 apud
594 839 646 881 eos
669 828 888 882 commorantes
902 839 984 882 suam
1001 829 1031 882 et
1046 819 1164 881 illorum
1181 819 1311 898 linguam
1334 822 1591 900 inconsequenter

297 924 458 1003 vitioseque
480 923 711 992 contunderent,
734 923 910 984 soloecismo
934 941 1041 984 nomen
1057 922 1213 994 dederunt,
1237 922 1274 983 ab
1291 921 1375 992 urbe,
1399 929 1429 982 ut
1446 921 1588 989 diximus

296 1023 383 1084 Soloe
400 1031 430 1084 et
451 1017 594 1084 ἀπὸτοῦ
610 1022 728 1104 οἰκεῖν,
752 1026 820 1105 quia
842 1024 883 1084 ibi
905 1023 1151 1086 inhabitaverant.
1182 1024 1231 1086 alii
1254 1023 1356 1086 solunt
1376 1023 1618 1085 soloecismums

295 1124 407 1185 dietum
431 1125 586 1193 aSolone.
610 1126 684 1187 tluce
700 1127 941 1203 Atheniensium,
964 1145 1051 1206 quem
1073 1121 1293 1206 peregrinando
1307 1128 1432 1188 Atticam
1455 1125 1591 1204 linguam

295 1226 432 1287 dixerunt
460 1230 639 1308 corrupisse.
685 1229 764 1308 quod
788 1229 907 1308 quidem
936 1229 973 1289 de
1001 1236 1099 1289 tantam
1126 1228 1290 1290 industriae
1313 1231 1377 1289 viro
1399 1227 1483 1290 credi
1505 1227 1593 1287 nelos

296 1338 348 1388 est.
395 1329 603 1391 soloecismum
626 1329 715 1392 latine
738 1333 832 1391 nostri
855 1330 1011 1399 dixerunt,
1042 1338 1075 1390 ut
1096 1333 1136 1390 ait
1157 1329 1294 1393 Aurelius
1317 1328 1447 1410 Opilius,
1476 1329 1591 1390 stribli-

296 1433 412 1508 ginem,
443 1434 526 1493 cuius
561 1433 688 1492 nominis
723 1433 930 1514 etymologiam
966 1429 1097 1492 nondum
1126 1434 1253 1493 invenio.
1300 1431 1495 1494 soloecismus
1517 1441 1595 1510 quot

296 1533 391 1596 modis
414 1535 464 1595 snt
487 1540 639 1614 quattuor,
663 1534 826 1596 adiectione
849 1535 1033 1596 detractione
1055 1537 1303 1596 transmutatione
1326 1534 1544 1595 immutatione.
1607 1555 1632 1591 ιο

621 1857 678 1934 En¹
702 1859 822 1934 codice
849 1859 1158 1956 Sangermanensi
1186 1859 1258 1931 291

381 2011 564 2073 Sinecrloclic
597 2031 705 2090 graece
733 2012 841 2075 dicitur
868 2015 953 2092 quasi
986 2015 1124 2075 continua
1154 2013 1320 2091 susceptio,
1354 2018 1389 2070 nt
1415 2010 1595 2089 Porphirius

297 2116 524 2195 interpretatur,
554 2113 630 2194 quotl
668 2115 745 2174 dicto
780 2117 900 2176 nomine
931 2118 1024 2177 totius
1047 2116 1168 2176 'conexa
1202 2132 1272 2194 pars
1305 2112 1503 2191 intellegitur,
1541 2123 1596 2171 aut

297 2216 375 2277 dicto
398 2219 517 2277 nomine
540 2218 632 2296 partis
656 2223 747 2276 totum
771 2225 989 2297 consequenter
1011 2217 1211 2306 cognoscitur.

382 2319 616 2399 lsteroproteron
645 2320 727 2398 quasi
757 2320 867 2380 isteron
897 2328 1053 2398 proteron,
1082 2320 1140 2380 hoc
1167 2327 1212 2378 est
1240 2319 1270 2377 in
1293 2318 1635 2397 extremoprimum.1s

296 2419 374 2482 acide
397 2423 502 2482 Castor
524 2438 630 2497 graece
654 2422 737 2498 quasi
760 2417 851 2482 eccon
873 2422 1000 2492 isteron,
1024 2422 1053 2481 iu
1077 2428 1122 2482 est
1142 2419 1251 2482 malum
1275 2429 1452 2489 extremum,
1476 2437 1596 2479 nuncu·

296 2532 397 2613 patus,
423 2533 455 2584 ut
476 2522 584 2584 Fabius
607 2523 744 2583 ostendit.
778 2522 879 2594 aliter,
904 2531 936 2584 ut
957 2525 988 2583 in
1004 2522 1160 2602 Porplririo
1182 2520 1322 2599 legimus,
1347 2524 1459 2581 isteron
1482 2538 1596 2598 graece

296 2634 364 2705 post
390 2624 479 2686 latine
508 2634 603 2685 sonat.
642 2643 714 2703 crgo
741 2625 911 2704 isterologie
940 2623 1119 2705 appellatur,
1153 2623 1210 2683 hoc
1244 2629 1289 2682 est
1321 2631 1390 2702 post
1421 2622 1512 2682 dictio
1547 2621 1594 2681 sel

296 2745 408 2798 sermo,
438 2726 579 2787 subaudis
606 2727 728 2807 positos.
773 2729 845 2788 item
872 2729 1108 2808 isteroproteron
1137 2734 1203 2807 post
1233 2733 1310 2786 ante.
1356 2743 1424 2785 tiam
1448 2731 1595 2805 proteron

298 2840 366 2891 ante
388 2830 544 2909 significat.
588 2828 653 2908 lege
675 2830 872 2910 l'orphirium.
1608 2850 1634 2888 so

559 2934 564 2975 t

298 3102 354 3135 cnm
373 3084 496 3151 quotlibet
511 3100 571 3151 pars
591 3086 722 3135 orationis.
740 3100 773 3135 ne
791 3100 889 3136 enoris.
908 3084 1007 3150 'tropus
1024 3084 1085 3148 quid
1104 3093 1142 3133 est
1159 3094 1206 3139 ete.
1231 3086 1402 3135 ammentant
1423 3084 1456 3132 de
1472 3087 1556 3148 tropis
1570 3091 1597 3131 et

296 3158 463 3221 raetoptasmt'c
486 3160 528 3221 pul
548 3164 685 3221 sequuntur
703 3172 738 3205 err
751 3156 865 3205 Charisia
882 3157 1013 3205 meratenam
1029 3162 1128 3219 portem
1144 3158 1263 3217 excerpti
1277 3158 1303 3204 iu
1324 3154 1397 3203 huius
1409 3155 1520 3204 editione
1537 3155 1595 3202 oltra

297 3227 402 3276 adhibiti
413 3235 471 3276 suat
543 3228 554 3277 l
576 3227 741 3276 soloecismus
759 3242 808 3291 quq
826 3241 858 3275 ex
877 3228 939 3275 urbe
959 3227 998 3278 P:
1014 3227 1049 3289 rs.
1068 3225 1162 3275 Isidor.
1180 3230 1245 3289 erip.
1262 3227 1271 3274 l
1290 3225 1324 3276 :te
1345 3224 1422 3272 Iliam.
1441 3239 1468 3285 p.
1483 3220 1546 3284 453,
1561 3222 1595 3271 20

367 3300 382 3345 2
402 3298 509 3360 proiecit
527 3298 554 3345 V
620 3300 635 3345 5
655 3297 710 3345 solo
729 3310 953 3347 cranorouoursru
973 3312 1024 3362 quq
1042 3295 1077 3344 iti
1100 3294 1128 3342 V
1193 3295 1330 3345 (lasalone
1349 3296 1375 3343 V
1443 3288 1531 3356 quem]
1549 3294 1594 3355 qni

302 3368 328 3415 V
376 3368 392 3415 7
412 3366 613 3431 corripissequai
630 3368 706 3429 quiete
729 3369 754 3415 V
806 3366 960 3415 BlatinaV
1008 3365 1120 3415 aurelius
1138 3364 1225 3430 opill's
1240 3365 1384 3429 rubiginem
1403 3365 1431 3413 V

368 3437 397 3485 ll
424 3436 513 3487 Codex
541 3436 673 3485 Parisinus
696 3438 752 3486 olim
778 3435 1004 3499 Sanpermoaermis
1027 3432 1075 3484 291
1098 3434 1148 3496 (Ρ)
1173 3437 1282 3485 eontinet
1309 3433 1422 3496 ‘lspcltli
1449 3432 1594 3496 presbyteri

299 3505 520 3571 Hierosolymitnui
545 3504 622 3552 libros
642 3507 664 3553 in
687 3505 855 3568 l.eriticum';
879 3508 980 3557 adiecta
1000 3511 1058 3556 suat
1080 3507 1131 3554 tn'a
1148 3506 1346 3554 mecetranorum
1361 3504 1442 3566 solia,
1461 3504 1487 3549 iu
1505 3502 1596 3566 quibus

297 3577 486 3627 contarentara'us
503 3577 528 3623 ia
544 3576 664 3623 Donatum
678 3574 709 3625 de
726 3576 894 3637 bar-barisano,
912 3579 944 3627 de
958 3578 1111 3637 soloecismo,
1130 3575 1162 3623 de
1179 3578 1269 3639 tropis,
1287 3572 1495 3623 desdeematibus
1509 3572 1595 3635 arrip-

297 3654 337 3695 tas
354 3653 393 3696 cst
408 3646 509 3696 sacerdo
527 3644 629 3696 alecium.
655 3648 708 3695 eius
725 3646 835 3694 nannieno
858 3661 923 3708 pare
948 3663 983 3697 ex
999 3647 1101 3697 Isidoro
1120 3652 1145 3693 et
1167 3645 1284 3694 Diomede
1307 3652 1433 3706 eacerpta
1451 3650 1490 3691 ert
1561 3641 1593 3691 12

299 3714 409 3765 iorllrins
425 3716 449 3765 P
518 3714 549 3765 13
567 3716 702 3765 conexeP
771 3715 889 3777 loquusi
908 3717 954 3768 eis.
974 3724 1068 3766 steron.
1088 3721 1205 3781 proteron
1226 3715 1249 3763 P
1319 3714 1351 3764 lo
1368 3723 1452 3762 castor
1471 3712 1502 3780 gr
1517 3714 1592 3774 quasi

297 3794 460 3836 caconsteron
479 3786 503 3834 P
574 3785 603 3835 tt
624 3786 649 3834 in
674 3784 797 3851 lorphirio
816 3786 854 3853 P¹
