3525 5600
325 385 389 449 208
893 391 1047 454 rouruu

351 509 372 550 p.
385 497 475 540 scs-55
488 497 510 537 L.
1006 527 1010 532 .

326 579 500 640 declinatur.
545 577 624 638 idem
652 577 738 658 quale
766 560 931 658 pronomen
954 581 1015 641 est?
1048 582 1089 641 ait
1116 581 1174 647 sic,
1204 598 1370 659 pronomen
1393 588 1438 642 est
1460 582 1617 660 utriusque

325 684 458 759 generis,
492 681 521 741 id
555 689 599 740 est
631 681 728 742 neutri
761 689 790 741 et
823 682 993 751 masculini;
1027 681 1081 742 sed
1107 682 1291 761 temporibus
1320 691 1350 744 et
1376 684 1617 762 pronuntiatione
1716 710 1717 747 4

327 783 513 844 discernitur.
544 782 602 842 boc
623 785 721 863 ipsum
744 785 910 862 quaeritur,
935 802 1024 861 quem
1047 783 1083 844 ad
1106 783 1225 844 modum
1249 785 1504 855 dicas,1demau
1527 784 1616 844 idem.
1716 788 1717 807 ²

327 884 410 955 dicit,
434 885 513 945 idem
537 886 562 944 si
585 884 713 946 volueris
735 884 917 964 producere,
939 885 1094 946 masculini
1117 887 1175 946 erit
1196 887 1330 964 generis,
1352 886 1435 946 idem
1459 889 1512 958 vir,
1535 886 1618 946 idem

325 989 436 1066 paries;
465 988 490 1047 si
518 993 617 1046 autem
646 985 772 1048 volueris
796 987 799 1069 l
824 989 991 1068 corripere,
1020 996 1159 1049 neutrum
1187 995 1245 1058 est,
1279 988 1359 1049 idem
1382 999 1516 1068 tempus,
1538 987 1641 1049 idems
1716 1026 1717 1071 .

326 1089 505 1168 mancipium
529 1089 611 1167 ‘per
638 1088 735 1149 idem
766 1094 924 1170 tempus’
948 1090 1019 1150 dicit
1041 1091 1130 1151 etiam
1153 1089 1318 1152 Sallustius.
1339 1092 1411 1151 item
1434 1090 1485 1150 hic
1508 1088 1618 1158 ethic,

325 1198 483 1269 utrumque
511 1189 635 1260 dicitur,
666 1190 718 1251 sod
746 1189 835 1251 babet
861 1191 1073 1252 differentiam:
1102 1191 1219 1271 quaudo
1247 1191 1296 1252 bie
1323 1191 1534 1271 producimus,
1566 1192 1621 1251 erit
1716 1214 1717 1259 1

326 1291 512 1360 adverbium,
543 1293 573 1352 in
603 1293 682 1362 loco,
713 1291 791 1354 ‘bac
819 1292 929 1355 illius
957 1312 1070 1361 arma,
1099 1293 1162 1353 bic
1195 1312 1332 1355 currus
1358 1294 1466 1361 luit’;
1500 1291 1620 1371 quaudo

327 1399 425 1455 autem
448 1395 639 1472 corripimus,
664 1396 720 1454 evit
741 1414 923 1474 pronomen,
947 1395 1072 1457 ‘solus
1094 1396 1154 1456 bic
1176 1377 1333 1456 iullexit
1354 1399 1512 1456 seusus’.

411 1496 558 1556 Secuntur
582 1497 668 1557 etiam
691 1514 776 1558 casus
797 1498 828 1557 in
851 1497 1087 1577 pronominibus.
1118 1497 1253 1558 similiter
1277 1499 1365 1558 etiam
1386 1497 1435 1558 hic
1458 1516 1548 1558 casus
1571 1516 1621 1557 sex
1633 1511 1655 1548 1⁰
1716 1514 1717 1533 .

327 1604 411 1668 sunt,
441 1615 530 1676 quem
557 1597 594 1658 ad
622 1599 741 1660 modum
771 1599 858 1659 etiam
885 1600 916 1659 iu
943 1600 1121 1662 nominibus.
1166 1599 1219 1660 sed
1241 1600 1369 1660 diximus
1390 1601 1422 1659 in
1443 1598 1494 1660 illa
1518 1601 1620 1679 priore

327 1708 410 1781 parte
432 1701 517 1769 artis,
540 1700 570 1760 id
587 1707 631 1761 est
646 1701 911 1779 iu'superioribus,
930 1721 995 1763 esse
1010 1703 1110 1780 aliqua
1133 1703 1310 1782 pronomina
1333 1719 1408 1781 quac
1430 1708 1571 1761 crescant
1593 1703 1623 1759 iu
1716 1726 1717 1783 3

328 1802 457 1872 casibus,
487 1821 551 1862 esse
579 1801 674 1882 aliqua
703 1821 777 1882 quae
805 1802 978 1865 decrescant
1005 1806 1036 1864 iu
1064 1803 1196 1872 casibus,
1225 1803 1255 1863 id
1284 1813 1329 1864 est
1350 1810 1420 1864 suut
1440 1804 1622 1882 pronomina

327 1903 424 1983 aliqua
453 1923 528 1984 quae
557 1902 689 1984 duplices
712 1903 822 1966 habeut
844 1925 942 1976 casus,
970 1915 1041 1966 sunt
1063 1906 1158 1986 aliqua
1181 1923 1257 1985 quae
1280 1907 1401 1965 omuino
1423 1923 1485 1965 uon
1508 1904 1624 1965 babent
1716 1898 1717 1905 '

330 2005 453 2084 aliquid,
478 2024 537 2066 uon
561 2005 648 2066 modo
670 2005 803 2086 duplices
826 2025 885 2067 nou
908 2007 1033 2077 habeut,
1047 2006 1111 2068 'sed
1135 1986 1222 2067 etiam
1246 2007 1284 2068 de
1306 2009 1367 2067 suis
1390 2005 1531 2085 legitimis
1553 2024 1622 2085 per·
1636 2024 1657 2060 1⁵
1716 2012 1717 2057 l

210 2115 269 2176 410,
282 2115 314 2164 32
329 2109 411 2168 dunt.
456 2125 523 2168 uam
552 2126 621 2168 ecce
648 2109 780 2170 iuvenies
807 2113 985 2190 pronomina
1018 2109 1152 2188 duplices
1179 2107 1317 2170 babentia
1350 2127 1450 2178 casua,
1489 2110 1626 2188 quisquis

226 2183 444 2302 {gg’ffiuiquiz
474 2229 541 2272 nam
565 2207 569 2291 l
592 2217 690 2289 potest
713 2218 741 2272 et
763 2213 866 2290 quiqui
890 2231 968 2273 esse:
999 2229 1070 2290 ergo
1098 2212 1142 2272 sic
1164 2211 1272 2272 dieitur
1295 2219 1325 2271 et
1347 2211 1481 2290 quisquis
1504 2219 1535 2286 ct
1559 2211 1624 2286 qui·
1716 2194 1717 2197 ¹

279 2288 286 2314 ²
328 2314 385 2392 qui.
433 2313 595 2372 concitem
618 2311 669 2372 ubi
690 2315 844 2390 genetivus
867 2313 984 2394 duplex,
1008 2315 1067 2374 mei
1089 2312 1135 2374 vel
1157 2315 1227 2374 mis:
1252 2331 1321 2374 nam
1343 2311 1483 2373 dicebant
1505 2314 1625 2389 antiqui

328 2415 401 2475 ‘mis
424 2432 512 2475 eausa
534 2413 621 2475 lecit’
650 2421 680 2474 et
708 2415 763 2475 ‘tis
785 2433 872 2477 causa
895 2416 982 2477 lecit*
1004 2434 1059 2495 pro
1083 2414 1221 2495 eoquod
1244 2422 1289 2476 est
1311 2414 1389 2475 ‘mei
1412 2433 1500 2475 causa
1522 2415 1624 2482 lecit',

329 2519 389 2578 ‘tui
417 2535 504 2578 causa
532 2517 630 2577 lecit’.
674 2518 744 2576 item
769 2518 802 2578 iu
830 2517 957 2578 ablativo
984 2539 1000 2578 a
1030 2535 1088 2596 quo
1111 2517 1155 2578 vel
1179 2538 1195 2577 a
1217 2517 1284 2595 qni,
1309 2519 1343 2576 ‘a
1365 2535 1424 2596 quo
1446 2519 1573 2576 venisti'
1597 2524 1660 2576 eto

330 2623 365 2678 ‘a
388 2619 438 2698 qui
460 2620 593 2679 venisti'.
638 2619 707 2678 item
732 2618 827 2680 dativo
852 2627 880 2680 et
902 2617 1027 2680 ablativo
1050 2639 1066 2680 a
1095 2621 1160 2700 quis
1183 2626 1213 2679 et
1235 2637 1249 2678 a
1274 2617 1396 2696 quibus,
1419 2627 1449 2678 et
1470 2617 1627 2678 reddimus

330 2723 475 2782 rationem
505 2723 610 2801 ipsam.
655 2721 765 2801 aquis
793 2729 822 2781 et
848 2740 864 2780 a
893 2720 1015 2801 quibus:
1053 2718 1195 2782 ablativus
1224 2719 1383 2798 singularis
1406 2739 1423 2779 o
1446 2720 1626 2780 terminatus
1716 2768 1717 2773 ,

330 2824 459 2885 dativum
489 2822 633 2903 pluralem
662 2824 693 2883 in
720 2825 746 2885 is
774 2824 877 2891 mittit,
908 2823 944 2885 ab
972 2823 1029 2884 boe
1051 2824 1138 2883 docto
1161 2823 1270 2883 doctis:
1307 2825 1351 2883 sic
1373 2824 1399 2881 si
1422 2821 1627 2883 dixerimusa

329 2946 402 3006 quo,
426 2946 442 2987 a
464 2928 531 3003 quis
552 2926 630 2986 lacit.
674 2927 744 2986 item
769 2924 913 2987 ablativus
934 2925 944 2983 i
966 2925 1297 2997 terminatusdativum
1319 2927 1351 2985 in
1374 2924 1429 2985 bus
1451 2926 1557 2985 mittit:
1582 2924 1627 2985 sic
1716 2993 1717 3010 χ

303 3030 355 3089 ‘si
379 3028 488 3089 dixeris
511 3048 527 3089 a
550 3028 614 3107 qui,
644 3046 660 3088 a
684 3026 791 3105 quibus
815 3031 878 3089 erit.
925 3026 977 3087 sed
1000 3026 1086 3087 huius
1115 3026 1323 3088 declinationis
1345 3029 1545 3089 nominativus
1568 3029 1663 3088 erits

332 3150 418 3211 ques:
443 3128 530 3190 buius
553 3127 773 3199 declinationis,
798 3131 828 3191 id
852 3138 896 3191 est
918 3128 1034 3209 quaudo
1057 3127 1131 3189 dicis
1154 3128 1250 3189 dativo
1272 3137 1301 3189 et
1326 3130 1455 3191 ablativo
1477 3128 1628 3209 pluralia
1716 3137 1717 3212 j

332 3230 449 3311 quibus
495 3231 572 3310 siqui
601 3229 654 3290 tibi
683 3230 773 3301 dicat,
803 3233 849 3293 lac
872 3230 942 3293 inde
965 3232 1176 3292 nominativum
1199 3229 1360 3311 pluralem,
1383 3250 1506 3292 necesse
1529 3229 1626 3291 babes

332 3324 488 3395 l'acere'bi
515 3350 602 3412 ques:
642 3334 689 3394 ‘si
721 3352 810 3413 ques
848 3333 1016 3395 homiues
1048 3341 1148 3403 suut,
1183 3352 1274 3412 quos
1301 3332 1468 3393 delectat
1493 3331 1627 3412 populi
1716 3367 1717 3414 ς

332 3434 482 3495 llomaui
504 3443 608 3511 gesta
632 3433 873 3511 discriberc’‚
903 3438 928 3497 si
951 3454 1024 3515 ques
1045 3436 1183 3496 homiues
1205 3453 1261 3515 pro
1285 3454 1320 3494 eo
1342 3434 1422 3512 quod
1445 3442 1491 3495 est
1513 3436 1539 3495 si
1561 3436 1625 3514 qui.

332 3545 362 3599 et
393 3539 470 3597 iuste
503 3536 666 3597 secuudum
700 3536 846 3614 regulam:
883 3536 1026 3599 ablativus
1055 3539 1133 3599 euim
1162 3539 1173 3597 i
1202 3539 1375 3599 teruduatus
1410 3538 1626 3597 nominativum
1639 3553 1663 3591 si
1716 3519 1717 3570 Ὗ

333 3638 476 3720 pluralem
503 3657 621 3719 semper
647 3640 679 3699 iu
708 3658 739 3699 es
767 3641 870 3709 mittit,
900 3641 992 3720 puppi
1014 3658 1144 3719 puppeS,
1173 3638 1241 3716 agili
1260 3638 1366 3717 agiles,
1391 3638 1479 3699 docili
1501 3638 1626 3699 dociles.

332 3744 375 3803 sic
403 3743 429 3801 si
456 3741 565 3801 dixeris
592 3760 607 3801 a
639 3742 702 3820 qui,
736 3740 766 3801 lvi
793 3760 866 3821 ques
895 3743 951 3802 erit
978 3743 1157 3802 nominativo
1179 3739 1300 3820 plurali,
1329 3758 1385 3801 nec
1406 3748 1505 3820 potest
1527 3738 1623 3801 aliter.

334 3861 405 3920 ergo
435 3860 503 3903 ecoe
532 3841 623 3902 babes
650 3844 825 3921 pronomina
854 3845 1019 3905 crescentia
1040 3863 1095 3923 per
1123 3861 1227 3911 casus;
1258 3845 1261 3921 p
1293 3860 1372 3903 nuuc
1399 3843 1550 3905 videamus
1572 3843 1624 3903 de-

333 3945 506 4005 crescentia.

404 4165 416 4215 l
434 4165 467 4213 nit
486 4164 547 4214 dicit
563 4178 701 4229 pronomen
719 4165 774 4215 AB
792 4166 827 4215 ait
847 4182 985 4231 pronomen
1003 4168 1025 4219 0
1108 4164 1124 4216 3
1142 4166 1257 4216 idemne
1276 4166 1344 4215 idem
1359 4165 1430 4217 BOo
1447 4167 1516 4216 idem
1534 4174 1624 4216 estun

332 4236 440 4286 idemA
510 4235 709 4293 ddieitom.0
778 4234 961 4301 llSnllustius]
986 4237 1041 4302 Iup.
1062 4252 1084 4287 e.
1103 4236 1154 4287 204
1226 4231 1399 4299 8hiciilius]
1423 4238 1501 4301 Verp.
1523 4236 1623 4290 Aeni

334 4305 366 4357 16
436 4302 556 4371 ilsolus]
583 4304 741 4371 νημαι.
762 4305 856 4355 111122
927 4306 1071 4357 lruiccorr.
1090 4305 1174 4356 11ch
1248 4307 1281 4357 14
1302 4306 1499 4356 suntuliaAG
1564 4307 1624 4370 sor·

332 4386 402 4425 torre
421 4390 470 4425 nou
486 4374 691 4440 bubeutaliquos
711 4390 795 4435 casus,
816 4374 841 4424 id
859 4385 898 4426 est
916 4376 1053 4427 noumodo
1124 4377 1156 4428 15
1173 4374 1380 4442 perdantABG
1448 4376 1481 4427 ln
1498 4376 1623 4425 hebentes

332 4445 385 4495 AC
456 4446 486 4495 17
507 4459 563 4494 esse
581 4462 627 4497 orn.
648 4445 931 4509 annumerasse
949 4462 1004 4496 nam
1024 4454 1107 4512 potest
1125 4447 1224 4510 etquis
1243 4454 1268 4495 et
1286 4448 1329 4509 qui
1348 4461 1406 4496 esse
1477 4447 1516 4497 sic
1531 4446 1625 4495 dieitur
1716 4465 1717 4468 ¹

332 4532 349 4565 n
364 4516 386 4564 si
399 4516 491 4566 dieitur
504 4514 530 4563 A
539 4514 560 4565 0
574 4514 639 4565 sient
656 4516 747 4565 dicitur
763 4514 787 4564 B
855 4515 890 4567 23
906 4519 944 4567 sic
962 4521 983 4567 si
1002 4517 1142 4567 dixerimus
1154 4517 1180 4566 B
1195 4517 1232 4566 sic
1245 4515 1384 4565 dixerimus
1405 4516 1426 4567 G
1442 4517 1465 4567 si
1482 4516 1624 4565 dixerimus

333 4586 358 4635 Α
427 4587 461 4636 24
478 4586 515 4635 sie
529 4585 550 4634 si
570 4586 667 4635 dixeris
685 4584 797 4635 ABsio
816 4586 898 4651 (corr.
918 4589 940 4637 si
958 4587 984 4651 c)
1003 4587 1145 4637 dixerisC
1213 4585 1247 4635 26
1268 4586 1342 4650 quies
1359 4601 1427 4640 corr.
1447 4587 1556 4650 quest*

333 4662 358 4704 et
376 4656 484 4706 ablativo
500 4670 545 4709 orn.
566 4655 651 4705 ABG
737 4654 771 4706 28
795 4656 817 4705 si
841 4654 916 4721 ques]
936 4657 996 4707 Cato
1015 4672 1114 4721 quoque
1133 4658 1244 4723 origines
1262 4656 1300 4705 sio
1315 4656 1427 4721 inchoat,
1446 4658 1468 4706 si
1484 4672 1548 4721 ques
1563 4665 1624 4705 sunt

333 4741 450 4793 homines
468 4744 542 4809 Serp.
566 4742 883 4809 eaep1.2·nn0n.p.502,
909 4745 939 4794 li
1009 4742 1099 4811 populi
1118 4744 1167 4797 .R.
1188 4751 1261 4809 gesta
1278 4744 1303 4793 B
1320 4744 1410 4809 populi
1430 4744 1481 4798 .R.
1498 4754 1583 4809 gestas
1602 4742 1626 4791 C

334 4813 421 4876 populi
440 4814 571 4877 respondit
589 4820 663 4879 gesta
678 4814 702 4863 A
715 4813 803 4878 populi
820 4830 860 4863 res
878 4823 965 4881 gestas
979 4812 1013 4864 a*
1065 4814 1099 4865 29
1112 4814 1264 4863 disseribere
1278 4813 1304 4863 B
1353 4814 1388 4865 32
1406 4816 1443 4864 sic
1457 4821 1539 4875 (corr.
1555 4814 1579 4861 si
1595 4812 1622 4873 e)

335 4882 431 4933 dixeris
450 4882 471 4933 0
539 4884 612 4934 aliter
631 4900 676 4938 om.
698 4885 729 4945 A,
744 4885 805 4933 cdd.
824 4902 841 4935 a
