<?xml version="1.0" encoding="UTF-8"?>
<!DOCTYPE html PUBLIC "-//W3C//DTD XHTML 1.0 Transitional//EN"
    "http://www.w3.org/TR/xhtml1/DTD/xhtml1-transitional.dtd">
<html xmlns="http://www.w3.org/1999/xhtml" xml:lang="en" lang="en">
 <head>
  <title>
</title>
<meta http-equiv="Content-Type" content="text/html;charset=utf-8" />
  <meta name='ocr-system' content='tesseract 3.04.00' />
  <meta name='ocr-capabilities' content='ocr_page ocr_carea ocr_par ocr_line ocrx_word'/>
</head>
<body>
  <div class='ocr_page' id='page_1' title='image "./grammaticilatin03hagagoog_0343.png"; bbox 0 0 3525 5600; ppageno 0'>
   <div class='ocr_carea' id='block_1_1' title="bbox 764 398 1444 464">
    <p class='ocr_par' dir='ltr' id='par_1_1' title="bbox 764 398 1444 464">
     <span class='ocr_line' id='line_1_1' title="bbox 764 398 1444 464; baseline 0 -2"><span class='ocrx_word' id='word_1_1' title='bbox 764 401 835 463; x_wconf 80' lang='lat' dir='ltr'>ARS</span> <span class='ocrx_word' id='word_1_2' title='bbox 1383 398 1444 464; x_wconf 84' lang='lat'>331</span> 
     </span>
    </p>
   </div>
   <div class='ocr_carea' id='block_1_2' title="bbox 154 583 1448 1074">
    <p class='ocr_par' dir='ltr' id='par_1_2' title="bbox 154 583 1448 1074">
     <span class='ocr_line' id='line_1_2' title="bbox 166 583 1447 668; baseline -0.005 -16"><span class='ocrx_word' id='word_1_3' title='bbox 166 592 300 652; x_wconf 70' lang='lat' dir='ltr'>calionis</span> <span class='ocrx_word' id='word_1_4' title='bbox 323 623 363 632; x_wconf 89' lang='lat'>-</span> <span class='ocrx_word' id='word_1_5' title='bbox 386 587 408 646; x_wconf 89' lang='lat' dir='ltr'>f.</span> <span class='ocrx_word' id='word_1_6' title='bbox 425 585 485 648; x_wconf 81' lang='lat'>24*</span> <span class='ocrx_word' id='word_1_7' title='bbox 503 588 616 662; x_wconf 82' lang='lat' dir='ltr'>sontes.</span> <span class='ocrx_word' id='word_1_8' title='bbox 647 591 680 648; x_wconf 89' lang='lat' dir='ltr'>P.</span> <span class='ocrx_word' id='word_1_9' title='bbox 699 590 852 648; x_wconf 79' lang='lat' dir='ltr'>Consentii</span> <span class='ocrx_word' id='word_1_10' title='bbox 874 589 1091 648; x_wconf 80' lang='lat' dir='ltr'>Grammatices</span> <span class='ocrx_word' id='word_1_11' title='bbox 1110 585 1233 668; x_wconf 78' lang='lat' dir='ltr'>finis.*)</span> <span class='ocrx_word' id='word_1_12' title='bbox 1267 591 1342 668; x_wconf 83' lang='lat' dir='ltr'>post</span> <span class='ocrx_word' id='word_1_13' title='bbox 1362 583 1447 647; x_wconf 90' lang='lat' dir='ltr'>bunc</span> 
     </span>
     <span class='ocr_line' id='line_1_3' title="bbox 164 684 1448 771; baseline -0.002 -21"><span class='ocrx_word' id='word_1_14' title='bbox 164 689 316 771; x_wconf 87' lang='lat' dir='ltr'>integrum</span> <span class='ocrx_word' id='word_1_15' title='bbox 338 685 458 750; x_wconf 88' lang='lat' dir='ltr'>librum</span> <span class='ocrx_word' id='word_1_16' title='bbox 480 685 605 770; x_wconf 84' lang='lat' dir='ltr'>primus</span> <span class='ocrx_word' id='word_1_17' title='bbox 629 685 732 750; x_wconf 84' lang='lat' dir='ltr'>edidit</span> <span class='ocrx_word' id='word_1_18' title='bbox 752 684 927 748; x_wconf 87' lang='lat' dir='ltr'>Putschius</span> <span class='ocrx_word' id='word_1_19' title='bbox 951 692 1013 748; x_wconf 76' lang='lat' dir='ltr'>‘ex</span> <span class='ocrx_word' id='word_1_20' title='bbox 1033 685 1155 770; x_wconf 87' lang='lat' dir='ltr'>scripto</span> <span class='ocrx_word' id='word_1_21' title='bbox 1177 685 1381 768; x_wconf 78' lang='lat' dir='ltr'>Bougarsii’‚</span> <span class='ocrx_word' id='word_1_22' title='bbox 1410 693 1448 748; x_wconf 86' lang='lat' dir='ltr'>ut</span> 
     </span>
     <span class='ocr_line' id='line_1_4' title="bbox 166 782 1447 873; baseline -0.003 -21"><span class='ocrx_word' id='word_1_23' title='bbox 166 790 216 868; x_wconf 88' lang='lat' dir='ltr'>ait,</span> <span class='ocrx_word' id='word_1_24' title='bbox 239 785 330 873; x_wconf 77' lang='lat' dir='ltr'>‘plue</span> <span class='ocrx_word' id='word_1_25' title='bbox 355 785 489 850; x_wconf 90' lang='lat' dir='ltr'>dimidia</span> <span class='ocrx_word' id='word_1_26' title='bbox 511 797 603 871; x_wconf 89' lang='lat' dir='ltr'>parte</span> <span class='ocrx_word' id='word_1_27' title='bbox 627 787 822 865; x_wconf 86' lang='lat' dir='ltr'>auctiorem,</span> <span class='ocrx_word' id='word_1_28' title='bbox 852 807 949 870; x_wconf 87' lang='lat' dir='ltr'>quam</span> <span class='ocrx_word' id='word_1_29' title='bbox 972 808 992 848; x_wconf 93' lang='lat' dir='ltr'>a</span> <span class='ocrx_word' id='word_1_30' title='bbox 1013 784 1172 849; x_wconf 88' lang='lat' dir='ltr'>Sichardo</span> <span class='ocrx_word' id='word_1_31' title='bbox 1193 783 1270 849; x_wconf 90' lang='lat' dir='ltr'>olim</span> <span class='ocrx_word' id='word_1_32' title='bbox 1292 782 1447 870; x_wconf 86' lang='lat' dir='ltr'>vulgatus</span> 
     </span>
     <span class='ocr_line' id='line_1_5' title="bbox 166 884 1448 976; baseline -0.002 -25"><span class='ocrx_word' id='word_1_33' title='bbox 166 887 303 976; x_wconf 89' lang='lat' dir='ltr'>prodiit’.</span> <span class='ocrx_word' id='word_1_34' title='bbox 346 910 427 952; x_wconf 82' lang='lat' dir='ltr'>aeus</span> <span class='ocrx_word' id='word_1_35' title='bbox 452 896 561 952; x_wconf 88' lang='lat' dir='ltr'>autem</span> <span class='ocrx_word' id='word_1_36' title='bbox 583 895 634 951; x_wconf 87' lang='lat' dir='ltr'>eet</span> <span class='ocrx_word' id='word_1_37' title='bbox 655 887 830 952; x_wconf 88' lang='lat' dir='ltr'>Putschiue</span> <span class='ocrx_word' id='word_1_38' title='bbox 853 884 966 950; x_wconf 88' lang='lat' dir='ltr'>codice</span> <span class='ocrx_word' id='word_1_39' title='bbox 988 887 1147 950; x_wconf 87' lang='lat' dir='ltr'>Bernenei</span> <span class='ocrx_word' id='word_1_40' title='bbox 1169 908 1208 950; x_wconf 93' lang='lat' dir='ltr'>eo</span> <span class='ocrx_word' id='word_1_41' title='bbox 1230 908 1326 970; x_wconf 91' lang='lat' dir='ltr'>quem</span> <span class='ocrx_word' id='word_1_42' title='bbox 1348 907 1448 970; x_wconf 88' lang='lat' dir='ltr'>supra</span> 
     </span>
     <span class='ocr_line' id='line_1_6' title="bbox 154 983 1447 1074; baseline -0.002 -20"><span class='ocrx_word' id='word_1_43' title='bbox 154 983 309 1054; x_wconf 81' lang='lat' dir='ltr'>indicavi.</span> <span class='ocrx_word' id='word_1_44' title='bbox 340 1011 382 1052; x_wconf 85' lang='lat' dir='ltr'>ex</span> <span class='ocrx_word' id='word_1_45' title='bbox 403 988 560 1054; x_wconf 89' lang='lat' dir='ltr'>Leidensi</span> <span class='ocrx_word' id='word_1_46' title='bbox 583 987 696 1052; x_wconf 89' lang='lat' dir='ltr'>codice</span> <span class='ocrx_word' id='word_1_47' title='bbox 718 987 879 1074; x_wconf 82' lang='lat' dir='ltr'><strong>quaedam</strong></span> <span class='ocrx_word' id='word_1_48' title='bbox 902 985 1091 1052; x_wconf 80' lang='lat' dir='ltr'>emendavit</span> <span class='ocrx_word' id='word_1_49' title='bbox 1111 986 1147 1050; x_wconf 91' lang='lat' dir='ltr'>P.</span> <span class='ocrx_word' id='word_1_50' title='bbox 1164 985 1353 1051; x_wconf 87' lang='lat' dir='ltr'>Bondamus</span> <span class='ocrx_word' id='word_1_51' title='bbox 1376 1009 1447 1052; x_wconf 86' lang='lat' dir='ltr'>var.</span> 
     </span>
    </p>
   </div>
   <div class='ocr_carea' id='block_1_3' title="bbox 153 1157 1493 5007">
    <p class='ocr_par' dir='ltr' id='par_1_3' title="bbox 153 1157 1493 4935">
     <span class='ocr_line' id='line_1_7' title="bbox 238 1157 1448 1222; baseline -0.002 -13"><span class='ocrx_word' id='word_1_52' title='bbox 238 1157 262 1222; x_wconf 85' lang='grc'>*)</span> <span class='ocrx_word' id='word_1_53' title='bbox 287 1160 367 1209; x_wconf 87' lang='lat' dir='ltr'>Libri</span> <span class='ocrx_word' id='word_1_54' title='bbox 391 1176 407 1210; x_wconf 92' lang='lat' dir='ltr'>a</span> <span class='ocrx_word' id='word_1_55' title='bbox 431 1159 564 1216; x_wconf 87' lang='lat' dir='ltr'>Sichardo</span> <span class='ocrx_word' id='word_1_56' title='bbox 589 1159 655 1210; x_wconf 89' lang='lat' dir='ltr'>editi</span> <span class='ocrx_word' id='word_1_57' title='bbox 678 1160 724 1209; x_wconf 94' lang='lat' dir='ltr'>hic</span> <span class='ocrx_word' id='word_1_58' title='bbox 744 1164 785 1210; x_wconf 87' lang='lat' dir='ltr'>est</span> <span class='ocrx_word' id='word_1_59' title='bbox 804 1158 915 1222; x_wconf 86' lang='lat' dir='ltr'>titulus,</span> <span class='ocrx_word' id='word_1_60' title='bbox 940 1160 1136 1222; x_wconf 76' lang='lat' dir='ltr'>Disciplinarum</span> <span class='ocrx_word' id='word_1_61' title='bbox 1153 1157 1292 1208; x_wconf 78' lang='lat' dir='ltr'>liberalium</span> <span class='ocrx_word' id='word_1_62' title='bbox 1310 1158 1393 1222; x_wconf 83' lang='lat' dir='ltr'>ordis,</span> <span class='ocrx_word' id='word_1_63' title='bbox 1412 1174 1448 1208; x_wconf 75' lang='lat' dir='ltr'>ec</span> 
     </span>
     <span class='ocr_line' id='line_1_8' title="bbox 167 1243 1446 1310; baseline -0.003 -14"><span class='ocrx_word' id='word_1_64' title='bbox 167 1247 192 1296; x_wconf 91' lang='lat' dir='ltr'>P.</span> <span class='ocrx_word' id='word_1_65' title='bbox 210 1246 343 1294; x_wconf 80' lang='lat' dir='ltr'>Consentio</span> <span class='ocrx_word' id='word_1_66' title='bbox 362 1250 386 1294; x_wconf 83' lang='lat' dir='ltr'>et</span> <span class='ocrx_word' id='word_1_67' title='bbox 406 1243 503 1310; x_wconf 77' lang='lat' dir='ltr'>Magno</span> <span class='ocrx_word' id='word_1_68' title='bbox 524 1245 630 1294; x_wconf 84' lang='lat' dir='ltr'>Aurelio</span> <span class='ocrx_word' id='word_1_69' title='bbox 650 1243 814 1296; x_wconf 83' lang='lat' dir='ltr'>Cassiodoro.</span> <span class='ocrx_word' id='word_1_70' title='bbox 844 1245 886 1293; x_wconf 87' lang='lat' dir='ltr'>cui</span> <span class='ocrx_word' id='word_1_71' title='bbox 910 1245 1058 1303; x_wconf 81' lang='lat' dir='ltr'>adiecimus,</span> <span class='ocrx_word' id='word_1_72' title='bbox 1077 1245 1183 1293; x_wconf 84' lang='lat' dir='ltr'>adducti</span> <span class='ocrx_word' id='word_1_73' title='bbox 1202 1245 1344 1308; x_wconf 77' lang='lat' dir='ltr'>argumenti</span> <span class='ocrx_word' id='word_1_74' title='bbox 1361 1243 1446 1305; x_wconf 75' lang='lat' dir='ltr'>affini·</span> 
     </span>
     <span class='ocr_line' id='line_1_9' title="bbox 167 1326 1447 1392; baseline -0.002 -13"><span class='ocrx_word' id='word_1_75' title='bbox 167 1337 219 1386; x_wconf 83' lang='lat' dir='ltr'>tate,</span> <span class='ocrx_word' id='word_1_76' title='bbox 236 1330 333 1378; x_wconf 79' lang='lat' dir='ltr'>libellos</span> <span class='ocrx_word' id='word_1_77' title='bbox 354 1329 383 1377; x_wconf 87' lang='lat' dir='ltr'>L.</span> <span class='ocrx_word' id='word_1_78' title='bbox 401 1328 507 1392; x_wconf 85' lang='lat' dir='ltr'>Apuleii</span> <span class='ocrx_word' id='word_1_79' title='bbox 524 1327 705 1378; x_wconf 84' lang='lat' dir='ltr'>Madaurensia</span> <span class='ocrx_word' id='word_1_80' title='bbox 729 1331 760 1378; x_wconf 74' lang='lat' dir='ltr'>lle</span> <span class='ocrx_word' id='word_1_81' title='bbox 779 1327 928 1392; x_wconf 73' lang='lat' dir='ltr'>Syllopisno</span> <span class='ocrx_word' id='word_1_82' title='bbox 946 1328 1099 1391; x_wconf 82' lang='lat' dir='ltr'>cateporico.</span> <span class='ocrx_word' id='word_1_83' title='bbox 1136 1326 1271 1376; x_wconf 72' lang='lat' dir='ltr'>Censorini</span> <span class='ocrx_word' id='word_1_84' title='bbox 1287 1328 1318 1376; x_wconf 90' lang='lat' dir='ltr'>de</span> <span class='ocrx_word' id='word_1_85' title='bbox 1337 1327 1385 1376; x_wconf 84' lang='lat' dir='ltr'>Die</span> <span class='ocrx_word' id='word_1_86' title='bbox 1403 1344 1447 1377; x_wconf 85' lang='lat' dir='ltr'>aa·</span> 
     </span>
     <span class='ocr_line' id='line_1_10' title="bbox 167 1410 1448 1476; baseline -0.002 -12"><span class='ocrx_word' id='word_1_87' title='bbox 167 1416 212 1464; x_wconf 87' lang='lat' dir='ltr'>toli.</span> <span class='ocrx_word' id='word_1_88' title='bbox 234 1413 331 1464; x_wconf 84' lang='lat' dir='ltr'>Recens</span> <span class='ocrx_word' id='word_1_89' title='bbox 349 1429 366 1460; x_wconf 92' lang='lat' dir='ltr'>o</span> <span class='ocrx_word' id='word_1_90' title='bbox 382 1413 454 1462; x_wconf 83' lang='lat' dir='ltr'>nobis</span> <span class='ocrx_word' id='word_1_91' title='bbox 471 1411 579 1476; x_wconf 81' lang='lat' dir='ltr'>publicis</span> <span class='ocrx_word' id='word_1_92' title='bbox 597 1415 689 1462; x_wconf 83' lang='lat' dir='ltr'>studiis</span> <span class='ocrx_word' id='word_1_93' title='bbox 706 1415 806 1462; x_wconf 84' lang='lat' dir='ltr'>asserti.</span> <span class='ocrx_word' id='word_1_94' title='bbox 829 1413 973 1462; x_wconf 68' lang='lat' dir='ltr'>excutiebat</span> <span class='ocrx_word' id='word_1_95' title='bbox 990 1412 1112 1462; x_wconf 87' lang='lat' dir='ltr'>Basileae</span> <span class='ocrx_word' id='word_1_96' title='bbox 1131 1410 1206 1462; x_wconf 85' lang='lat' dir='ltr'>loca.</span> <span class='ocrx_word' id='word_1_97' title='bbox 1218 1410 1346 1469; x_wconf 73' lang='lat' dir='ltr'>necessus,</span> <span class='ocrx_word' id='word_1_98' title='bbox 1364 1426 1448 1461; x_wconf 86' lang='lat' dir='ltr'>mense</span> 
     </span>
     <span class='ocr_line' id='line_1_11' title="bbox 166 1495 1448 1562; baseline 0 -16"><span class='ocrx_word' id='word_1_99' title='bbox 166 1499 272 1562; x_wconf 77' lang='lat' dir='ltr'>Augusto</span> <span class='ocrx_word' id='word_1_100' title='bbox 291 1513 358 1546; x_wconf 87' lang='lat' dir='ltr'>anno</span> <span class='ocrx_word' id='word_1_101' title='bbox 377 1497 522 1546; x_wconf 75' lang='lat' dir='ltr'><em>XXVIII.</em></span> <span class='ocrx_word' id='word_1_102' title='bbox 549 1513 601 1546; x_wconf 75' lang='lat' dir='ltr'>cram</span> <span class='ocrx_word' id='word_1_103' title='bbox 623 1499 710 1562; x_wconf 80' lang='lat' dir='ltr'>pratia</span> <span class='ocrx_word' id='word_1_104' title='bbox 728 1505 754 1546; x_wconf 85' lang='lat' dir='ltr'>ct</span> <span class='ocrx_word' id='word_1_105' title='bbox 771 1498 915 1561; x_wconf 67' lang='lat' dir='ltr'>priuilegio.</span> <span class='ocrx_word' id='word_1_106' title='bbox 939 1523 971 1532; x_wconf 90' lang='lat'><em>-</em></span> <span class='ocrx_word' id='word_1_107' title='bbox 994 1495 1116 1546; x_wconf 86' lang='lat' dir='ltr'>Basilece</span> <span class='ocrx_word' id='word_1_108' title='bbox 1132 1511 1183 1559; x_wconf 91' lang='lat' dir='ltr'>per</span> <span class='ocrx_word' id='word_1_109' title='bbox 1198 1495 1240 1544; x_wconf 90' lang='lat' dir='ltr'>Io.</span> <span class='ocrx_word' id='word_1_110' title='bbox 1258 1495 1347 1544; x_wconf 84' lang='lat' dir='ltr'>Bedel.</span> <span class='ocrx_word' id='word_1_111' title='bbox 1365 1511 1448 1546; x_wconf 86' lang='lat' dir='ltr'>mense</span> 
     </span>
     <span class='ocr_line' id='line_1_12' title="bbox 166 1576 1448 1648; baseline -0.001 -18"><span class='ocrx_word' id='word_1_112' title='bbox 166 1584 270 1646; x_wconf 77' lang='lat' dir='ltr'>Augusto</span> <span class='ocrx_word' id='word_1_113' title='bbox 288 1597 330 1632; x_wconf 88' lang='lat' dir='ltr'>an.</span> <span class='ocrx_word' id='word_1_114' title='bbox 342 1581 541 1630; x_wconf 80' lang='lat' dir='ltr'><em>MDXXVIII.</em></span> <span class='ocrx_word' id='word_1_115' title='bbox 562 1582 686 1630; x_wconf 88' lang='lat' dir='ltr'>continet</span> <span class='ocrx_word' id='word_1_116' title='bbox 704 1585 796 1630; x_wconf 88' lang='lat' dir='ltr'>autem</span> <span class='ocrx_word' id='word_1_117' title='bbox 814 1582 930 1648; x_wconf 85' lang='lat' dir='ltr'>primum</span> <span class='ocrx_word' id='word_1_118' title='bbox 948 1580 1158 1645; x_wconf 82' lang='lat' dir='ltr'>grammaticam</span> <span class='ocrx_word' id='word_1_119' title='bbox 1176 1576 1330 1639; x_wconf 67' lang='lat' dir='ltr'>censendi,</span> <span class='ocrx_word' id='word_1_120' title='bbox 1348 1579 1448 1629; x_wconf 90' lang='lat' dir='ltr'>deinde</span> 
     </span>
     <span class='ocr_line' id='line_1_13' title="bbox 167 1662 1447 1730; baseline -0.002 -16"><span class='ocrx_word' id='word_1_121' title='bbox 167 1665 318 1730; x_wconf 86' lang='lat' dir='ltr'>compendia</span> <span class='ocrx_word' id='word_1_122' title='bbox 340 1665 496 1715; x_wconf 75' lang='lat' dir='ltr'>rhetoricae</span> <span class='ocrx_word' id='word_1_123' title='bbox 519 1663 685 1715; x_wconf 74' lang='lat' dir='ltr'>dialecticae</span> <span class='ocrx_word' id='word_1_124' title='bbox 709 1665 901 1714; x_wconf 82' lang='lat' dir='ltr'>arithmeticae</span> <span class='ocrx_word' id='word_1_125' title='bbox 925 1664 1048 1714; x_wconf 90' lang='lat' dir='ltr'>musicae</span> <span class='ocrx_word' id='word_1_126' title='bbox 1072 1662 1240 1728; x_wconf 78' lang='lat' dir='ltr'>geometriae</span> <span class='ocrx_word' id='word_1_127' title='bbox 1264 1663 1447 1712; x_wconf 72' lang='lat' dir='ltr'>astronomiae</span> 
     </span>
     <span class='ocr_line' id='line_1_14' title="bbox 167 1745 1447 1814; baseline -0.003 -15"><span class='ocrx_word' id='word_1_128' title='bbox 167 1765 196 1799; x_wconf 87' lang='lat' dir='ltr'>ex</span> <span class='ocrx_word' id='word_1_129' title='bbox 212 1747 374 1799; x_wconf 73' lang='lat' dir='ltr'>cassiodoro</span> <span class='ocrx_word' id='word_1_130' title='bbox 395 1753 422 1798; x_wconf 88' lang='lat' dir='ltr'>et</span> <span class='ocrx_word' id='word_1_131' title='bbox 439 1749 630 1814; x_wconf 88' lang='lat' dir='ltr'>interpositum</span> <span class='ocrx_word' id='word_1_132' title='bbox 650 1747 809 1813; x_wconf 88' lang='lat' dir='ltr'>compendio</span> <span class='ocrx_word' id='word_1_133' title='bbox 828 1747 996 1798; x_wconf 84' lang='lat' dir='ltr'>dialecticae</span> <span class='ocrx_word' id='word_1_134' title='bbox 1014 1747 1114 1797; x_wconf 86' lang='lat' dir='ltr'>librum</span> <span class='ocrx_word' id='word_1_135' title='bbox 1132 1745 1252 1811; x_wconf 76' lang='lat' dir='ltr'>Apnlefi,</span> <span class='ocrx_word' id='word_1_136' title='bbox 1271 1761 1350 1810; x_wconf 88' lang='lat' dir='ltr'>quem</span> <span class='ocrx_word' id='word_1_137' title='bbox 1367 1761 1447 1810; x_wconf 86' lang='lat' dir='ltr'>eupe-</span> 
     </span>
     <span class='ocr_line' id='line_1_15' title="bbox 167 1829 1448 1898; baseline -0.002 -16"><span class='ocrx_word' id='word_1_138' title='bbox 167 1835 231 1883; x_wconf 89' lang='lat' dir='ltr'>riore</span> <span class='ocrx_word' id='word_1_139' title='bbox 251 1847 321 1883; x_wconf 85' lang='lat' dir='ltr'>anno</span> <span class='ocrx_word' id='word_1_140' title='bbox 345 1849 379 1882; x_wconf 82' lang='lat' dir='ltr'>ex</span> <span class='ocrx_word' id='word_1_141' title='bbox 402 1833 573 1884; x_wconf 86' lang='lat' dir='ltr'>bibliotheca</span> <span class='ocrx_word' id='word_1_142' title='bbox 591 1832 800 1884; x_wconf 81' lang='lat' dir='ltr'>Heresieldenei</span> <span class='ocrx_word' id='word_1_143' title='bbox 818 1849 848 1882; x_wconf 90' lang='lat' dir='ltr'>se</span> <span class='ocrx_word' id='word_1_144' title='bbox 867 1833 1049 1898; x_wconf 71' lang='lat' dir='ltr'>descripsisse</span> <span class='ocrx_word' id='word_1_145' title='bbox 1068 1832 1110 1881; x_wconf 89' lang='lat' dir='ltr'>ait</span> <span class='ocrx_word' id='word_1_146' title='bbox 1127 1829 1289 1894; x_wconf 83' lang='lat' dir='ltr'>Sicbardus,</span> <span class='ocrx_word' id='word_1_147' title='bbox 1310 1833 1448 1895; x_wconf 86' lang='lat' dir='ltr'>postremo</span> 
     </span>
     <span class='ocr_line' id='line_1_16' title="bbox 166 1913 1474 1982; baseline -0.002 -16"><span class='ocrx_word' id='word_1_148' title='bbox 166 1917 303 1968; x_wconf 82' lang='lat' dir='ltr'>Censorini</span> <span class='ocrx_word' id='word_1_149' title='bbox 326 1917 426 1968; x_wconf 87' lang='lat' dir='ltr'>librum</span> <span class='ocrx_word' id='word_1_150' title='bbox 451 1917 484 1967; x_wconf 90' lang='lat' dir='ltr'>de</span> <span class='ocrx_word' id='word_1_151' title='bbox 508 1917 551 1968; x_wconf 92' lang='lat' dir='ltr'>die</span> <span class='ocrx_word' id='word_1_152' title='bbox 575 1917 671 1971; x_wconf 89' lang='lat' dir='ltr'>natali.</span> <span class='ocrx_word' id='word_1_153' title='bbox 708 1934 741 1968; x_wconf 85' lang='lat' dir='ltr'>ex</span> <span class='ocrx_word' id='word_1_154' title='bbox 760 1917 905 1968; x_wconf 80' lang='lat' dir='ltr'>Consentii</span> <span class='ocrx_word' id='word_1_155' title='bbox 923 1917 1007 1982; x_wconf 90' lang='lat' dir='ltr'>igitur</span> <span class='ocrx_word' id='word_1_156' title='bbox 1024 1915 1095 1966; x_wconf 90' lang='lat' dir='ltr'>libro</span> <span class='ocrx_word' id='word_1_157' title='bbox 1113 1917 1140 1964; x_wconf 89' lang='lat' dir='ltr'>in</span> <span class='ocrx_word' id='word_1_158' title='bbox 1159 1916 1249 1980; x_wconf 88' lang='lat' dir='ltr'>priore</span> <span class='ocrx_word' id='word_1_159' title='bbox 1267 1918 1346 1980; x_wconf 84' lang='lat' dir='ltr'>parte</span> <span class='ocrx_word' id='word_1_160' title='bbox 1364 1913 1449 1979; x_wconf 87' lang='lat' dir='ltr'>pluri·</span> <span class='ocrx_word' id='word_1_161' title='bbox 1472 1943 1474 1947; x_wconf 94' lang='lat'>·</span> 
     </span>
     <span class='ocr_line' id='line_1_17' title="bbox 166 1999 1449 2066; baseline -0.003 -14"><span class='ocrx_word' id='word_1_162' title='bbox 166 2003 211 2052; x_wconf 87' lang='lat' dir='ltr'>hus</span> <span class='ocrx_word' id='word_1_163' title='bbox 228 2001 296 2052; x_wconf 87' lang='lat' dir='ltr'>locis</span> <span class='ocrx_word' id='word_1_164' title='bbox 315 2001 459 2052; x_wconf 88' lang='lat' dir='ltr'>decurtato</span> <span class='ocrx_word' id='word_1_165' title='bbox 479 2003 604 2053; x_wconf 83' lang='lat' dir='ltr'>exhibita</span> <span class='ocrx_word' id='word_1_166' title='bbox 623 2006 687 2052; x_wconf 88' lang='lat' dir='ltr'>sant</span> <span class='ocrx_word' id='word_1_167' title='bbox 704 2002 786 2063; x_wconf 86' lang='lat' dir='ltr'>haec,</span> <span class='ocrx_word' id='word_1_168' title='bbox 806 2017 833 2066; x_wconf 88' lang='lat' dir='ltr'>p.</span> <span class='ocrx_word' id='word_1_169' title='bbox 853 2002 918 2050; x_wconf 83' lang='grc'><strong>2017</strong></span> <span class='ocrx_word' id='word_1_170' title='bbox 937 2001 1034 2050; x_wconf 88' lang='lat' dir='ltr'>Partes</span> <span class='ocrx_word' id='word_1_171' title='bbox 1051 2027 1084 2036; x_wconf 91' lang='lat'>-</span> <span class='ocrx_word' id='word_1_172' title='bbox 1101 2001 1168 2051; x_wconf 83' lang='grc'><strong>2022</strong></span> <span class='ocrx_word' id='word_1_173' title='bbox 1186 2008 1213 2048; x_wconf 84' lang='lat' dir='ltr'>ut</span> <span class='ocrx_word' id='word_1_174' title='bbox 1230 2001 1388 2058; x_wconf 66' lang='lat' dir='ltr'>acuamus,</span> <span class='ocrx_word' id='word_1_175' title='bbox 1407 1999 1449 2048; x_wconf 90' lang='lat' dir='ltr'>in·</span> 
     </span>
     <span class='ocr_line' id='line_1_18' title="bbox 164 2083 1493 2152; baseline -0.002 -16"><span class='ocrx_word' id='word_1_176' title='bbox 164 2086 296 2150; x_wconf 84' lang='lat' dir='ltr'>terpositie</span> <span class='ocrx_word' id='word_1_177' title='bbox 313 2086 410 2152; x_wconf 86' lang='lat' dir='ltr'>paucis</span> <span class='ocrx_word' id='word_1_178' title='bbox 434 2085 466 2135; x_wconf 90' lang='lat' dir='ltr'>dc</span> <span class='ocrx_word' id='word_1_179' title='bbox 491 2101 591 2150; x_wconf 86' lang='lat' dir='ltr'>genere</span> <span class='ocrx_word' id='word_1_180' title='bbox 612 2091 639 2136; x_wconf 90' lang='lat' dir='ltr'>et</span> <span class='ocrx_word' id='word_1_181' title='bbox 657 2087 776 2136; x_wconf 88' lang='lat' dir='ltr'>numeris</span> <span class='ocrx_word' id='word_1_182' title='bbox 804 2091 831 2136; x_wconf 90' lang='lat' dir='ltr'>et</span> <span class='ocrx_word' id='word_1_183' title='bbox 850 2085 938 2150; x_wconf 85' lang='lat' dir='ltr'>figura</span> <span class='ocrx_word' id='word_1_184' title='bbox 957 2090 985 2134; x_wconf 90' lang='lat' dir='ltr'>et</span> <span class='ocrx_word' id='word_1_185' title='bbox 1004 2085 1115 2134; x_wconf 84' lang='lat' dir='ltr'>casibus</span> <span class='ocrx_word' id='word_1_186' title='bbox 1133 2083 1271 2134; x_wconf 90' lang='lat' dir='ltr'>nominum</span> <span class='ocrx_word' id='word_1_187' title='bbox 1288 2099 1315 2148; x_wconf 87' lang='lat' dir='ltr'>p.</span> <span class='ocrx_word' id='word_1_188' title='bbox 1333 2085 1400 2134; x_wconf 89' lang='grc'><strong>2033</strong></span> <span class='ocrx_word' id='word_1_189' title='bbox 1417 2086 1450 2134; x_wconf 85' lang='lat' dir='ltr'>de</span> <span class='ocrx_word' id='word_1_190' title='bbox 1482 2109 1493 2124; x_wconf 55' lang='lat' dir='ltr'>x</span> 
     </span>
     <span class='ocr_line' id='line_1_19' title="bbox 164 2167 1449 2235; baseline -0.002 -16"><span class='ocrx_word' id='word_1_191' title='bbox 164 2172 248 2220; x_wconf 75' lang='lat' dir='ltr'>ordisse</span> <span class='ocrx_word' id='word_1_192' title='bbox 265 2177 345 2220; x_wconf 84' lang='lat' dir='ltr'>autern</span> <span class='ocrx_word' id='word_1_193' title='bbox 364 2185 463 2219; x_wconf 83' lang='lat' dir='ltr'>casawa</span> <span class='ocrx_word' id='word_1_194' title='bbox 487 2197 519 2206; x_wconf 93' lang='lat'><em>-</em></span> <span class='ocrx_word' id='word_1_195' title='bbox 542 2173 609 2222; x_wconf 88' lang='grc'><strong>2035</strong></span> <span class='ocrx_word' id='word_1_196' title='bbox 626 2168 713 2235; x_wconf 79' lang='lat' dir='ltr'>plures</span> <span class='ocrx_word' id='word_1_197' title='bbox 731 2185 804 2220; x_wconf 87' lang='lat' dir='ltr'>casus</span> <span class='ocrx_word' id='word_1_198' title='bbox 823 2171 954 2232; x_wconf 82' lang='lat' dir='ltr'>deficiant,</span> <span class='ocrx_word' id='word_1_199' title='bbox 977 2171 1044 2218; x_wconf 86' lang='grc'><strong>2035</strong></span> <span class='ocrx_word' id='word_1_200' title='bbox 1062 2185 1127 2218; x_wconf 88' lang='lat' dir='ltr'>nunc</span> <span class='ocrx_word' id='word_1_201' title='bbox 1145 2170 1177 2218; x_wconf 84' lang='lat' dir='ltr'>de</span> <span class='ocrx_word' id='word_1_202' title='bbox 1194 2169 1314 2231; x_wconf 68' lang='lat' dir='ltr'>analogio</span> <span class='ocrx_word' id='word_1_203' title='bbox 1335 2192 1364 2202; x_wconf 91' lang='lat'><em>-</em></span> <span class='ocrx_word' id='word_1_204' title='bbox 1382 2167 1449 2217; x_wconf 86' lang='grc'><strong>2038</strong></span> 
     </span>
     <span class='ocr_line' id='line_1_20' title="bbox 163 2252 1449 2319; baseline -0.003 -16"><span class='ocrx_word' id='word_1_205' title='bbox 163 2269 243 2318; x_wconf 90' lang='lat' dir='ltr'>puppe</span> <span class='ocrx_word' id='word_1_206' title='bbox 260 2255 390 2318; x_wconf 72' lang='lat' dir='ltr'>magiam,</span> <span class='ocrx_word' id='word_1_207' title='bbox 409 2255 473 2304; x_wconf 84' lang='grc'><strong>2041</strong></span> <span class='ocrx_word' id='word_1_208' title='bbox 493 2255 624 2304; x_wconf 79' lang='lat' dir='ltr'>ordianarr</span> <span class='ocrx_word' id='word_1_209' title='bbox 642 2269 703 2319; x_wconf 81' lang='lat' dir='ltr'>erpo</span> <span class='ocrx_word' id='word_1_210' title='bbox 722 2282 752 2291; x_wconf 90' lang='lat'>-</span> <span class='ocrx_word' id='word_1_211' title='bbox 771 2255 838 2303; x_wconf 91' lang='grc'><strong>2042</strong></span> <span class='ocrx_word' id='word_1_212' title='bbox 856 2254 932 2302; x_wconf 83' lang='lat' dir='ltr'>aliter</span> <span class='ocrx_word' id='word_1_213' title='bbox 950 2255 1079 2308; x_wconf 76' lang='lat' dir='ltr'>esconium.</span> <span class='ocrx_word' id='word_1_214' title='bbox 1103 2254 1170 2302; x_wconf 88' lang='grc'><strong>2043</strong></span> <span class='ocrx_word' id='word_1_215' title='bbox 1188 2253 1298 2302; x_wconf 75' lang='lat' dir='ltr'>diximus</span> <span class='ocrx_word' id='word_1_216' title='bbox 1313 2252 1449 2316; x_wconf 78' lang='lat' dir='ltr'>penitiuurn</span> 
     </span>
     <span class='ocr_line' id='line_1_21' title="bbox 165 2336 1448 2402; baseline -0.002 -16"><span class='ocrx_word' id='word_1_217' title='bbox 165 2365 194 2372; x_wconf 98' lang='lat'>-</span> <span class='ocrx_word' id='word_1_218' title='bbox 209 2353 269 2386; x_wconf 76' lang='lat' dir='ltr'>asra</span> <span class='ocrx_word' id='word_1_219' title='bbox 286 2339 378 2401; x_wconf 87' lang='lat' dir='ltr'>peculi,</span> <span class='ocrx_word' id='word_1_220' title='bbox 397 2339 463 2387; x_wconf 87' lang='grc'><strong>2047</strong></span> <span class='ocrx_word' id='word_1_221' title='bbox 482 2339 514 2388; x_wconf 86' lang='lat' dir='ltr'>de</span> <span class='ocrx_word' id='word_1_222' title='bbox 532 2341 695 2389; x_wconf 82' lang='lat' dir='ltr'>incrementis</span> <span class='ocrx_word' id='word_1_223' title='bbox 711 2338 865 2402; x_wconf 72' lang='lat' dir='ltr'>syllaborwa</span> <span class='ocrx_word' id='word_1_224' title='bbox 882 2363 917 2373; x_wconf 90' lang='lat'>—-</span> <span class='ocrx_word' id='word_1_225' title='bbox 934 2338 1021 2388; x_wconf 72' lang='lat' dir='ltr'>horren</span> <span class='ocrx_word' id='word_1_226' title='bbox 1039 2338 1180 2393; x_wconf 84' lang='lat' dir='ltr'>doctorron,</span> <span class='ocrx_word' id='word_1_227' title='bbox 1198 2336 1266 2385; x_wconf 84' lang='grc'><strong>2048</strong></span> <span class='ocrx_word' id='word_1_228' title='bbox 1284 2351 1348 2385; x_wconf 85' lang='lat' dir='ltr'>nunc</span> <span class='ocrx_word' id='word_1_229' title='bbox 1365 2351 1448 2400; x_wconf 86' lang='lat' dir='ltr'>quern·</span> 
     </span>
     <span class='ocr_line' id='line_1_22' title="bbox 164 2419 1449 2486; baseline -0.002 -14"><span class='ocrx_word' id='word_1_230' title='bbox 164 2423 287 2472; x_wconf 75' lang='lat' dir='ltr'>cdnsodm</span> <span class='ocrx_word' id='word_1_231' title='bbox 310 2447 341 2458; x_wconf 88' lang='lat'><em>-</em></span> <span class='ocrx_word' id='word_1_232' title='bbox 363 2423 506 2486; x_wconf 68' lang='lat' dir='ltr'>monimum</span> <span class='ocrx_word' id='word_1_233' title='bbox 523 2430 575 2482; x_wconf 85' lang='lat' dir='ltr'>est,</span> <span class='ocrx_word' id='word_1_234' title='bbox 594 2423 632 2476; x_wconf 92' lang='lat' dir='ltr'>ib.</span> <span class='ocrx_word' id='word_1_235' title='bbox 648 2424 696 2474; x_wconf 85' lang='lat' dir='ltr'>sed</span> <span class='ocrx_word' id='word_1_236' title='bbox 712 2426 738 2471; x_wconf 86' lang='lat' dir='ltr'>in</span> <span class='ocrx_word' id='word_1_237' title='bbox 755 2423 795 2472; x_wconf 81' lang='lat' dir='ltr'>tis</span> <span class='ocrx_word' id='word_1_238' title='bbox 812 2425 894 2472; x_wconf 85' lang='lat' dir='ltr'>maior</span> <span class='ocrx_word' id='word_1_239' title='bbox 912 2449 943 2458; x_wconf 88' lang='lat'><em>-</em></span> <span class='ocrx_word' id='word_1_240' title='bbox 961 2429 990 2470; x_wconf 86' lang='lat' dir='ltr'>st</span> <span class='ocrx_word' id='word_1_241' title='bbox 1006 2428 1044 2471; x_wconf 88' lang='lat' dir='ltr'>est</span> <span class='ocrx_word' id='word_1_242' title='bbox 1059 2436 1158 2486; x_wconf 61' lang='lat' dir='ltr'>param</span> <span class='ocrx_word' id='word_1_243' title='bbox 1177 2421 1245 2470; x_wconf 91' lang='grc'><strong>2050</strong></span> <span class='ocrx_word' id='word_1_244' title='bbox 1262 2421 1302 2470; x_wconf 86' lang='lat' dir='ltr'>De</span> <span class='ocrx_word' id='word_1_245' title='bbox 1320 2419 1397 2470; x_wconf 81' lang='lat' dir='ltr'>aerbo</span> <span class='ocrx_word' id='word_1_246' title='bbox 1414 2445 1449 2454; x_wconf 88' lang='lat'><em>-</em></span> 
     </span>
     <span class='ocr_line' id='line_1_23' title="bbox 163 2503 1448 2570; baseline -0.003 -14"><span class='ocrx_word' id='word_1_247' title='bbox 163 2507 224 2556; x_wconf 85' lang='grc'><strong>2073</strong></span> <span class='ocrx_word' id='word_1_248' title='bbox 241 2514 269 2554; x_wconf 82' lang='lat' dir='ltr'>at</span> <span class='ocrx_word' id='word_1_249' title='bbox 285 2507 440 2556; x_wconf 70' lang='lat' dir='ltr'>transcursis</span> <span class='ocrx_word' id='word_1_250' title='bbox 458 2505 586 2568; x_wconf 85' lang='lat' dir='ltr'>adeuntis,</span> <span class='ocrx_word' id='word_1_251' title='bbox 611 2508 678 2558; x_wconf 88' lang='grc'><strong>2074</strong></span> <span class='ocrx_word' id='word_1_252' title='bbox 695 2514 777 2558; x_wconf 80' lang='lat' dir='ltr'>restat</span> <span class='ocrx_word' id='word_1_253' title='bbox 794 2523 859 2556; x_wconf 86' lang='lat' dir='ltr'>nunc</span> <span class='ocrx_word' id='word_1_254' title='bbox 877 2532 910 2542; x_wconf 96' lang='lat'><em>-</em></span> <span class='ocrx_word' id='word_1_255' title='bbox 926 2507 1021 2568; x_wconf 70' lang='lat' dir='ltr'>sontes.</span> <span class='ocrx_word' id='word_1_256' title='bbox 1046 2505 1185 2570; x_wconf 88' lang='lat' dir='ltr'>scriptura</span> <span class='ocrx_word' id='word_1_257' title='bbox 1208 2509 1301 2554; x_wconf 89' lang='lat' dir='ltr'>autem</span> <span class='ocrx_word' id='word_1_258' title='bbox 1319 2503 1448 2554; x_wconf 87' lang='lat' dir='ltr'>editionis</span> 
     </span>
     <span class='ocr_line' id='line_1_24' title="bbox 163 2588 1449 2655; baseline 0 -17"><span class='ocrx_word' id='word_1_259' title='bbox 163 2588 316 2655; x_wconf 87' lang='lat' dir='ltr'>plerumque</span> <span class='ocrx_word' id='word_1_260' title='bbox 335 2589 381 2640; x_wconf 84' lang='lat' dir='ltr'>vel</span> <span class='ocrx_word' id='word_1_261' title='bbox 400 2605 460 2639; x_wconf 88' lang='lat' dir='ltr'>cum</span> <span class='ocrx_word' id='word_1_262' title='bbox 478 2590 610 2640; x_wconf 86' lang='lat' dir='ltr'>Leidensi</span> <span class='ocrx_word' id='word_1_263' title='bbox 627 2589 672 2642; x_wconf 82' lang='lat' dir='ltr'>vel</span> <span class='ocrx_word' id='word_1_264' title='bbox 691 2607 752 2640; x_wconf 89' lang='lat' dir='ltr'>cum</span> <span class='ocrx_word' id='word_1_265' title='bbox 770 2591 905 2641; x_wconf 81' lang='lat' dir='ltr'>Bemensi</span> <span class='ocrx_word' id='word_1_266' title='bbox 926 2589 1022 2639; x_wconf 90' lang='lat' dir='ltr'>codice</span> <span class='ocrx_word' id='word_1_267' title='bbox 1040 2591 1186 2641; x_wconf 84' lang='lat' dir='ltr'>consentit.</span> <span class='ocrx_word' id='word_1_268' title='bbox 1222 2604 1287 2638; x_wconf 88' lang='lat' dir='ltr'>nam</span> <span class='ocrx_word' id='word_1_269' title='bbox 1305 2603 1365 2637; x_wconf 89' lang='lat' dir='ltr'>cum</span> <span class='ocrx_word' id='word_1_270' title='bbox 1382 2588 1449 2638; x_wconf 87' lang='lat' dir='ltr'>Ber·</span> 
     </span>
     <span class='ocr_line' id='line_1_25' title="bbox 162 2672 1450 2738; baseline -0.006 -10"><span class='ocrx_word' id='word_1_271' title='bbox 162 2675 246 2736; x_wconf 77' lang='lat' dir='ltr'>nansi,</span> <span class='ocrx_word' id='word_1_272' title='bbox 264 2679 295 2724; x_wconf 89' lang='lat' dir='ltr'>ut</span> <span class='ocrx_word' id='word_1_273' title='bbox 312 2673 419 2724; x_wconf 88' lang='lat' dir='ltr'>leviora</span> <span class='ocrx_word' id='word_1_274' title='bbox 437 2675 572 2738; x_wconf 82' lang='lat' dir='ltr'>omittam,</span> <span class='ocrx_word' id='word_1_275' title='bbox 593 2676 732 2726; x_wconf 87' lang='lat' dir='ltr'>consentit</span> <span class='ocrx_word' id='word_1_276' title='bbox 750 2674 784 2724; x_wconf 91' lang='lat' dir='ltr'>de</span> <span class='ocrx_word' id='word_1_277' title='bbox 803 2675 912 2726; x_wconf 89' lang='lat' dir='ltr'>nomine</span> <span class='ocrx_word' id='word_1_278' title='bbox 926 2673 1016 2735; x_wconf 85' lang='lat' dir='ltr'>Probi,</span> <span class='ocrx_word' id='word_1_279' title='bbox 1037 2673 1106 2737; x_wconf 91' lang='lat' dir='ltr'>quod</span> <span class='ocrx_word' id='word_1_280' title='bbox 1124 2688 1179 2722; x_wconf 90' lang='lat' dir='ltr'>nnn</span> <span class='ocrx_word' id='word_1_281' title='bbox 1192 2672 1276 2723; x_wconf 86' lang='lat' dir='ltr'>estin</span> <span class='ocrx_word' id='word_1_282' title='bbox 1288 2672 1450 2722; x_wconf 85' lang='lat' dir='ltr'>Monacensi</span> 
     </span>
     <span class='ocr_line' id='line_1_26' title="bbox 163 2757 1450 2825; baseline -0.002 -18"><span class='ocrx_word' id='word_1_283' title='bbox 163 2761 189 2807; x_wconf 87' lang='lat' dir='ltr'>ct</span> <span class='ocrx_word' id='word_1_284' title='bbox 204 2758 350 2821; x_wconf 84' lang='lat' dir='ltr'>Leidensi‚</span> <span class='ocrx_word' id='word_1_285' title='bbox 373 2773 399 2824; x_wconf 89' lang='lat' dir='ltr'>p.</span> <span class='ocrx_word' id='word_1_286' title='bbox 418 2759 483 2809; x_wconf 88' lang='grc'><strong>2051</strong></span> <span class='ocrx_word' id='word_1_287' title='bbox 507 2761 566 2809; x_wconf 87' lang='lat' dir='ltr'>item</span> <span class='ocrx_word' id='word_1_288' title='bbox 589 2761 712 2825; x_wconf 78' lang='lat' dir='ltr'>quaedmn</span> <span class='ocrx_word' id='word_1_289' title='bbox 735 2759 815 2810; x_wconf 83' lang='lat' dir='ltr'>aerbo</span> <span class='ocrx_word' id='word_1_290' title='bbox 832 2768 903 2823; x_wconf 83' lang='lat' dir='ltr'>sunt,</span> <span class='ocrx_word' id='word_1_291' title='bbox 921 2768 949 2811; x_wconf 87' lang='lat' dir='ltr'>ut</span> <span class='ocrx_word' id='word_1_292' title='bbox 966 2760 1003 2809; x_wconf 88' lang='lat' dir='ltr'>ait</span> <span class='ocrx_word' id='word_1_293' title='bbox 1021 2757 1133 2821; x_wconf 80' lang='lat' dir='ltr'>Probus,</span> <span class='ocrx_word' id='word_1_294' title='bbox 1153 2773 1218 2823; x_wconf 82' lang='lat' dir='ltr'>quae</span> <span class='ocrx_word' id='word_1_295' title='bbox 1235 2764 1350 2807; x_wconf 65' lang='lat' dir='ltr'>enema.</span> <span class='ocrx_word' id='word_1_296' title='bbox 1384 2757 1450 2806; x_wconf 82' lang='lat' dir='ltr'>Lei·</span> 
     </span>
     <span class='ocr_line' id='line_1_27' title="bbox 161 2841 1451 2909; baseline -0.002 -17"><span class='ocrx_word' id='word_1_297' title='bbox 161 2843 269 2893; x_wconf 87' lang='lat' dir='ltr'>densem</span> <span class='ocrx_word' id='word_1_298' title='bbox 287 2849 378 2893; x_wconf 84' lang='lat' dir='ltr'>nutem</span> <span class='ocrx_word' id='word_1_299' title='bbox 397 2858 481 2909; x_wconf 87' lang='lat' dir='ltr'>saepe</span> <span class='ocrx_word' id='word_1_300' title='bbox 495 2845 622 2907; x_wconf 86' lang='lat' dir='ltr'>sequitur</span> <span class='ocrx_word' id='word_1_301' title='bbox 635 2845 866 2895; x_wconf 87' lang='lat' dir='ltr'>dissentientibus</span> <span class='ocrx_word' id='word_1_302' title='bbox 884 2844 1008 2907; x_wconf 84' lang='lat' dir='ltr'>reliquis,</span> <span class='ocrx_word' id='word_1_303' title='bbox 1026 2846 1058 2891; x_wconf 84' lang='lat' dir='ltr'>ut</span> <span class='ocrx_word' id='word_1_304' title='bbox 1074 2858 1102 2906; x_wconf 88' lang='lat' dir='ltr'>p.</span> <span class='ocrx_word' id='word_1_305' title='bbox 1113 2843 1180 2891; x_wconf 86' lang='grc'><strong>2022</strong></span> <span class='ocrx_word' id='word_1_306' title='bbox 1198 2856 1277 2905; x_wconf 85' lang='lat' dir='ltr'>nepos</span> <span class='ocrx_word' id='word_1_307' title='bbox 1294 2843 1365 2891; x_wconf 82' lang='lat' dir='ltr'>acies</span> <span class='ocrx_word' id='word_1_308' title='bbox 1381 2841 1451 2889; x_wconf 86' lang='lat' dir='ltr'>aries</span> 
     </span>
     <span class='ocr_line' id='line_1_28' title="bbox 161 2925 1451 2993; baseline -0.001 -18"><span class='ocrx_word' id='word_1_309' title='bbox 161 2926 205 2977; x_wconf 86' lang='lat' dir='ltr'>LS</span> <span class='ocrx_word' id='word_1_310' title='bbox 223 2927 262 2991; x_wconf 91' lang='lat' dir='ltr'>(b.</span> <span class='ocrx_word' id='word_1_311' title='bbox 282 2945 305 2977; x_wconf 91' lang='lat' dir='ltr'>e.</span> <span class='ocrx_word' id='word_1_312' title='bbox 325 2927 411 2977; x_wconf 88' lang='lat' dir='ltr'>editio</span> <span class='ocrx_word' id='word_1_313' title='bbox 430 2927 582 2993; x_wconf 81' lang='lat' dir='ltr'>sichardi),</span> <span class='ocrx_word' id='word_1_314' title='bbox 601 2932 671 2980; x_wconf 87' lang='lat' dir='ltr'>aries</span> <span class='ocrx_word' id='word_1_315' title='bbox 690 2945 741 2983; x_wconf 85' lang='lat' dir='ltr'>om.</span> <span class='ocrx_word' id='word_1_316' title='bbox 761 2930 830 2979; x_wconf 89' lang='lat' dir='ltr'>BM:</span> <span class='ocrx_word' id='word_1_317' title='bbox 849 2929 917 2978; x_wconf 88' lang='grc'><strong>2037</strong></span> <span class='ocrx_word' id='word_1_318' title='bbox 934 2930 1024 2978; x_wconf 86' lang='lat' dir='ltr'>sedet</span> <span class='ocrx_word' id='word_1_319' title='bbox 1040 2926 1103 2976; x_wconf 79' lang='lat' dir='ltr'>hoec</span> <span class='ocrx_word' id='word_1_320' title='bbox 1120 2928 1207 2975; x_wconf 76' lang='lat' dir='ltr'>eodeni</span> <span class='ocrx_word' id='word_1_321' title='bbox 1224 2925 1365 2990; x_wconf 71' lang='lat' dir='ltr'>euphoniae</span> <span class='ocrx_word' id='word_1_322' title='bbox 1382 2927 1451 2975; x_wconf 85' lang='lat' dir='ltr'>ratio</span> 
     </span>
     <span class='ocr_line' id='line_1_29' title="bbox 160 3010 1450 3076; baseline -0.001 -16"><span class='ocrx_word' id='word_1_323' title='bbox 160 3010 204 3061; x_wconf 82' lang='lat' dir='ltr'>LS</span> <span class='ocrx_word' id='word_1_324' title='bbox 222 3012 271 3062; x_wconf 84' lang='lat' dir='ltr'>sed</span> <span class='ocrx_word' id='word_1_325' title='bbox 287 3018 312 3061; x_wconf 85' lang='lat' dir='ltr'>et</span> <span class='ocrx_word' id='word_1_326' title='bbox 329 3012 370 3061; x_wconf 80' lang='lat' dir='ltr'>dic</span> <span class='ocrx_word' id='word_1_327' title='bbox 388 3012 506 3075; x_wconf 81' lang='lat' dir='ltr'>sofonias</span> <span class='ocrx_word' id='word_1_328' title='bbox 525 3015 592 3063; x_wconf 83' lang='lat' dir='ltr'>ratio</span> <span class='ocrx_word' id='word_1_329' title='bbox 610 3016 638 3065; x_wconf 87' lang='grc' dir='ltr'>Μ</span> <span class='ocrx_word' id='word_1_330' title='bbox 656 3016 704 3065; x_wconf 84' lang='lat' dir='ltr'>aeri</span> <span class='ocrx_word' id='word_1_331' title='bbox 720 3020 744 3065; x_wconf 86' lang='lat' dir='ltr'>cl</span> <span class='ocrx_word' id='word_1_332' title='bbox 766 3014 806 3063; x_wconf 82' lang='lat' dir='ltr'>hic</span> <span class='ocrx_word' id='word_1_333' title='bbox 824 3016 900 3061; x_wconf 85' lang='lat' dir='ltr'>etiarn</span> <span class='ocrx_word' id='word_1_334' title='bbox 918 3013 1058 3076; x_wconf 75' lang='lat' dir='ltr'>euphoniae</span> <span class='ocrx_word' id='word_1_335' title='bbox 1075 3012 1144 3061; x_wconf 85' lang='lat' dir='ltr'>ratio</span> <span class='ocrx_word' id='word_1_336' title='bbox 1161 3010 1197 3069; x_wconf 84' lang='lat' dir='ltr'>B,</span> <span class='ocrx_word' id='word_1_337' title='bbox 1220 3011 1287 3059; x_wconf 86' lang='grc'><strong>2043</strong></span> <span class='ocrx_word' id='word_1_338' title='bbox 1303 3014 1450 3075; x_wconf 79' lang='lat' dir='ltr'>plerumque</span> 
     </span>
     <span class='ocr_line' id='line_1_30' title="bbox 160 3094 1450 3161; baseline -0.002 -16"><span class='ocrx_word' id='word_1_339' title='bbox 160 3098 221 3145; x_wconf 81' lang='lat' dir='ltr'>enirn</span> <span class='ocrx_word' id='word_1_340' title='bbox 240 3098 342 3161; x_wconf 76' lang='lat' dir='ltr'>pessino</span> <span class='ocrx_word' id='word_1_341' title='bbox 363 3100 373 3145; x_wconf 88' lang='lat' dir='ltr'>i</span> <span class='ocrx_word' id='word_1_342' title='bbox 394 3099 480 3146; x_wconf 83' lang='lat' dir='ltr'>littera</span> <span class='ocrx_word' id='word_1_343' title='bbox 504 3098 654 3147; x_wconf 83' lang='lat' dir='ltr'>terminatur</span> <span class='ocrx_word' id='word_1_344' title='bbox 672 3098 720 3147; x_wconf 85' lang='lat' dir='ltr'>LS</span> <span class='ocrx_word' id='word_1_345' title='bbox 742 3100 888 3161; x_wconf 76' lang='lat' dir='ltr'>plenamque</span> <span class='ocrx_word' id='word_1_346' title='bbox 908 3098 1037 3160; x_wconf 73' lang='lat' dir='ltr'>percincta</span> <span class='ocrx_word' id='word_1_347' title='bbox 1054 3098 1066 3144; x_wconf 86' lang='lat' dir='ltr'>i</span> <span class='ocrx_word' id='word_1_348' title='bbox 1081 3096 1168 3143; x_wconf 86' lang='lat' dir='ltr'>littera</span> <span class='ocrx_word' id='word_1_349' title='bbox 1184 3096 1335 3143; x_wconf 79' lang='lat' dir='ltr'>terminatur</span> <span class='ocrx_word' id='word_1_350' title='bbox 1351 3094 1379 3142; x_wconf 87' lang='lat' dir='ltr'>M</span> <span class='ocrx_word' id='word_1_351' title='bbox 1394 3095 1450 3157; x_wconf 92' lang='lat' dir='ltr'>ple-</span> 
     </span>
     <span class='ocr_line' id='line_1_31' title="bbox 160 3178 1452 3246; baseline -0.002 -18"><span class='ocrx_word' id='word_1_352' title='bbox 160 3196 259 3246; x_wconf 83' lang='lat' dir='ltr'>rumque</span> <span class='ocrx_word' id='word_1_353' title='bbox 278 3183 341 3230; x_wconf 84' lang='lat' dir='ltr'>enim</span> <span class='ocrx_word' id='word_1_354' title='bbox 357 3184 467 3243; x_wconf 66' lang='lat' dir='ltr'>caninat</span> <span class='ocrx_word' id='word_1_355' title='bbox 485 3183 495 3230; x_wconf 92' lang='lat' dir='ltr'>i</span> <span class='ocrx_word' id='word_1_356' title='bbox 512 3185 622 3231; x_wconf 81' lang='lat' dir='ltr'>litterani</span> <span class='ocrx_word' id='word_1_357' title='bbox 641 3182 677 3245; x_wconf 88' lang='lat' dir='ltr'>B,</span> <span class='ocrx_word' id='word_1_358' title='bbox 702 3183 768 3231; x_wconf 88' lang='grc'><strong>2053</strong></span> <span class='ocrx_word' id='word_1_359' title='bbox 786 3182 885 3245; x_wconf 83' lang='lat' dir='ltr'>liqucor</span> <span class='ocrx_word' id='word_1_360' title='bbox 902 3178 950 3228; x_wconf 80' lang='lat' dir='ltr'>Ls</span> <span class='ocrx_word' id='word_1_361' title='bbox 973 3182 1053 3229; x_wconf 89' lang='lat' dir='ltr'>liceor</span> <span class='ocrx_word' id='word_1_362' title='bbox 1070 3179 1140 3236; x_wconf 87' lang='grc' dir='ltr'>ΒΜ,</span> <span class='ocrx_word' id='word_1_363' title='bbox 1163 3178 1230 3229; x_wconf 93' lang='grc'><strong>2068</strong></span> <span class='ocrx_word' id='word_1_364' title='bbox 1248 3180 1371 3242; x_wconf 75' lang='lat' dir='ltr'>contingit</span> <span class='ocrx_word' id='word_1_365' title='bbox 1392 3178 1452 3227; x_wconf 76' lang='lat' dir='ltr'>miii</span> 
     </span>
     <span class='ocr_line' id='line_1_32' title="bbox 158 3260 1451 3328; baseline -0.001 -16"><span class='ocrx_word' id='word_1_366' title='bbox 158 3265 202 3313; x_wconf 82' lang='lat' dir='ltr'>lidi</span> <span class='ocrx_word' id='word_1_367' title='bbox 222 3267 261 3315; x_wconf 85' lang='lat' dir='ltr'>illi</span> <span class='ocrx_word' id='word_1_368' title='bbox 283 3266 367 3315; x_wconf 84' lang='lat' dir='ltr'>euenit</span> <span class='ocrx_word' id='word_1_369' title='bbox 387 3265 446 3314; x_wconf 83' lang='lat' dir='ltr'>milri</span> <span class='ocrx_word' id='word_1_370' title='bbox 468 3265 514 3314; x_wconf 81' lang='lat' dir='ltr'>lidi</span> <span class='ocrx_word' id='word_1_371' title='bbox 537 3268 574 3315; x_wconf 89' lang='lat' dir='ltr'>illi</span> <span class='ocrx_word' id='word_1_372' title='bbox 597 3266 659 3328; x_wconf 86' lang='lat' dir='ltr'>LS,</span> <span class='ocrx_word' id='word_1_373' title='bbox 679 3266 762 3315; x_wconf 86' lang='lat' dir='ltr'>euenit</span> <span class='ocrx_word' id='word_1_374' title='bbox 779 3264 838 3314; x_wconf 84' lang='lat' dir='ltr'>milii</span> <span class='ocrx_word' id='word_1_375' title='bbox 854 3264 901 3313; x_wconf 78' lang='lat' dir='ltr'>riti</span> <span class='ocrx_word' id='word_1_376' title='bbox 917 3265 955 3313; x_wconf 86' lang='lat' dir='ltr'>illi</span> <span class='ocrx_word' id='word_1_377' title='bbox 971 3280 1023 3313; x_wconf 90' lang='lat' dir='ltr'>om.</span> <span class='ocrx_word' id='word_1_378' title='bbox 1042 3262 1108 3311; x_wconf 88' lang='grc' dir='ltr'>ΒΜ.</span> <span class='ocrx_word' id='word_1_379' title='bbox 1138 3261 1210 3311; x_wconf 89' lang='lat' dir='ltr'>unde</span> <span class='ocrx_word' id='word_1_380' title='bbox 1229 3263 1318 3326; x_wconf 85' lang='lat' dir='ltr'>siquis</span> <span class='ocrx_word' id='word_1_381' title='bbox 1336 3260 1451 3327; x_wconf 83' lang='lat' dir='ltr'>colligat</span> 
     </span>
     <span class='ocr_line' id='line_1_33' title="bbox 159 3344 1451 3415; baseline -0.002 -18"><span class='ocrx_word' id='word_1_382' title='bbox 159 3348 319 3398; x_wconf 72' lang='lat' dir='ltr'>bichardum</span> <span class='ocrx_word' id='word_1_383' title='bbox 338 3350 525 3415; x_wconf 85' lang='lat' dir='ltr'>apographum</span> <span class='ocrx_word' id='word_1_384' title='bbox 550 3349 695 3399; x_wconf 88' lang='lat' dir='ltr'>Leidensis</span> <span class='ocrx_word' id='word_1_385' title='bbox 714 3350 819 3399; x_wconf 88' lang='lat' dir='ltr'>codicis</span> <span class='ocrx_word' id='word_1_386' title='bbox 838 3364 872 3398; x_wconf 86' lang='lat' dir='ltr'>ex</span> <span class='ocrx_word' id='word_1_387' title='bbox 890 3348 1026 3399; x_wconf 88' lang='lat' dir='ltr'>Beruensi</span> <span class='ocrx_word' id='word_1_388' title='bbox 1049 3350 1202 3397; x_wconf 87' lang='lat' dir='ltr'>correctum</span> <span class='ocrx_word' id='word_1_389' title='bbox 1219 3344 1350 3396; x_wconf 87' lang='lat' dir='ltr'>habuisse</span> <span class='ocrx_word' id='word_1_390' title='bbox 1368 3345 1451 3409; x_wconf 89' lang='lat' dir='ltr'>idque</span> 
     </span>
     <span class='ocr_line' id='line_1_34' title="bbox 157 3428 1452 3498; baseline -0.003 -15"><span class='ocrx_word' id='word_1_391' title='bbox 157 3434 212 3483; x_wconf 89' lang='lat' dir='ltr'>snie</span> <span class='ocrx_word' id='word_1_392' title='bbox 229 3434 400 3485; x_wconf 83' lang='lat' dir='ltr'>coniecturis</span> <span class='ocrx_word' id='word_1_393' title='bbox 419 3434 618 3497; x_wconf 83' lang='lat' dir='ltr'>emendavisee,</span> <span class='ocrx_word' id='word_1_394' title='bbox 639 3434 757 3483; x_wconf 86' lang='lat' dir='ltr'>maxima</span> <span class='ocrx_word' id='word_1_395' title='bbox 775 3448 843 3483; x_wconf 88' lang='lat' dir='ltr'>sane</span> <span class='ocrx_word' id='word_1_396' title='bbox 861 3433 1056 3498; x_wconf 85' lang='lat' dir='ltr'>scripturarum</span> <span class='ocrx_word' id='word_1_397' title='bbox 1074 3446 1139 3497; x_wconf 87' lang='lat' dir='ltr'>pars</span> <span class='ocrx_word' id='word_1_398' title='bbox 1157 3446 1191 3480; x_wconf 84' lang='lat' dir='ltr'>ex</span> <span class='ocrx_word' id='word_1_399' title='bbox 1208 3430 1262 3480; x_wconf 91' lang='lat' dir='ltr'>bac</span> <span class='ocrx_word' id='word_1_400' title='bbox 1280 3431 1387 3497; x_wconf 83' lang='lat' dir='ltr'>origine</span> <span class='ocrx_word' id='word_1_401' title='bbox 1404 3428 1452 3479; x_wconf 89' lang='lat' dir='ltr'>de·</span> 
     </span>
     <span class='ocr_line' id='line_1_35' title="bbox 157 3514 1452 3583; baseline -0.002 -17"><span class='ocrx_word' id='word_1_402' title='bbox 157 3517 219 3567; x_wconf 90' lang='lat' dir='ltr'>daci</span> <span class='ocrx_word' id='word_1_403' title='bbox 238 3520 352 3583; x_wconf 89' lang='lat' dir='ltr'>poterit.</span> <span class='ocrx_word' id='word_1_404' title='bbox 388 3533 481 3568; x_wconf 88' lang='lat' dir='ltr'>verum</span> <span class='ocrx_word' id='word_1_405' title='bbox 500 3523 593 3568; x_wconf 89' lang='lat' dir='ltr'>tamen</span> <span class='ocrx_word' id='word_1_406' title='bbox 611 3522 641 3567; x_wconf 86' lang='lat' dir='ltr'>nt</span> <span class='ocrx_word' id='word_1_407' title='bbox 660 3517 745 3567; x_wconf 89' lang='lat' dir='ltr'>alium</span> <span class='ocrx_word' id='word_1_408' title='bbox 764 3516 887 3567; x_wconf 89' lang='lat' dir='ltr'>codicem</span> <span class='ocrx_word' id='word_1_409' title='bbox 906 3514 1180 3581; x_wconf 85' lang='lat' dir='ltr'>eumqneLeidensis</span> <span class='ocrx_word' id='word_1_410' title='bbox 1198 3516 1316 3565; x_wconf 79' lang='lat' dir='ltr'>maxime</span> <span class='ocrx_word' id='word_1_411' title='bbox 1334 3514 1452 3564; x_wconf 86' lang='lat' dir='ltr'>similem</span> 
     </span>
     <span class='ocr_line' id='line_1_36' title="bbox 157 3598 1450 3669; baseline -0.002 -19"><span class='ocrx_word' id='word_1_412' title='bbox 157 3602 190 3651; x_wconf 86' lang='lat' dir='ltr'>ab</span> <span class='ocrx_word' id='word_1_413' title='bbox 211 3618 244 3653; x_wconf 89' lang='lat' dir='ltr'>eo</span> <span class='ocrx_word' id='word_1_414' title='bbox 263 3617 425 3667; x_wconf 86' lang='lat' dir='ltr'>expressum</span> <span class='ocrx_word' id='word_1_415' title='bbox 444 3618 504 3653; x_wconf 87' lang='lat' dir='ltr'>cese</span> <span class='ocrx_word' id='word_1_416' title='bbox 522 3606 616 3669; x_wconf 86' lang='lat' dir='ltr'>putem</span> <span class='ocrx_word' id='word_1_417' title='bbox 634 3603 663 3651; x_wconf 92' lang='lat' dir='ltr'>in</span> <span class='ocrx_word' id='word_1_418' title='bbox 682 3604 775 3667; x_wconf 86' lang='lat' dir='ltr'>primis</span> <span class='ocrx_word' id='word_1_419' title='bbox 793 3603 862 3653; x_wconf 83' lang='lat' dir='ltr'>vitia</span> <span class='ocrx_word' id='word_1_420' title='bbox 881 3601 1017 3667; x_wconf 87' lang='lat' dir='ltr'>quaedam</span> <span class='ocrx_word' id='word_1_421' title='bbox 1038 3600 1192 3665; x_wconf 84' lang='lat' dir='ltr'>scripturae</span> <span class='ocrx_word' id='word_1_422' title='bbox 1216 3598 1356 3663; x_wconf 84' lang='lat' dir='ltr'>efficiunt,</span> <span class='ocrx_word' id='word_1_423' title='bbox 1379 3613 1450 3663; x_wconf 87' lang='lat' dir='ltr'>quae</span> 
     </span>
     <span class='ocr_line' id='line_1_37' title="bbox 157 3684 1452 3753; baseline -0.003 -18"><span class='ocrx_word' id='word_1_424' title='bbox 157 3702 188 3735; x_wconf 83' lang='lat' dir='ltr'>er</span> <span class='ocrx_word' id='word_1_425' title='bbox 208 3690 341 3751; x_wconf 86' lang='lat' dir='ltr'>corrupto</span> <span class='ocrx_word' id='word_1_426' title='bbox 360 3686 457 3736; x_wconf 89' lang='lat' dir='ltr'>codice</span> <span class='ocrx_word' id='word_1_427' title='bbox 477 3686 604 3737; x_wconf 85' lang='lat' dir='ltr'>videntur</span> <span class='ocrx_word' id='word_1_428' title='bbox 622 3686 774 3753; x_wconf 82' lang='lat' dir='ltr'>repetenda</span> <span class='ocrx_word' id='word_1_429' title='bbox 792 3702 863 3749; x_wconf 87' lang='lat' dir='ltr'>esse,</span> <span class='ocrx_word' id='word_1_430' title='bbox 882 3692 913 3736; x_wconf 86' lang='lat' dir='ltr'>ut</span> <span class='ocrx_word' id='word_1_431' title='bbox 931 3702 957 3752; x_wconf 87' lang='lat' dir='ltr'>p.</span> <span class='ocrx_word' id='word_1_432' title='bbox 975 3686 1042 3735; x_wconf 90' lang='grc'><strong>2038</strong></span> <span class='ocrx_word' id='word_1_433' title='bbox 1059 3686 1147 3736; x_wconf 77' lang='lat' dir='ltr'>uariat</span> <span class='ocrx_word' id='word_1_434' title='bbox 1164 3692 1190 3733; x_wconf 87' lang='lat' dir='ltr'>et</span> <span class='ocrx_word' id='word_1_435' title='bbox 1206 3686 1276 3733; x_wconf 87' lang='lat' dir='ltr'>intra</span> <span class='ocrx_word' id='word_1_436' title='bbox 1292 3684 1339 3733; x_wconf 75' lang='lat' dir='ltr'>lsoc</span> <span class='ocrx_word' id='word_1_437' title='bbox 1353 3690 1452 3748; x_wconf 77' lang='lat' dir='ltr'>pugnat</span> 
     </span>
     <span class='ocr_line' id='line_1_38' title="bbox 156 3766 1451 3836; baseline -0.004 -16"><span class='ocrx_word' id='word_1_438' title='bbox 156 3769 172 3819; x_wconf 77' lang='lat' dir='ltr'>S</span> <span class='ocrx_word' id='word_1_439' title='bbox 190 3773 265 3820; x_wconf 87' lang='lat' dir='ltr'>uarie</span> <span class='ocrx_word' id='word_1_440' title='bbox 285 3778 378 3820; x_wconf 88' lang='lat' dir='ltr'>contra</span> <span class='ocrx_word' id='word_1_441' title='bbox 395 3772 442 3821; x_wconf 81' lang='lat' dir='ltr'>hoc</span> <span class='ocrx_word' id='word_1_442' title='bbox 458 3779 557 3835; x_wconf 71' lang='lat' dir='ltr'>pugnat</span> <span class='ocrx_word' id='word_1_443' title='bbox 569 3771 667 3833; x_wconf 87' lang='lat' dir='ltr'>BML,</span> <span class='ocrx_word' id='word_1_444' title='bbox 686 3774 753 3821; x_wconf 88' lang='grc'><strong>2055</strong></span> <span class='ocrx_word' id='word_1_445' title='bbox 770 3779 844 3821; x_wconf 75' lang='lat' dir='ltr'>extol</span> <span class='ocrx_word' id='word_1_446' title='bbox 861 3788 876 3822; x_wconf 93' lang='lat' dir='ltr'>o</span> <span class='ocrx_word' id='word_1_447' title='bbox 895 3786 992 3836; x_wconf 83' lang='lat' dir='ltr'>quoque</span> <span class='ocrx_word' id='word_1_448' title='bbox 1007 3776 1094 3834; x_wconf 84' lang='lat' dir='ltr'>potest</span> <span class='ocrx_word' id='word_1_449' title='bbox 1110 3770 1218 3817; x_wconf 83' lang='lat' dir='ltr'>acliuurn</span> <span class='ocrx_word' id='word_1_450' title='bbox 1234 3773 1353 3833; x_wconf 85' lang='lat' dir='ltr'>reputari</span> <span class='ocrx_word' id='word_1_451' title='bbox 1368 3766 1386 3815; x_wconf 85' lang='lat' dir='ltr'>S</span> <span class='ocrx_word' id='word_1_452' title='bbox 1405 3782 1451 3816; x_wconf 82' lang='lat' dir='ltr'>erc-</span> 
     </span>
     <span class='ocr_line' id='line_1_39' title="bbox 156 3841 1452 3921; baseline -0.004 -17"><span class='ocrx_word' id='word_1_453' title='bbox 156 3841 191 3904; x_wconf 78' lang='lat' dir='ltr'>tat</span> <span class='ocrx_word' id='word_1_454' title='bbox 210 3857 338 3921; x_wconf 80' lang='lat' dir='ltr'>qrsoneodo</span> <span class='ocrx_word' id='word_1_455' title='bbox 356 3862 442 3919; x_wconf 87' lang='lat' dir='ltr'>polest</span> <span class='ocrx_word' id='word_1_456' title='bbox 460 3857 566 3905; x_wconf 79' lang='lat' dir='ltr'>actiaron</span> <span class='ocrx_word' id='word_1_457' title='bbox 584 3872 634 3906; x_wconf 91' lang='lat' dir='ltr'>noa</span> <span class='ocrx_word' id='word_1_458' title='bbox 651 3857 740 3920; x_wconf 80' lang='lat' dir='ltr'>putari</span> <span class='ocrx_word' id='word_1_459' title='bbox 755 3856 855 3917; x_wconf 87' lang='lat' dir='ltr'><strong>BML‚</strong></span> <span class='ocrx_word' id='word_1_460' title='bbox 875 3855 912 3907; x_wconf 91' lang='lat' dir='ltr'>ib.</span> <span class='ocrx_word' id='word_1_461' title='bbox 925 3861 1056 3919; x_wconf 79' lang='lat' dir='ltr'>utrunque</span> <span class='ocrx_word' id='word_1_462' title='bbox 1074 3856 1156 3903; x_wconf 83' lang='lat' dir='ltr'>utrius</span> <span class='ocrx_word' id='word_1_463' title='bbox 1171 3850 1304 3916; x_wconf 73' lang='lat' dir='ltr'>generisS</span> <span class='ocrx_word' id='word_1_464' title='bbox 1322 3858 1452 3915; x_wconf 80' lang='lat' dir='ltr'>atnonque</span> 
     </span>
     <span class='ocr_line' id='line_1_40' title="bbox 155 3936 1452 4006; baseline -0.005 -17"><span class='ocrx_word' id='word_1_465' title='bbox 155 3942 270 3990; x_wconf 83' lang='lat' dir='ltr'>neutrius</span> <span class='ocrx_word' id='word_1_466' title='bbox 290 3939 432 4005; x_wconf 59' lang='lat' dir='ltr'>(ramusque</span> <span class='ocrx_word' id='word_1_467' title='bbox 451 3955 519 3993; x_wconf 89' lang='lat' dir='ltr'>corr.</span> <span class='ocrx_word' id='word_1_468' title='bbox 533 3942 694 4006; x_wconf 85' lang='lat' dir='ltr'>neutriusque</span> <span class='ocrx_word' id='word_1_469' title='bbox 705 3940 738 4003; x_wconf 90' lang='lat' dir='ltr'>B)</span> <span class='ocrx_word' id='word_1_470' title='bbox 755 3942 858 4005; x_wconf 81' lang='lat' dir='ltr'>pencris</span> <span class='ocrx_word' id='word_1_471' title='bbox 869 3939 966 4001; x_wconf 81' lang='lat' dir='ltr'><strong>BML,</strong></span> <span class='ocrx_word' id='word_1_472' title='bbox 985 3938 1051 3988; x_wconf 90' lang='grc'><strong>2057</strong></span> <span class='ocrx_word' id='word_1_473' title='bbox 1068 3940 1110 3986; x_wconf 84' lang='lat' dir='ltr'>ille</span> <span class='ocrx_word' id='word_1_474' title='bbox 1127 3937 1192 3987; x_wconf 87' lang='lat' dir='ltr'>ordo</span> <span class='ocrx_word' id='word_1_475' title='bbox 1210 3936 1253 3985; x_wconf 85' lang='lat' dir='ltr'>udi</span> <span class='ocrx_word' id='word_1_476' title='bbox 1268 3942 1349 3986; x_wconf 78' lang='lat' dir='ltr'>actiae</span> <span class='ocrx_word' id='word_1_477' title='bbox 1366 3943 1452 3985; x_wconf 85' lang='lat' dir='ltr'>tenen·</span> 
     </span>
     <span class='ocr_line' id='line_1_41' title="bbox 154 4018 1452 4090; baseline -0.005 -17"><span class='ocrx_word' id='word_1_478' title='bbox 154 4027 186 4073; x_wconf 83' lang='lat' dir='ltr'>tis</span> <span class='ocrx_word' id='word_1_479' title='bbox 203 4026 281 4090; x_wconf 75' lang='lat' dir='ltr'>signo</span> <span class='ocrx_word' id='word_1_480' title='bbox 303 4022 323 4071; x_wconf 85' lang='lat' dir='ltr'>S</span> <span class='ocrx_word' id='word_1_481' title='bbox 341 4026 383 4075; x_wconf 83' lang='lat' dir='ltr'>ille</span> <span class='ocrx_word' id='word_1_482' title='bbox 402 4026 466 4075; x_wconf 89' lang='lat' dir='ltr'>ordo</span> <span class='ocrx_word' id='word_1_483' title='bbox 484 4023 556 4074; x_wconf 80' lang='lat' dir='ltr'>uerbi</span> <span class='ocrx_word' id='word_1_484' title='bbox 573 4033 654 4075; x_wconf 87' lang='lat' dir='ltr'>celum</span> <span class='ocrx_word' id='word_1_485' title='bbox 673 4026 781 4074; x_wconf 86' lang='lat' dir='ltr'>teneatis</span> <span class='ocrx_word' id='word_1_486' title='bbox 799 4024 894 4083; x_wconf 78' lang='lat' dir='ltr'>nnn,</span> <span class='ocrx_word' id='word_1_487' title='bbox 912 4024 980 4074; x_wconf 88' lang='grc'><strong>2060</strong></span> <span class='ocrx_word' id='word_1_488' title='bbox 996 4024 1023 4071; x_wconf 89' lang='lat' dir='ltr'>in</span> <span class='ocrx_word' id='word_1_489' title='bbox 1040 4022 1152 4087; x_wconf 77' lang='lat' dir='ltr'>eoquod</span> <span class='ocrx_word' id='word_1_490' title='bbox 1166 4021 1372 4085; x_wconf 80' lang='lat' dir='ltr'>promentiatiuus</span> <span class='ocrx_word' id='word_1_491' title='bbox 1384 4018 1402 4067; x_wconf 83' lang='lat' dir='ltr'>S</span> <span class='ocrx_word' id='word_1_492' title='bbox 1414 4019 1452 4067; x_wconf 89' lang='lat' dir='ltr'>in·</span> 
     </span>
     <span class='ocr_line' id='line_1_42' title="bbox 154 4105 1452 4175; baseline -0.005 -19"><span class='ocrx_word' id='word_1_493' title='bbox 154 4108 283 4158; x_wconf 85' lang='lat' dir='ltr'>dicaliuus</span> <span class='ocrx_word' id='word_1_494' title='bbox 308 4111 354 4174; x_wconf 80' lang='lat' dir='ltr'>qui</span> <span class='ocrx_word' id='word_1_495' title='bbox 375 4116 400 4159; x_wconf 88' lang='lat' dir='ltr'>et</span> <span class='ocrx_word' id='word_1_496' title='bbox 418 4108 527 4173; x_wconf 84' lang='lat' dir='ltr'>(quidem</span> <span class='ocrx_word' id='word_1_497' title='bbox 545 4109 568 4158; x_wconf 91' lang='lat' dir='ltr'>L</span> <span class='ocrx_word' id='word_1_498' title='bbox 588 4112 631 4175; x_wconf 82' lang='lat' dir='ltr'>qai</span> <span class='ocrx_word' id='word_1_499' title='bbox 652 4110 749 4175; x_wconf 84' lang='lat' dir='ltr'>quidem</span> <span class='ocrx_word' id='word_1_500' title='bbox 767 4107 807 4172; x_wconf 90' lang='grc' dir='ltr'>Μ)</span> <span class='ocrx_word' id='word_1_501' title='bbox 824 4109 1029 4173; x_wconf 80' lang='lat' dir='ltr'>pronuntiatimrs</span> <span class='ocrx_word' id='word_1_502' title='bbox 1046 4105 1147 4165; x_wconf 80' lang='lat' dir='ltr'>BML,</span> <span class='ocrx_word' id='word_1_503' title='bbox 1171 4105 1359 4155; x_wconf 72' lang='lat' dir='ltr'>accensetur</span> <span class='ocrx_word' id='word_1_504' title='bbox 1375 4107 1452 4167; x_wconf 86' lang='lat' dir='ltr'>prout</span> 
     </span>
     <span class='ocr_line' id='line_1_43' title="bbox 153 4185 1452 4258; baseline -0.005 -19"><span class='ocrx_word' id='word_1_505' title='bbox 153 4196 207 4256; x_wconf 69' lang='lat' dir='ltr'>lego</span> <span class='ocrx_word' id='word_1_506' title='bbox 227 4193 246 4243; x_wconf 90' lang='lat' dir='ltr'>S</span> <span class='ocrx_word' id='word_1_507' title='bbox 272 4196 383 4242; x_wconf 78' lang='lat' dir='ltr'>seorsttur</span> <span class='ocrx_word' id='word_1_508' title='bbox 404 4209 504 4258; x_wconf 86' lang='lat' dir='ltr'>semper</span> <span class='ocrx_word' id='word_1_509' title='bbox 524 4200 552 4242; x_wconf 86' lang='lat' dir='ltr'>ul</span> <span class='ocrx_word' id='word_1_510' title='bbox 572 4197 628 4258; x_wconf 83' lang='lat' dir='ltr'>lepo</span> <span class='ocrx_word' id='word_1_511' title='bbox 647 4193 745 4255; x_wconf 81' lang='lat' dir='ltr'>BML,</span> <span class='ocrx_word' id='word_1_512' title='bbox 769 4193 835 4242; x_wconf 89' lang='grc'><strong>2066</strong></span> <span class='ocrx_word' id='word_1_513' title='bbox 853 4192 938 4242; x_wconf 83' lang='lat' dir='ltr'>obruit</span> <span class='ocrx_word' id='word_1_514' title='bbox 956 4193 1023 4256; x_wconf 87' lang='lat' dir='ltr'>plait</span> <span class='ocrx_word' id='word_1_515' title='bbox 1043 4190 1098 4253; x_wconf 78' lang='lat' dir='ltr'>fluit</span> <span class='ocrx_word' id='word_1_516' title='bbox 1117 4191 1135 4240; x_wconf 84' lang='grc'><strong>8</strong></span> <span class='ocrx_word' id='word_1_517' title='bbox 1153 4190 1237 4239; x_wconf 77' lang='lat' dir='ltr'>admit</span> <span class='ocrx_word' id='word_1_518' title='bbox 1252 4190 1318 4252; x_wconf 82' lang='lat' dir='ltr'>pluit</span> <span class='ocrx_word' id='word_1_519' title='bbox 1333 4188 1385 4235; x_wconf 80' lang='lat' dir='ltr'>suit</span> <span class='ocrx_word' id='word_1_520' title='bbox 1400 4185 1452 4233; x_wconf 85' lang='lat' dir='ltr'>BL</span> 
     </span>
     <span class='ocr_line' id='line_1_44' title="bbox 154 4274 1453 4341; baseline -0.004 -17"><span class='ocrx_word' id='word_1_521' title='bbox 154 4276 237 4326; x_wconf 82' lang='lat' dir='ltr'>obruit</span> <span class='ocrx_word' id='word_1_522' title='bbox 254 4278 318 4341; x_wconf 75' lang='lat' dir='ltr'>fluit</span> <span class='ocrx_word' id='word_1_523' title='bbox 335 4278 385 4327; x_wconf 85' lang='lat' dir='ltr'>suit</span> <span class='ocrx_word' id='word_1_524' title='bbox 403 4276 445 4340; x_wconf 84' lang='grc' dir='ltr'>Μ,</span> <span class='ocrx_word' id='word_1_525' title='bbox 468 4280 534 4329; x_wconf 87' lang='grc'><strong>2068</strong></span> <span class='ocrx_word' id='word_1_526' title='bbox 557 4294 683 4328; x_wconf 86' lang='lat' dir='ltr'>renouare</span> <span class='ocrx_word' id='word_1_527' title='bbox 706 4294 785 4329; x_wconf 90' lang='lat' dir='ltr'>nouos</span> <span class='ocrx_word' id='word_1_528' title='bbox 803 4278 821 4329; x_wconf 85' lang='lat' dir='ltr'>S</span> <span class='ocrx_word' id='word_1_529' title='bbox 844 4292 971 4327; x_wconf 86' lang='lat' dir='ltr'>renouare</span> <span class='ocrx_word' id='word_1_530' title='bbox 992 4291 1077 4325; x_wconf 87' lang='lat' dir='ltr'>omnes</span> <span class='ocrx_word' id='word_1_531' title='bbox 1095 4274 1193 4335; x_wconf 86' lang='lat' dir='ltr'><strong>BML,</strong></span> <span class='ocrx_word' id='word_1_532' title='bbox 1217 4274 1284 4322; x_wconf 90' lang='grc'><strong>2072</strong></span> <span class='ocrx_word' id='word_1_533' title='bbox 1306 4278 1350 4321; x_wconf 83' lang='lat' dir='ltr'>out</span> <span class='ocrx_word' id='word_1_534' title='bbox 1365 4287 1382 4319; x_wconf 85' lang='lat' dir='ltr'>a</span> <span class='ocrx_word' id='word_1_535' title='bbox 1402 4285 1453 4335; x_wconf 92' lang='lat' dir='ltr'>pro</span> 
     </span>
     <span class='ocr_line' id='line_1_45' title="bbox 154 4356 1455 4427; baseline -0.006 -16"><span class='ocrx_word' id='word_1_536' title='bbox 154 4364 233 4412; x_wconf 83' lang='lat' dir='ltr'>cocali</span> <span class='ocrx_word' id='word_1_537' title='bbox 255 4368 285 4411; x_wconf 82' lang='lat' dir='ltr'>ut</span> <span class='ocrx_word' id='word_1_538' title='bbox 310 4378 392 4413; x_wconf 80' lang='lat' dir='ltr'>cocao</span> <span class='ocrx_word' id='word_1_539' title='bbox 415 4378 508 4413; x_wconf 82' lang='lat' dir='ltr'>cacans</span> <span class='ocrx_word' id='word_1_540' title='bbox 528 4362 621 4427; x_wconf 72' lang='lat' dir='ltr'>fierduo</span> <span class='ocrx_word' id='word_1_541' title='bbox 638 4363 745 4426; x_wconf 76' lang='lat' dir='ltr'>fluctuas</span> <span class='ocrx_word' id='word_1_542' title='bbox 762 4364 834 4413; x_wconf 70' lang='lat' dir='ltr'>anuo</span> <span class='ocrx_word' id='word_1_543' title='bbox 851 4364 940 4411; x_wconf 88' lang='lat' dir='ltr'>sinuas</span> <span class='ocrx_word' id='word_1_544' title='bbox 958 4376 1009 4413; x_wconf 89' lang='lat' dir='ltr'>om.</span> <span class='ocrx_word' id='word_1_545' title='bbox 1028 4358 1090 4412; x_wconf 78' lang='lat' dir='ltr'>SM.</span> <span class='ocrx_word' id='word_1_546' title='bbox 1113 4360 1202 4408; x_wconf 89' lang='lat' dir='ltr'>miuus</span> <span class='ocrx_word' id='word_1_547' title='bbox 1219 4356 1394 4406; x_wconf 87' lang='lat' dir='ltr'>tribuendum</span> <span class='ocrx_word' id='word_1_548' title='bbox 1412 4359 1455 4403; x_wconf 87' lang='lat' dir='ltr'>est</span> 
     </span>
     <span class='ocr_line' id='line_1_46' title="bbox 154 4440 1456 4511; baseline -0.007 -16"><span class='ocrx_word' id='word_1_549' title='bbox 154 4446 403 4497; x_wconf 86' lang='lat' dir='ltr'>emendationibus</span> <span class='ocrx_word' id='word_1_550' title='bbox 421 4446 560 4508; x_wconf 74' lang='lat' dir='ltr'>sichardi,</span> <span class='ocrx_word' id='word_1_551' title='bbox 580 4460 694 4510; x_wconf 87' lang='lat' dir='ltr'>quarum</span> <span class='ocrx_word' id='word_1_552' title='bbox 713 4447 834 4497; x_wconf 84' lang='lat' dir='ltr'>maxima</span> <span class='ocrx_word' id='word_1_553' title='bbox 853 4461 916 4511; x_wconf 88' lang='lat' dir='ltr'>pare</span> <span class='ocrx_word' id='word_1_554' title='bbox 933 4447 975 4494; x_wconf 87' lang='lat' dir='ltr'>ita</span> <span class='ocrx_word' id='word_1_555' title='bbox 994 4446 1145 4509; x_wconf 86' lang='lat' dir='ltr'>conparata</span> <span class='ocrx_word' id='word_1_556' title='bbox 1164 4445 1219 4503; x_wconf 87' lang='lat' dir='ltr'>est,</span> <span class='ocrx_word' id='word_1_557' title='bbox 1246 4445 1277 4491; x_wconf 89' lang='lat' dir='ltr'>ut</span> <span class='ocrx_word' id='word_1_558' title='bbox 1294 4440 1456 4490; x_wconf 84' lang='lat' dir='ltr'>coniectura</span> 
     </span>
     <span class='ocr_line' id='line_1_47' title="bbox 154 4523 1454 4597; baseline -0.007 -17"><span class='ocrx_word' id='word_1_559' title='bbox 154 4530 274 4583; x_wconf 86' lang='lat' dir='ltr'>inveniri</span> <span class='ocrx_word' id='word_1_560' title='bbox 299 4532 434 4597; x_wconf 85' lang='lat' dir='ltr'>potnerit.</span> <span class='ocrx_word' id='word_1_561' title='bbox 471 4545 635 4597; x_wconf 88' lang='lat' dir='ltr'>quamquam</span> <span class='ocrx_word' id='word_1_562' title='bbox 659 4532 686 4581; x_wconf 90' lang='lat' dir='ltr'>in</span> <span class='ocrx_word' id='word_1_563' title='bbox 711 4532 754 4581; x_wconf 90' lang='lat' dir='ltr'>his</span> <span class='ocrx_word' id='word_1_564' title='bbox 777 4545 883 4595; x_wconf 87' lang='lat' dir='ltr'>quoquc</span> <span class='ocrx_word' id='word_1_565' title='bbox 907 4533 971 4578; x_wconf 88' lang='lat' dir='ltr'>sunt</span> <span class='ocrx_word' id='word_1_566' title='bbox 993 4526 1128 4593; x_wconf 85' lang='lat' dir='ltr'>quaedam</span> <span class='ocrx_word' id='word_1_567' title='bbox 1146 4540 1218 4590; x_wconf 86' lang='lat' dir='ltr'>quae</span> <span class='ocrx_word' id='word_1_568' title='bbox 1235 4528 1348 4590; x_wconf 89' lang='lat' dir='ltr'>propter</span> <span class='ocrx_word' id='word_1_569' title='bbox 1365 4523 1454 4588; x_wconf 90' lang='lat' dir='ltr'>ipsam</span> 
     </span>
     <span class='ocr_line' id='line_1_48' title="bbox 154 4606 1454 4681; baseline -0.006 -19"><span class='ocrx_word' id='word_1_570' title='bbox 154 4614 286 4666; x_wconf 87' lang='lat' dir='ltr'>librorum</span> <span class='ocrx_word' id='word_1_571' title='bbox 307 4615 525 4681; x_wconf 87' lang='lat' dir='ltr'>discrepantiam</span> <span class='ocrx_word' id='word_1_572' title='bbox 545 4616 636 4667; x_wconf 89' lang='lat' dir='ltr'>codici</span> <span class='ocrx_word' id='word_1_573' title='bbox 653 4616 759 4681; x_wconf 88' lang='lat' dir='ltr'>potius,</span> <span class='ocrx_word' id='word_1_574' title='bbox 773 4629 853 4681; x_wconf 88' lang='lat' dir='ltr'>qnam</span> <span class='ocrx_word' id='word_1_575' title='bbox 864 4614 977 4679; x_wconf 87' lang='lat' dir='ltr'>ingenio</span> <span class='ocrx_word' id='word_1_576' title='bbox 991 4612 1104 4662; x_wconf 87' lang='lat' dir='ltr'>editoris</span> <span class='ocrx_word' id='word_1_577' title='bbox 1121 4610 1269 4659; x_wconf 80' lang='lat' dir='ltr'>tribuenda</span> <span class='ocrx_word' id='word_1_578' title='bbox 1287 4622 1349 4658; x_wconf 89' lang='lat' dir='ltr'>esse</span> <span class='ocrx_word' id='word_1_579' title='bbox 1360 4606 1454 4657; x_wconf 81' lang='lat' dir='ltr'>riden-</span> 
     </span>
     <span class='ocr_line' id='line_1_49' title="bbox 154 4691 1455 4765; baseline -0.007 -18"><span class='ocrx_word' id='word_1_580' title='bbox 154 4704 209 4763; x_wconf 85' lang='lat' dir='ltr'>tur,</span> <span class='ocrx_word' id='word_1_581' title='bbox 233 4704 266 4749; x_wconf 81' lang='lat' dir='ltr'>ut</span> <span class='ocrx_word' id='word_1_582' title='bbox 285 4716 315 4765; x_wconf 87' lang='lat' dir='ltr'>p.</span> <span class='ocrx_word' id='word_1_583' title='bbox 337 4700 405 4750; x_wconf 86' lang='grc'><strong>2054</strong></span> <span class='ocrx_word' id='word_1_584' title='bbox 423 4702 448 4749; x_wconf 88' lang='lat' dir='ltr'>in</span> <span class='ocrx_word' id='word_1_585' title='bbox 466 4702 517 4751; x_wconf 87' lang='lat' dir='ltr'>alio</span> <span class='ocrx_word' id='word_1_586' title='bbox 535 4708 612 4765; x_wconf 84' lang='lat' dir='ltr'>atque</span> <span class='ocrx_word' id='word_1_587' title='bbox 638 4702 688 4750; x_wconf 88' lang='lat' dir='ltr'>alio</span> <span class='ocrx_word' id='word_1_588' title='bbox 711 4702 838 4750; x_wconf 85' lang='lat' dir='ltr'>intellectu</span> <span class='ocrx_word' id='word_1_589' title='bbox 857 4697 874 4749; x_wconf 85' lang='lat' dir='ltr'>S</span> <span class='ocrx_word' id='word_1_590' title='bbox 898 4700 925 4747; x_wconf 88' lang='lat' dir='ltr'>in</span> <span class='ocrx_word' id='word_1_591' title='bbox 946 4698 998 4747; x_wconf 89' lang='lat' dir='ltr'>alio</span> <span class='ocrx_word' id='word_1_592' title='bbox 1014 4697 1144 4745; x_wconf 88' lang='lat' dir='ltr'>intellecta</span> <span class='ocrx_word' id='word_1_593' title='bbox 1162 4693 1218 4743; x_wconf 90' lang='grc' dir='ltr'>ΒΜ</span> <span class='ocrx_word' id='word_1_594' title='bbox 1235 4696 1262 4742; x_wconf 89' lang='lat' dir='ltr'>in</span> <span class='ocrx_word' id='word_1_595' title='bbox 1280 4695 1363 4757; x_wconf 82' lang='lat' dir='ltr'>aliquo</span> <span class='ocrx_word' id='word_1_596' title='bbox 1380 4691 1455 4739; x_wconf 84' lang='lat' dir='ltr'>intel-</span> 
     </span>
     <span class='ocr_line' id='line_1_50' title="bbox 153 4776 1456 4849; baseline -0.005 -18"><span class='ocrx_word' id='word_1_597' title='bbox 153 4786 216 4832; x_wconf 83' lang='lat' dir='ltr'>lecta</span> <span class='ocrx_word' id='word_1_598' title='bbox 234 4784 274 4847; x_wconf 84' lang='lat' dir='ltr'>L,</span> <span class='ocrx_word' id='word_1_599' title='bbox 300 4782 373 4833; x_wconf 84' lang='grc'><strong>2059</strong></span> <span class='ocrx_word' id='word_1_600' title='bbox 395 4788 501 4833; x_wconf 84' lang='lat' dir='ltr'>alterius</span> <span class='ocrx_word' id='word_1_601' title='bbox 522 4786 591 4834; x_wconf 88' lang='lat' dir='ltr'>modi</span> <span class='ocrx_word' id='word_1_602' title='bbox 612 4802 684 4849; x_wconf 83' lang='lat' dir='ltr'>quarn</span> <span class='ocrx_word' id='word_1_603' title='bbox 704 4785 789 4845; x_wconf 81' lang='lat' dir='ltr'>forma</span> <span class='ocrx_word' id='word_1_604' title='bbox 807 4782 879 4833; x_wconf 81' lang='lat' dir='ltr'>uerbi</span> <span class='ocrx_word' id='word_1_605' title='bbox 896 4784 978 4845; x_wconf 76' lang='lat' dir='ltr'>exigit</span> <span class='ocrx_word' id='word_1_606' title='bbox 996 4780 1014 4831; x_wconf 82' lang='lat' dir='ltr'>S</span> <span class='ocrx_word' id='word_1_607' title='bbox 1033 4781 1137 4829; x_wconf 85' lang='lat' dir='ltr'>alterius</span> <span class='ocrx_word' id='word_1_608' title='bbox 1155 4780 1222 4829; x_wconf 83' lang='lat' dir='ltr'>modi</span> <span class='ocrx_word' id='word_1_609' title='bbox 1239 4792 1311 4842; x_wconf 83' lang='lat' dir='ltr'>quam</span> <span class='ocrx_word' id='word_1_610' title='bbox 1328 4782 1357 4824; x_wconf 87' lang='lat' dir='ltr'>ut</span> <span class='ocrx_word' id='word_1_611' title='bbox 1372 4776 1456 4837; x_wconf 76' lang='lat' dir='ltr'>forna</span> 
     </span>
     <span class='ocr_line' id='line_1_51' title="bbox 153 4865 1046 4935; baseline -0.002 -20"><span class='ocrx_word' id='word_1_612' title='bbox 153 4868 224 4917; x_wconf 84' lang='lat' dir='ltr'>uerbi</span> <span class='ocrx_word' id='word_1_613' title='bbox 240 4870 330 4935; x_wconf 74' lang='lat' dir='ltr'>exigit</span> <span class='ocrx_word' id='word_1_614' title='bbox 352 4867 379 4915; x_wconf 90' lang='grc' dir='ltr'><strong>Μ</strong></span> <span class='ocrx_word' id='word_1_615' title='bbox 397 4870 503 4918; x_wconf 83' lang='lat' dir='ltr'>alicuius</span> <span class='ocrx_word' id='word_1_616' title='bbox 520 4870 589 4919; x_wconf 86' lang='lat' dir='ltr'>modi</span> <span class='ocrx_word' id='word_1_617' title='bbox 605 4886 677 4935; x_wconf 87' lang='lat' dir='ltr'>quam</span> <span class='ocrx_word' id='word_1_618' title='bbox 692 4868 778 4931; x_wconf 80' lang='lat' dir='ltr'>fornia</span> <span class='ocrx_word' id='word_1_619' title='bbox 796 4868 868 4919; x_wconf 87' lang='lat' dir='ltr'>uerbi</span> <span class='ocrx_word' id='word_1_620' title='bbox 885 4869 967 4932; x_wconf 76' lang='lat' dir='ltr'>accipit</span> <span class='ocrx_word' id='word_1_621' title='bbox 985 4865 1046 4914; x_wconf 87' lang='lat' dir='ltr'>BL.</span> 
     </span>
    </p>

    <p class='ocr_par' dir='ltr' id='par_1_4' title="bbox 400 4943 1255 5007">
     <span class='ocr_line' id='line_1_52' title="bbox 400 4943 1255 5007; baseline -0.002 -50"><span class='ocrx_word' id='word_1_622' title='bbox 400 4945 405 4957; x_wconf 93' lang='lat'><em>.</em></span> <span class='ocrx_word' id='word_1_623' title='bbox 1187 4943 1255 5007; x_wconf 57' lang='lat'>22*</span> 
     </span>
    </p>
   </div>
   <div class='ocr_carea' id='block_1_4' title="bbox 0 0 1768 5600">
    <p class='ocr_par' dir='ltr' id='par_1_5' title="bbox 0 0 1768 5600">
     <span class='ocr_line' id='line_1_53' title="bbox 0 0 1768 5600; baseline 0 1"><span class='ocrx_word' id='word_1_624' title='bbox 0 0 1768 5600; x_wconf 95' lang='lat' dir='ltr'> </span> 
     </span>
    </p>
   </div>
  </div>
 </body>
</html>
