3525 5600
348 335 411 401 258
477 382 480 388 ,
913 341 1066 405 eottPtttt

373 460 395 501 p.
408 449 498 490 cot-65
512 447 533 487 L.

308 510 313 528 '
348 546 400 587 sus
429 536 459 588 ct
486 527 674 607 participium
704 536 749 587 est
776 534 806 586 et
834 545 956 588 nomen:
985 529 1012 588 si
1039 527 1128 588 iaciat
1153 528 1303 589 incensior
1324 529 1559 598 incensissimus,
1579 531 1627 590 erit

348 648 472 700 nomem
500 631 525 690 si
547 615 645 690 antedi
667 647 727 689 non
749 629 852 699 iaciat,
880 630 939 690 erit
959 630 1158 710 participium.
1203 631 1316 692 nomini
1339 632 1417 693 enirn
1441 629 1547 690 accidit
1566 649 1625 690 con-

346 734 477 810 paratio,
501 732 657 812 participio
680 750 851 814 numquam.
897 749 969 810 ergo
990 730 1083 793 habes
1106 731 1315 802 discretiones,
1339 740 1369 793 et
1389 731 1519 811 singulas
1539 732 1626 810 siugu-
1707 710 1708 777 Ῑ

346 833 442 895 iorum
469 835 693 914 participiorum
722 841 750 894 ct
784 851 958 895 communes
987 835 1128 895 omnium.
1174 835 1325 895 videamus
1352 833 1457 905 modo,
1492 833 1559 911 quid
1589 843 1627 894 est
1707 836 1708 909 s

344 937 545 1016 participium,
1635 953 1645 990 a
1707 920 1708 923 ¹

428 1037 621 1116 Partioipium
652 1044 697 1098 cst
728 1057 799 1117 pars
832 1038 976 1100 orationis
1009 1038 1103 1109 dicta,
1136 1039 1215 1120 quod
1244 1045 1360 1118 partem
1388 1039 1487 1118 capiat
1511 1039 1626 1098 nominis

343 1148 517 1220 partemque
545 1137 638 1199 verbi.
683 1142 791 1220 recipit
813 1142 893 1202 enim
914 1159 931 1200 a
954 1142 1074 1203 nomine
1095 1159 1206 1219 genera
1229 1148 1260 1202 et
1286 1159 1387 1210 casus,
1410 1160 1428 1201 a
1450 1139 1542 1202 verbo
1562 1148 1626 1202 teru-
1707 1186 1708 1191 η

343 1261 416 1321 pora
444 1249 473 1301 et
500 1242 743 1319 significationes,
768 1242 805 1302 ab
827 1249 955 1322 utroque
982 1245 1192 1305 numerum‘et
1213 1245 1348 1322 figuram.
1393 1260 1465 1321 ergo
1487 1260 1540 1302 sex
1560 1243 1625 1304 acci·

343 1344 418 1405 dunt
438 1344 596 1424 participio
619 1345 684 1405 sine
707 1343 810 1415 dubio,
841 1345 900 1405 duo
926 1346 1048 1425 propria
1076 1347 1219 1416 nominis,
1248 1345 1306 1406 duo
1333 1346 1455 1424 propria
1482 1343 1577 1413 verbi,
1602 1352 1627 1403 ct

343 1445 403 1507 duo
426 1447 594 1506 communia
618 1445 656 1506 ab
679 1455 805 1526 utroque
828 1445 933 1516 trahit,
958 1453 1016 1506 tam
1039 1465 1056 1507 a
1079 1449 1199 1508 nomine
1215 1464 1303 1524 quam
1323 1445 1456 1508 averto.
1487 1445 1654 1506 videamusu

342 1546 456 1626 singula
480 1548 642 1610 secundum
666 1550 796 1610 uomina.

224 1653 282 1713 tto,
296 1655 329 1703 32
427 1650 543 1710 Genera
565 1651 728 1729 participiis
749 1650 888 1712 accidunt
912 1658 1051 1731 qrrattuor
1083 1649 1432 1723 tantum,1uascuiinum
1459 1650 1625 1712 femininum

342 1750 474 1812 neutrale
503 1759 532 1813 et
560 1770 717 1814 commuue
745 1771 781 1814 ex
803 1752 899 1813 trihus
921 1751 1089 1830 generibus.
1136 1761 1166 1814 et
1185 1771 1304 1832 semper
1324 1753 1398 1813 istae
1419 1751 1540 1832 regulae
1560 1753 1625 1813 fixae

341 1862 424 1913 sunt:
453 1871 572 1932 semper
599 1853 795 1916 masculinum
822 1856 1011 1935 participium
1038 1856 1069 1914 in
1098 1873 1133 1916 us
1156 1857 1229 1927 exit,
1251 1855 1428 1917 femininum
1451 1856 1483 1915 in
1505 1873 1539 1924 a,
1560 1873 1625 1914 ncu·
1707 1912 1708 1915 ,

341 1963 422 2015 trum
450 1955 479 2016 in
508 1972 557 2016 um
589 1953 722 2037 [semper
749 1955 830 2018 nutto
860 1964 984 2037 excepto
1010 1955 1198 2038 participio],
1228 1975 1388 2018 commune
1416 1959 1448 2018 in
1477 1958 1654 2018 ansetin1⁵

342 2073 408 2126 cua,
437 2056 467 2116 id
498 2064 542 2116 est
569 2058 599 2116 in
621 2075 641 2117 n
665 2065 694 2118 ct
715 2077 745 2127 s,
774 2077 833 2120 non
861 2068 895 2119 ut
921 2057 1030 2119 habeat
1055 2078 1072 2120 a
1102 2068 1152 2122 aut
1178 2060 1287 2121 habeat
1307 2079 1338 2130 c,
1370 2059 1423 2120 sed
1447 2057 1451 2140 1
1475 2066 1508 2120 ut
1529 2057 1655 2120 habeat.

341 2156 415 2219 duas
442 2164 654 2229 consonautcs;
682 2161 743 2220 sive
772 2179 788 2220 a
816 2160 986 2230 antecedat,
1015 2162 1077 2223 sire
1105 2180 1121 2222 ε
1149 2161 1318 2233 antecedat,
1346 2161 1407 2222 hoc
1427 2178 1488 2221 non
1511 2163 1624 2240 cogites,

340 2261 392 2322 scd
422 2268 532 2322 tautum
562 2260 650 2322 modo
677 2259 742 2324 illas
770 2259 843 2324 duas
872 2272 1080 2325 consonantes.
1125 2272 1159 2325 ut
1184 2271 1255 2343 puta
1282 2261 1366 2325 verbi
1394 2280 1481 2324 causa
1517 2263 1626 2325 auditus

340 2363 437 2424 audita
466 2363 613 2434 auditum,
642 2363 774 2425 audiens.
819 2383 889 2426 nam
915 2384 1058 2446 praesens
1087 2367 1277 2446 participium
1299 2365 1391 2426 trium
1411 2382 1555 2443 generum
1577 2370 1624 2432 est,

339 2465 426 2526 aliter
455 2484 514 2528 non
541 2473 640 2546 potest
666 2466 794 2528 inveniri
822 2466 900 2546 apud
927 2467 1057 2529 Latinos.
1100 2466 1216 2529 nulium
1244 2476 1289 2528 est
1316 2468 1396 2528 enim
1425 2467 1505 2546 quud
1527 2465 1654 2527 trabeato

340 2568 398 2630 duo
430 2585 555 2646 genera,
590 2568 641 2630 scd
669 2574 720 2630 aut
747 2566 945 2630 masculinum
972 2577 1031 2640 est,
1059 2577 1093 2631 ut
1118 2568 1279 2649 legendus,
1307 2577 1357 2630 aut
1383 2569 1572 2636 femininum,
1597 2575 1626 2626 ut

339 2652 476 2748 tegenda,
506 2678 557 2730 aut
583 2679 740 2740 neutrum,
769 2676 802 2730 ut
829 2669 1002 2748 legendum,
1030 2678 1082 2732 aut
1104 2689 1262 2732 commuue
1285 2689 1321 2732 err
1342 2669 1439 2732 uitus
1460 2669 1624 2748 generibus,

339 2779 372 2832 ut
394 2778 440 2833 est
460 2771 573 2851 legens.
611 2780 641 2832 et
661 2789 805 2853 praesens
827 2773 1018 2854 participium
1042 2773 1097 2834 tria
1120 2773 1248 2835 sustinet
1268 2789 1377 2851 genera
1401 2771 1489 2833 simul
1510 2788 1624 2839 conexa,

338 2877 534 2953 praeteritum
556 2876 746 2955 participium
768 2877 824 2936 tria
848 2874 955 2945 divisa,
984 2876 1118 2937 futurum
1140 2877 1330 2955 participium
1352 2875 1409 2935 tria
1430 2873 1565 2935 similiter
1585 2873 1623 2933 di-

338 2977 409 3035 risa.
455 2994 522 3036 nam
546 2976 664 3053 quando
688 2976 755 3036 dico
778 2976 894 3054 legem,
923 2978 978 3037 tria
998 2995 1110 3055 genera
1131 2985 1214 3046 sunt,
1236 2976 1339 3057 legens
1361 2978 1420 3047 vir,
1442 2974 1545 3054 legens
1565 2988 1655 3036 muto

337 3076 408 3147 iter,
436 3076 540 3155 legens
573 3078 762 3157 mancipium.
807 3097 823 3137 ε
856 3080 1007 3139 contrario
1040 3081 1228 3163 participium
1261 3080 1456 3159 praeteritum
1490 3077 1625 3137 discernit

337 3197 446 3255 genus,
470 3178 565 3240 iectus
587 3177 663 3241 lecta
686 3178 811 3250 lectum,
835 3188 865 3242 ct
886 3181 1018 3241 iuturum
1041 3181 1252 3261 participium,¹
1270 3182 1377 3243 sivein
1393 3179 1549 3241 dusexeat
1569 3180 1624 3239 sire

336 3282 365 3341 in
389 3300 455 3351 rua,
477 3280 622 3359 tegendus
643 3280 769 3361 legenda
790 3280 967 3359 legendum,
992 3281 1121 3344 tecturus
1144 3280 1258 3344 iectura
1281 3283 1438 3345 tecturam.
1483 3282 1624 3343 istasunt

336 3400 445 3459 genera
467 3390 583 3443 tantum
605 3383 704 3444 modo.

236 3496 359 3558 tlt,3·
421 3484 512 3545 Casus
534 3485 673 3545 accidunt
693 3486 856 3567 participiis
879 3493 936 3555 tot,
960 3494 1031 3567 quot
1046 3488 1134 3548 etiam
1149 3486 1289 3549 accidunt
1303 3480 1431 3557 nomini,
1454 3484 1485 3545 id
1507 3491 1552 3547 est
1564 3498 1655 3551 senat
1707 3491 1708 3502 ¹

220 3562 277 3619 ‘³¹³’
295 3565 438 3665 ¹⁵iegens
460 3586 584 3664 legentis
605 3584 716 3665 legenti
739 3585 885 3663 tegentem
908 3588 1045 3667 tegensa
1068 3588 1194 3667 legente.
1239 3596 1268 3649 et
1291 3591 1359 3669 quia
1381 3588 1441 3649 utri
1463 3605 1480 3647 a
1500 3586 1623 3666 legente,

335 3689 488 3767 quaeritur
511 3696 610 3749 utrum
633 3690 788 3768 participia
811 3691 841 3749 in
866 3692 874 3749 i
898 3696 1018 3759 exeant,
1041 3709 1078 3751 au
1101 3692 1132 3751 in
1154 3711 1179 3780 e..
1225 3692 1390 3772 quaesitum
1413 3697 1458 3751 est
1479 3690 1530 3751 diu
1551 3687 1622 3777 apud
1707 3673 1708 3704 r

335 3789 541 3873 artiigrapiros.
588 3799 617 3853 ct
643 3784 722 3852 scire
750 3790 842 3851 debes
869 3793 939 3872 quia
967 3811 1055 3853 omne
1083 3794 1273 3872 participium
1295 3793 1463 3873 praesentis
1484 3793 1623 3873 temporis

335 3911 351 3951 e
374 3894 561 3953 terminatur.
604 3894 629 3953 si
652 3891 768 3973 quaudo
790 3896 940 3954 inveneris
962 3895 972 3954 i
994 3895 1162 3964 terminari,
1185 3904 1235 3955 aut
1256 3896 1418 3957 necessitas
1439 3896 1510 3956 iacit
1530 3892 1621 3959 m'eiri,

335 4002 387 4054 aut
408 4002 489 4057 certe
513 3996 653 4075 quoniam
674 3993 764 4055 habet
786 3996 995 4073 cognationem
1017 4013 1085 4056 cum
1108 3997 1238 4058 nomine.
1276 3996 1313 4057 ab
1335 3996 1394 4057 hoc
1413 3993 1534 4073 legente
1555 3994 1655 4054 dici-³⁵

335 4114 416 4167 mus,
446 4116 517 4177 ergo
545 4098 733 4176 participium
761 4106 814 4158 est.
861 4096 990 4158 diximus
1017 4096 1096 4177 quod
1125 4116 1227 4160 amans
1254 4106 1283 4158 et
1309 4116 1420 4162 nomen
1441 4103 1621 4177 potestesse

403 4266 417 4318 1
437 4276 462 4317 ει
479 4267 639 4333 participium
659 4276 696 4316 est
714 4274 739 4315 et
756 4282 846 4319 nomon
866 4268 909 4319 Co
926 4274 952 4317 et
968 4266 1129 4332 participium
1145 4267 1194 4316 erit
1211 4282 1301 4316 nomen
1319 4268 1346 4316 A
1365 4274 1391 4317 ct
1407 4267 1568 4333 participium
1583 4274 1620 4314 est

333 4346 358 4386 et
374 4351 467 4387 nomen
486 4346 526 4387 est
540 4338 566 4387 B
653 4338 675 4385 si
690 4333 768 4387 iaciat
781 4338 828 4387 Ba
847 4338 869 4387 ai
888 4336 951 4387 iecit
964 4338 1019 4388 AG
1100 4338 1230 4402 dpnrtem
1247 4338 1333 4404 capiat
1349 4339 1461 4387 nominis
1477 4346 1620 4403 partemque

265 4452 270 4463 ,
334 4407 406 4456 uerbi
423 4406 586 4471 BGpartem
601 4408 791 4472 capitncmiuis
809 4416 907 4472 partem
923 4408 990 4473 cepit
1005 4406 1078 4457 uerbi
1095 4407 1121 4457 A
1192 4407 1224 4458 15
1242 4408 1311 4457 nullo
1326 4423 1373 4461 om.
1391 4407 1431 4459 Cb
1489 4406 1619 4473 participio

333 4492 465 4526 commune
482 4476 507 4525 in
528 4492 574 4526 ans
594 4484 619 4525 et
636 4476 675 4543 (in
689 4491 735 4525 ans
751 4486 775 4526 et
792 4494 838 4529 om.
850 4477 888 4543 B)
905 4478 931 4526 in
947 4491 993 4527 ens
1007 4476 1080 4528 nea
1094 4475 1256 4543 participium
1270 4478 1296 4526 iu
1314 4477 1370 4527 istis
1383 4478 1408 4526 A
1462 4476 1496 4529 16
1507 4476 1533 4526 id
1545 4485 1580 4525 est
1593 4475 1619 4522 in

333 4546 719 4597 netsOdidestnetaAB
772 4545 1378 4611 uonuthobeatnA(?)B0nonuthabetan
1431 4546 1618 4596 seduthebees

332 4630 400 4670 corr.
421 4624 459 4666 ·at
474 4616 499 4665 A
586 4615 618 4667 17
638 4618 693 4666 stuc
711 4631 724 4663 a
743 4617 875 4667 antecedat
893 4619 982 4666 oiuec
1004 4618 1137 4667 antecedet
1154 4617 1227 4669 Rea
1248 4618 1304 4666 siue
1325 4633 1342 4667 a
1364 4616 1513 4666 antecedent
1535 4616 1587 4664 siue
1603 4630 1618 4661 e

332 4686 481 4735 antecedant
499 4687 524 4733 A
595 4685 629 4736 20
647 4687 720 4735 aliter
733 4700 780 4739 om.
800 4686 860 4749 Bc,
878 4688 906 4735 in
924 4702 1006 4751 ειπερ.
1025 4687 1187 4752 odacriptm,
1205 4687 1254 4738 ced
1266 4695 1359 4752 postea
1374 4687 1483 4736 deletam
1496 4692 1535 4736 eet
1551 4687 1575 4733 io
1592 4684 1618 4733 A

401 4756 515 4805 inuenire
533 4756 558 4804 A
629 4756 724 4805 nulium
740 4766 778 4807 cst
793 4758 860 4807 enim
874 4754 935 4807 AB
951 4756 1031 4807 ulium
1048 4758 1158 4809 esseGb
1228 4758 1262 4809 35
1278 4758 1310 4807 nb
1327 4756 1377 4806 hoc
1393 4755 1493 4823 legente
1507 4750 1568 4807 aa*
1584 4753 1642 4802 roff

331 4824 380 4875 hoc
398 4824 493 4891 tegenti
511 4826 566 4875 AC
