3525 5600
316 390 379 454 218
777 355 781 360 ’
885 397 1040 460 nouem

342 513 364 554 p.
378 503 468 544 att-m
482 503 504 544 L.

316 599 383 674 rum
411 585 604 662 apertissime.
650 604 718 646 nam
745 587 770 646 si
797 583 869 646 dicis
897 588 1053 668 participia
1086 606 1151 648 esse
1183 584 1343 656 declinata,
1378 584 1488 647 debent
1521 590 1600 650 etiam

316 691 451 765 tempora
473 689 612 748 retinere.
657 687 717 748 duo
739 694 808 748 sunt
829 689 983 768 participia
1004 691 1069 760 isla,
1093 708 1184 751 unum
1207 691 1355 759 futurum,
1378 707 1470 750 unum
1492 699 1600 769 praete·

316 789 416 848 ritum
460 786 577 868 legendi
600 788 657 850 erit
679 790 771 851 loturi
793 791 999 870 participium,
1022 790 1149 870 legendo
1170 792 1264 853 luturi
1285 791 1485 871 participium,
1508 789 1600 869 legen·

317 889 386 950 dum
413 889 504 952 iuturi
526 893 729 972 participium
759 891 869 955 lectum
891 895 951 955 iam
972 895 1126 974 praeteriti
1147 893 1335 973 participium
1359 895 1425 954 erit.
1471 909 1542 970 ergo
1562 895 1602 954 iac

317 989 531 1061 elocutionem
560 992 708 1054 rideamus
736 996 760 1056 si
789 1002 848 1056 stat
869 994 1005 1058 elocutio.
1052 1007 1124 1076 puta
1146 993 1290 1073 ‘legendo
1313 993 1438 1055 didici':
1475 994 1546 1074 quid
1565 1004 1623 1057 esta

316 1093 461 1172 ‘legendo
475 1093 611 1156 ordior?
639 1093 738 1188 idest
759 1096 847 1158 ‘dum
869 1096 953 1176 lego,
977 1097 1094 1169 didici',
1118 1116 1178 1159 uon
1201 1095 1378 1175 ‘legendum
1401 1095 1474 1157 milri
1496 1105 1556 1166 est,
1576 1107 1605 1158 ut

317 1195 456 1258 discam’.
504 1195 660 1274 legendum
689 1200 876 1279 participium
907 1207 953 1261 est
972 1201 1067 1262 futuri
1088 1201 1246 1278 temporis,
1269 1201 1295 1260 si
1316 1198 1392 1260 dicis
1415 1201 1500 1260 istam
1522 1198 1604 1260 decli·
1702 1224 1708 1259 ι

317 1299 465 1360 nationem
489 1298 559 1360 inde
582 1298 773 1362 descendere.
821 1319 894 1380 ergo
916 1301 1033 1382 quando
1057 1301 1123 1362 dieo
1145 1300 1292 1381 ‘legendo
1320 1300 1437 1374 didici',
1467 1319 1528 1363 uon
1555 1301 1605 1362 hoe
1704 1268 1709 1347 Ῐ

317 1399 399 1471 dico,
424 1400 509 1461 ‘ideo
525 1401 629 1473 didici,
647 1404 785 1481 quoniam
802 1401 889 1481 legi',
906 1403 958 1464 sed
975 1404 1031 1465 erit
1046 1401 1117 1475 hoc,
1140 1408 1279 1484 ‘possum
1294 1403 1424 1476 discere,
1448 1406 1473 1465 si
1488 1403 1604 1482 legam’.

318 1513 348 1564 et
369 1505 445 1565 ratio
467 1503 524 1565 lroc
546 1504 665 1566 refutat.
696 1523 763 1566 nam
786 1504 906 1586 quando
928 1505 995 1567 dieo
1017 1503 1193 1567 ‘scribendo
1217 1505 1307 1567 didici
1316 1509 1337 1575 ',
1362 1505 1509 1566 ‘natando
1531 1506 1604 1575 teci',
1617 1524 1637 1560 u

317 1607 376 1668 iam
392 1607 435 1668 sic
458 1605 539 1676 dico,
563 1609 647 1684 quasi
662 1607 699 1666 de
714 1625 747 1668 re
762 1607 897 1686 perlecta
913 1616 942 1669 et
957 1609 1041 1688 quasi
1056 1607 1142 1669 dere
1158 1615 1315 1670 transacta.
1347 1626 1419 1687 ergo
1440 1626 1499 1688 qno
1524 1607 1606 1668 modo

318 1710 427 1788 poterit
447 1725 553 1769 sensus
576 1725 642 1769 esse
670 1709 837 1789 perlectus,
868 1728 935 1770 cnm
965 1712 1004 1770 sit
1031 1711 1218 1790 participium
1248 1709 1345 1771 adhuc
1373 1710 1524 1772 loturum?
1552 1729 1606 1770 noo

318 1811 464 1889 congruit.
499 1827 569 1871 ecee
591 1829 646 1890 qua
674 1811 790 1872 ratione
812 1809 925 1872 iactum
948 1819 992 1872 est
1015 1820 1047 1872 ut
1069 1830 1129 1872 nou
1152 1811 1287 1873 dicantur
1308 1812 1476 1893 participia.
1520 1812 1607 1890 parti·

319 1913 395 1992 cipia
416 1913 514 1973 omnia
537 1930 698 1991 numquam
721 1914 914 1974 inveniuntur
935 1915 966 1974 in
985 1932 1006 1974 n
1029 1915 1121 1975 exire.
1164 1913 1283 1992 legendi
1304 1912 1431 1992 legendo
1452 1912 1608 1992 legendum

318 2013 427 2075 lectum
449 2013 542 2074 lectu:
565 2015 590 2074 si
612 2015 801 2096 participium
825 2023 882 2086 εει,
907 2033 983 2094 quae
1007 2012 1011 2097 l
1036 2021 1082 2076 est
1102 2017 1159 2077 ista
1182 2014 1358 2076 declinatio?
1391 2017 1520 2077 sienim
1543 2031 1641 2095 par-n

317 2117 452 2196 ticipium
475 2123 566 2186 esset,
589 2118 621 2178 in
644 2135 661 2176 o
685 2119 766 2178 exire
789 2117 926 2189 deberet,
950 2137 1010 2179 nou
1032 2120 1063 2179 in
1086 2137 1116 2179 u.
1154 2125 1199 2180 est
1221 2120 1310 2178 etiam
1331 2119 1419 2203 tertia
1440 2136 1491 2180 res
1512 2116 1608 2178 ralen·

317 2217 444 2288 tissima,
474 2226 577 2279 contra
600 2235 688 2298 quam
711 2237 770 2280 uon
799 2227 886 2301 potes
907 2219 1107 2301 respondere,
1132 2228 1163 2281 et
1184 2227 1230 2281 εει
1250 2218 1333 2280 illud.
1378 2218 1465 2300 quale
1488 2227 1534 2280 est
1554 2218 1610 2278 hoc

317 2321 525 2401 participium?
546 2321 692 2400 passivum
715 2329 766 2392 εει,
790 2321 909 2400 legendi
923 2323 1112 2402 participium
1127 2324 1273 2402 passivum
1290 2329 1348 2391 est,
1372 2329 1402 2382 ει
1424 2321 1520 2383 lectus
1541 2339 1609 2401 par·
1669 2353 1672 2358 ·

316 2425 452 2503 ticipiurn
479 2424 627 2502 passivum
656 2430 710 2484 est.
755 2423 804 2485 hic
832 2430 933 2485 autem
961 2425 1067 2486 modus
1095 2424 1224 2506 gerundi
1245 2425 1375 2485 trahitur
1398 2422 1489 2505 [non]
1511 2431 1609 2484 tama

317 2527 530 2605 significatione
552 2526 668 2606 passiva
689 2545 778 2607 quarn
800 2545 816 2587 a
838 2527 1053 2605 significatione
1075 2529 1177 2588 activa.
1621 2545 1644 2582 ao

469 2629 633 2706 frigidus
655 2629 690 2689 in
713 2630 837 2709 pratis
859 2627 1045 2690 cantando
1067 2630 1257 2708 rumpitur
1279 2630 1430 2705 anguis,

317 2731 466 2792 cantando
493 2733 658 2811 rumpitur:
682 2729 752 2812 quid
776 2737 821 2791 est
843 2731 1008 2792 cantando?
1040 2731 1110 2792 dum
1134 2732 1161 2792 ei
1183 2731 1361 2792 incantatur.
1406 2749 1477 2792 ecce
1498 2731 1611 2811 passiva

317 2834 491 2912 significatio
520 2844 565 2895 εει
591 2832 641 2894 ilio
670 2834 744 2895 loco.
790 2834 993 2897 ‘cantando
1025 2843 1063 2896 tu
1096 2832 1229 2904 illum’,
1264 2850 1335 2895 ecce
1356 2832 1408 2894 illo
1430 2831 1496 2893 loco
1519 2833 1612 2893 activa

317 2936 490 3014 significatio
514 2943 567 2997 est.
600 2934 676 3014 elige
698 2936 801 3008 modo,
826 2936 903 3015 quod
927 2938 970 2998 vis
992 2956 1057 2998 esse
1078 2938 1279 3017 participium.
1309 2937 1334 2995 si
1356 2934 1437 2995 dieas
1459 2932 1495 2995 ab
1519 2935 1613 2995 activa

318 3056 383 3099 εεεε
404 3038 633 3116 significatione,
656 3040 687 3099 in
709 3038 762 3102 illo
783 3038 849 3100 loco
871 3038 1065 3101 soloecismus
1088 3040 1158 3109 erit,
1181 3046 1214 3100 ut
1236 3036 1317 3099 dicas
1339 3036 1506 3098 ‘cantando
1529 3054 1648 3096 rum-as

318 3142 397 3221 pitur
419 3141 550 3218 anguis’,
574 3142 714 3219 quoniam
737 3139 797 3201 iilic
819 3158 911 3220 aequa
934 3150 979 3203 est
1000 3142 1184 3219 significatio.
1215 3142 1240 3201 si
1255 3140 1337 3201 dicas
1351 3140 1497 3219 passivam
1520 3137 1611 3217 signi·

317 3244 497 3311 ficationem,
527 3243 600 3303 item
628 3241 822 3305 soloecismus
850 3244 906 3303 erit
927 3244 959 3303 iu
980 3241 1032 3304 illo
1059 3243 1139 3313 loco,
1169 3241 1333 3303 ‘cantando
1354 3249 1388 3302 tu
1409 3238 1528 3310 illum’;
1551 3257 1613 3299 non

318 3342 408 3405 debet
429 3344 604 3422 significatio
628 3346 719 3405 activa
743 3346 843 3407 venire
866 3362 882 3405 a
905 3347 1063 3425 participio
1091 3345 1216 3425 passivo.
1261 3362 1329 3405 nam
1352 3342 1401 3403 hie
1423 3342 1530 3403 modus
1550 3350 1613 3402 tam

319 3465 335 3507 a
356 3447 473 3527 passivo
500 3444 591 3507 verbo
619 3464 705 3526 quam
734 3446 772 3508 ab
794 3446 889 3509 activo
911 3465 969 3509 una
991 3449 1106 3509 ratione
1128 3446 1301 3508 declinatur.
1345 3444 1473 3525 gertrudi
1495 3444 1612 3513 modus,

318 3555 388 3629 puta
411 3546 544 3627 legendi,
573 3546 610 3611 ab
638 3549 732 3609 activo
760 3556 804 3610 εει
831 3556 860 3610 ει
888 3551 1012 3629 passivo.
1058 3548 1138 3611 unde
1158 3566 1317 3628 possumus
1337 3547 1396 3609 hoc
1418 3547 1649 3608 confirmaretao

319 3668 357 3709 ne
379 3650 459 3711 dicas
481 3648 568 3721 milri,
592 3650 746 3711 confusum
770 3658 831 3720 est,
856 3658 887 3711 ει
910 3653 913 3730 Ι
938 3670 997 3712 non
1019 3649 1176 3728 intellego,
1200 3649 1333 3711 dieamus
1354 3668 1371 3710 a
1394 3646 1521 3711 neutrali
1542 3656 1573 3708 et
1596 3664 1612 3706 a

318 3752 488 3832 deponenti.
534 3769 550 3811 a
573 3749 700 3811 neutrali
721 3750 810 3813 verbo
834 3754 1023 3815 manifestum
1046 3760 1090 3814 est
1112 3753 1251 3833 quoniam
1273 3770 1334 3813 non
1356 3746 1401 3813 est
1423 3752 1537 3832 passim
1558 3748 1612 3810 de·

318 3855 452 3925 clinatio,
482 3862 511 3915 et
537 3854 568 3913 in
596 3851 756 3932 deponenti
784 3853 875 3915 verbo
904 3855 1094 3915 manifestum
1121 3862 1167 3916 est
1193 3856 1334 3934 quoniam
1362 3871 1422 3913 non
1452 3858 1497 3912 εει
1517 3852 1613 3911 activa

319 3956 485 4019 declinatio.
531 3973 602 4034 ergo
624 3956 648 4017 si
671 3974 730 4016 uon
752 3964 850 4036 potest
872 3956 910 4017 ab
931 3965 1057 4037 utraque
1079 3964 1164 4037 parte
1187 3958 1302 4029 venire,
1334 3960 1450 4016 constat
1471 3954 1614 4031 quoniam

319 4052 357 4121 ab
379 4066 504 4136 utraque
530 4063 615 4138 parte
637 4056 772 4119 similiter
799 4060 938 4121 nascitur.
984 4077 1054 4120 ecce
1082 4058 1217 4127 natandi,
1242 4054 1429 4139 [ecce1nato
1451 4052 1614 4116 declinatio
1627 4076 1653 4115 aa

320 4168 378 4230 εει,
408 4160 460 4221 sed
489 4166 603 4223 tantum
632 4160 720 4222 modo
748 4162 856 4230 actium
885 4163 958 4222 item
980 4160 1133 4241 loquendi,
1163 4160 1272 4239 loquor
1294 4158 1453 4220 declinatio
1476 4165 1534 4225 est,
1556 4154 1615 4216 sed

318 4271 432 4325 tantum
460 4263 549 4324 modo
576 4265 699 4344 passiva.
746 4264 771 4323 si
798 4270 828 4325 et
855 4262 976 4325 natandi
1002 4262 1128 4324 dicimus
1155 4270 1184 4323 et
1211 4260 1353 4342 loquendi
1375 4261 1516 4330 dicimus,
1539 4274 1616 4318 ecce

319 4385 377 4427 una
399 4363 558 4427 declinatio
574 4374 632 4437 est,
656 4364 784 4427 natando
797 4363 963 4445 loquendo,
978 4365 1139 4429 natandum
1155 4362 1353 4444 loquendum,
1377 4370 1479 4423 natatu
1499 4359 1614 4422 locutu.

387 4604 404 4655 3
424 4604 531 4671 legendo
548 4634 578 4641 -
595 4607 611 4655 4
629 4604 709 4654 iuturi
725 4604 888 4670 participium
906 4620 953 4655 om.
972 4602 1042 4666 ΑΒ,
1060 4604 1121 4653 add.
1139 4619 1157 4653 a
1209 4602 1226 4651 8
1244 4601 1400 4652 descendere
1417 4602 1443 4650 B
1460 4596 1615 4649 discendere

320 4676 360 4726 Oa
377 4676 521 4725 discernere
535 4675 559 4724 Α
650 4676 681 4726 12
700 4690 757 4725 cum
777 4683 801 4723 et
819 4674 980 4739 participium
998 4674 1068 4723 BGu
1085 4688 1142 4722 cum
1162 4672 1322 4737 participium
1343 4670 1367 4719 Α
1453 4670 1486 4721 16
1501 4684 1540 4717 res
1556 4682 1613 4716 on.

321 4744 401 4796 ABG
471 4744 605 4813 liquam]
628 4745 736 4809 quodC
788 4752 872 4811 potest
890 4742 942 4792 Ao
1000 4744 1162 4793 ntestillnd
1178 4740 1428 4793 BGazutilludA
1486 4736 1616 4802 elingi-

320 4812 379 4882 dus]
403 4816 480 4882 Verp.
497 4814 575 4866 bucol.
597 4819 623 4873 ὅ,
643 4815 674 4867 71
747 4816 843 4879 paratis
860 4828 930 4863 corr.
948 4814 1029 4876 pratis
1043 4813 1067 4861 A
1137 4814 1171 4863 22
1189 4813 1317 4877 rumpitur
1332 4827 1350 4860 a
1367 4810 1461 4878 rumpit
1477 4807 1555 4857 ABG

321 4885 382 4949 quid
403 4894 441 4937 εει
456 4900 503 4938 om,
520 4885 553 4951 A,
570 4886 631 4938 add.
647 4902 665 4935 a
734 4882 768 4935 23
787 4880 922 4951 ounuudo]
946 4884 1027 4949 Verp.
1047 4882 1128 4934 boeot.
1146 4883 1171 4943 3,
1191 4884 1224 4933 25
1294 4882 1327 4933 24
1343 4880 1446 4931 modurn
1461 4876 1539 4928 Ano
