3525 5600
815 337 887 400 ARS
1431 335 1492 400 541

801 456 803 463 =
1290 459 1312 499 p.
1322 447 1424 487 raro-re
1435 445 1459 489 P.

202 526 315 670 mipum
338 527 521 606 scripsimus.
552 545 644 605 pauca
661 528 696 588 de
712 527 942 607 pronominibus
962 527 1112 597 dicamus,
1135 527 1298 608 inquibus
1320 545 1379 587 non
1402 527 1492 588 ardua

202 628 295 670 moes
317 618 372 672 est.
1465 643 1469 650 ·

698 782 747 843 DE
775 781 997 845 PRONOMINE

287 903 466 962 Pronomina
491 909 542 962 aut
564 903 646 962 linita
670 907 739 960 sunt
761 909 811 962 ant
834 904 949 963 inlinita
973 909 1023 963 ant
1044 905 1143 962 minus
1165 922 1253 982 quam
1275 904 1368 962 linita.
1411 904 1493 964 linita

176 994 273 1046 ssnnt
294 1006 369 1066 quae
391 995 495 1047 notant
515 995 627 1048 certam
655 1005 828 1065 personam,
857 996 891 1047 nt
913 1006 983 1064 ego;
1012 989 1141 1058 infinita,
1170 995 1203 1048 nt
1225 990 1292 1068 quis
1313 991 1492 1068 quicumque

202 1072 321 1151 aliquis.
367 1075 466 1133 minus
488 1091 577 1152 (qnam
600 1073 682 1132 linita
706 1082 776 1133 sunt
798 1076 973 1151 pronomina
995 1093 1070 1152 qnae
1094 1091 1151 1133 non
1174 1074 1217 1132 sic
1239 1073 1325 1151 plene
1349 1074 1494 1133 definiunt

201 1176 377 1236 personam,
401 1165 513 1218 utnon
536 1164 643 1234 egeant
670 1165 886 1226 monstratore,
910 1158 1078 1239 qnovrnodo
1101 1176 1171 1236 ego:
1200 1176 1267 1218 nam
1290 1166 1319 1218 et
1341 1161 1439 1237 ipsum
1462 1167 1493 1218 tn

202 1261 261 1302 riou
284 1243 371 1322 plene
395 1244 508 1303 linitum
532 1252 591 1312 est,
615 1244 674 1302 nisi
696 1243 727 1302 in
749 1262 908 1322 personam
935 1244 1083 1303 direxeris
1106 1243 1247 1321 digitum:
1277 1246 1320 1302 sie
1344 1260 1415 1320 ergo
1437 1247 1493 1304 mi-

201 1333 369 1406 nusquam
392 1329 473 1388 finita
496 1327 621 1389 dicenda
644 1335 722 1388 sunt.
767 1327 877 1388 babent
901 1330 978 1388 enim
1002 1329 1148 1408 quandam
1171 1328 1417 1406 designationem,
1440 1330 1491 1388 sed

163 1432 262 1473 ronou
291 1412 395 1492 plenae
424 1415 664 1490 significationis,
693 1433 752 1492 qno
780 1413 866 1473 modo
894 1431 959 1491 ego.
1003 1420 1036 1475 ut
1063 1421 1133 1492 puta
1161 1433 1238 1492 pone
1269 1432 1335 1473 esse
1364 1413 1491 1482 turbam,

201 1501 326 1558 minime
349 1499 550 1575 significanter
573 1498 682 1559 dicitnr
705 1501 736 1558 in
759 1498 846 1558 turba
870 1509 918 1568 tu,
942 1518 1001 1579 qno
1023 1498 1110 1558 modo
1132 1498 1169 1559 de
1193 1495 1197 1577 l
1223 1498 1311 1558 turba
1334 1501 1358 1558 si
1383 1499 1493 1558 dixerit

200 1601 280 1644 nnus
307 1601 372 1660 ego.
416 1583 468 1643 scd
496 1591 529 1643 nt
555 1584 591 1643 de
620 1583 722 1643 multis
749 1585 951 1660 significemus
979 1601 1068 1662 quem
1095 1586 1281 1662 quaerimus,
1311 1592 1363 1643 ant
1384 1602 1492 1643 nomen

200 1668 348 1729 adicimus
377 1676 426 1728 ant
454 1669 579 1745 digitum
607 1669 803 1738 intendimus,
833 1676 865 1728 ut
897 1677 1039 1748 appareat
1072 1671 1196 1738 certius,
1226 1687 1314 1749 quem
1343 1687 1491 1729 vocemus.

200 1771 274 1830 ergo
297 1761 325 1813 et
349 1762 380 1812 tn
402 1760 432 1813 ot
454 1753 503 1814 ille
527 1761 557 1814 et
579 1757 635 1814 iste
658 1760 687 1812 et
709 1753 758 1814 hie
781 1761 810 1812 et
833 1754 900 1822 alia,
923 1773 998 1832 quae
1021 1756 1106 1832 quasi
1128 1761 1254 1833 possunt
1275 1773 1311 1812 ox
1333 1760 1418 1831 parte
1441 1754 1491 1813 dc-

162 1859 186 1897 15
199 1841 289 1899 finire
312 1857 483 1917 personam,
508 1841 607 1898 minns
630 1856 718 1918 quam
739 1839 822 1900 finita
845 1838 975 1898 vocanda
998 1846 1077 1900 sunt.

286 1923 412 2000 Regula:
436 1925 531 2002 prima
554 1941 697 2003 persona,
720 1941 796 2002 qnae
819 1923 931 1984 dicitur
953 1941 1025 2001 ego,
1048 1926 1163 1984 tamin
1185 1923 1328 2001 singulari
1350 1926 1492 2003 qnam-in

199 2008 308 2088 plurali
336 2026 461 2068 numero
490 2027 548 2069 non
576 2008 667 2069 habet
694 2011 857 2069 vocativum
887 2027 1002 2078 casum,
1032 2012 1101 2089 qnia
1129 2027 1215 2068 nemo
1243 2028 1274 2069 se
1303 2016 1396 2068 vocat.
1440 2008 1492 2068 sed

199 2113 269 2153 cnm
290 2095 367 2154 lorte
396 2096 556 2171 contigerit
583 2102 616 2154 ut
643 2094 776 2153 dicamus
804 2114 821 2153 o
844 2111 915 2170 ego,
944 2112 1053 2165 onos,
1076 2112 1134 2154 non
1157 2102 1216 2155 tam
1238 2096 1422 2173 pronominis
1444 2113 1492 2154 ra·

198 2181 282 2239 tione
306 2198 393 2258 qnmn
417 2180 650 2247 interiectionis,
674 2177 704 2238 id
728 2185 774 2238 est
796 2178 914 2239 dolendi
936 2181 1031 2256 gratia
1053 2198 1142 2258 qnam
1163 2180 1297 2239 vocandi.

159 2285 184 2322 ao
286 2262 440 2334 Quaestio,
465 2283 481 2324 a
503 2283 561 2344 qua
584 2264 782 2323 declinatione
811 2267 910 2325 veniat
935 2266 1017 2343 quis,
1045 2263 1123 2344 quod
1146 2265 1295 2341 significat
1317 2263 1438 2343 qnibnS,
1463 2271 1493 2324 ct

200 2349 279 2408 rrnde
303 2353 401 2410 veniat
422 2351 519 2427 ipsum
542 2348 665 2428 quibus,
695 2366 762 2408 cum
790 2349 927 2409 dicimus.
972 2350 1024 2408 sed
1053 2349 1168 2410 dativus
1195 2349 1320 2428 pluralis
1341 2367 1408 2408 cum
1431 2352 1493 2408 exit

198 2436 284 2512 quis,
313 2434 350 2494 ab
381 2434 507 2494 ablativo
535 2434 681 2511 singulari
709 2435 792 2494 venit
819 2437 870 2514 qui
902 2436 963 2493 exit
985 2454 1000 2493 a
1023 2453 1097 2514 qno,
1121 2453 1187 2493 cnm
1211 2435 1409 2493 nominativus
1432 2435 1493 2494 exit

198 2521 274 2598 qni,¹
298 2538 355 2580 non
379 2521 461 2598 quis:
490 2537 548 2598 quo
576 2519 663 2578 modo
692 2520 722 2578 in
750 2518 923 2579 nominibus
955 2538 971 2578 a
999 2519 1084 2579 docto
1112 2520 1221 2588 doctis,
1251 2519 1367 2578 aiusto
1394 2520 1491 2588 iustis

198 2607 244 2663 sie
267 2625 283 2664 a
306 2623 363 2684 quo
386 2606 461 2683 quia.
494 2604 608 2664 dativus
631 2603 756 2683 pluralis
778 2606 829 2684 qui
852 2605 914 2664 exit
936 2606 967 2664 in
990 2604 1060 2672 bus,
1084 2604 1115 2663 id
1137 2612 1182 2664 est
1204 2603 1328 2684 quibus,
1352 2603 1389 2663 ab
1412 2602 1491 2664 abla-

157 2709 183 2748 ιι
197 2691 262 2750 tivo
283 2692 363 2749 venit
386 2689 529 2766 singulari
557 2691 607 2769 qni
637 2690 698 2748 exit
720 2708 736 2749 a
758 2691 824 2768 qni:
853 2707 914 2769 quo
940 2690 1080 2749 modain
1104 2686 1271 2749 nominibus
1294 2691 1393 2749 omnia
1415 2707 1491 2768 quac

197 2781 310 2835 exeunt
331 2775 362 2835 in
385 2774 511 2835 ablativo
534 2777 565 2835 in
588 2776 598 2834 i
620 2774 750 2835 dativum
772 2773 918 2855 pluralem
939 2777 971 2835 iu
995 2774 1051 2835 bns
1071 2776 1201 2845 mittunt,
1226 2776 1321 2858 sicin
1345 2773 1400 2834 boc
1423 2792 1491 2854 pro-

196 2863 319 2921 nomine
354 2880 369 2919 ιι
397 2862 448 2939 qni
481 2859 623 2929 ablativo,
660 2860 759 2919 dativo
786 2863 818 2920 in
850 2859 921 2928 bus,
949 2860 1068 2939 quibus.
1114 2862 1179 2919 eins
1206 2862 1406 2920 nominativus
1433 2862 1492 2919 erit

196 2948 283 3024 qniS,
306 2964 364 3005 non
387 2946 455 3025 qui,
479 2944 556 3024 quod
580 2947 695 3025 antiqui
717 2948 866 3005 communi
881 2963 991 3022 genere
1014 2945 1171 3013 dixerunt,
1194 2945 1244 3004 hic
1267 2952 1297 3004 et
1317 2946 1391 3004 haec
1412 2947 1490 3023 quis

197 3029 235 3090 ab
253 3030 307 3089 boc
323 3038 353 3090 et
375 3029 412 3089 ab
436 3030 490 3089 bac
512 3033 581 3109 qni;
604 3037 637 3089 ιιι
659 3029 695 3089 ab
712 3048 747 3089 eo
763 3031 937 3109 frequenter
951 3032 1120 3090 invenimus
1134 3030 1244 3090 lectum
1258 3032 1388 3109 quicum,
1412 3030 1494 3109 quod¹

155 3136 182 3173 so
197 3117 348 3191 significat
370 3134 437 3175 cum
460 3134 519 3194 quo
540 3115 585 3174 vel
608 3134 676 3175 cum
698 3134 765 3196 qna.
796 3134 864 3175 nam
879 3115 1022 3192 Virgilius
1037 3117 1093 3184 ait,
1117 3134 1184 3174 cnm
1207 3115 1243 3175 de
1264 3116 1374 3175 femina
1389 3115 1490 3194 loque-

196 3208 300 3270 retur,
324 3199 490 3279 ‘quicum
513 3203 656 3279 partiri
678 3205 813 3270 curas',
837 3200 867 3260 id
891 3207 937 3260 est
958 3219 1025 3259 cnm
1047 3204 1105 3279 'qua
1127 3202 1245 3279 partiri.
1562 3267 1569 3281 s

284 3284 423 3355 Quaestio
445 3284 501 3345 alia
524 3286 723 3364 pronominis
752 3304 827 3365 qnae
849 3288 891 3345 ita
913 3285 1039 3345 obscura
1062 3294 1120 3354 est,
1144 3286 1246 3344 utrix
1270 3303 1285 3344 a
1308 3286 1410 3363 paneis
1432 3284 1491 3343 sol·

195 3379 298 3440 vatur,
322 3388 429 3449 qnare,
453 3389 520 3431 oum
544 3370 676 3431 dicamus
697 3370 771 3430 illud
793 3371 873 3431 istud
896 3372 926 3430 in
949 3388 1059 3447 genere
1082 3377 1197 3438 neutro,
1220 3376 1340 3449 utputa
1355 3369 1427 3429 illud
1445 3369 1491 3429 vel

195 3455 279 3515 istud
302 3456 459 3534 templum,
489 3456 578 3534 ipsud
600 3474 658 3515 non
681 3456 828 3525 dicamus,
858 3456 911 3515 sed
934 3458 1041 3534 ipsimi.
1087 3455 1138 3515 sed
1161 3473 1236 3534 quae
1259 3457 1290 3514 in
1313 3472 1330 3512 e
1353 3456 1491 3513 exierunt

155 3560 181 3599 as
195 3544 229 3600 in
259 3540 446 3609 masculinis,
475 3542 540 3619 ipsa
568 3548 637 3601 sunt
664 3559 739 3619 quae
768 3560 862 3618 genus
890 3547 1029 3601 nentrum
1058 3542 1101 3600 sic
1127 3542 1279 3609 lecerunt,
1303 3538 1376 3599 illud
1399 3539 1488 3599 istud.

193 3628 295 3705 ipsnm
317 3644 387 3685 vero
410 3625 493 3694 ideo,
522 3644 580 3685 non
609 3625 710 3705 ipsud,
741 3629 811 3706 quia
839 3626 917 3705 apud
946 3628 1083 3705 antiquos
1105 3629 1199 3702 magis
1221 3628 1252 3684 in
1276 3643 1310 3683 us
1334 3624 1493 3684 mittebant

196 3712 413 3771 nominativum
435 3712 557 3788 generis
578 3710 752 3781 masculini,
781 3718 814 3771 nt
842 3710 976 3771 dicerent
997 3712 1090 3790 ipsus.
1134 3711 1191 3770 hoc
1213 3708 1357 3770 babemus
1380 3711 1411 3768 in
1434 3708 1491 3767 'le-

196 3798 311 3864 rentio,
334 3798 435 3874 ‘ipsus
457 3795 646 3875 Pamphilus'
669 3796 755 3866 dixit,
785 3815 844 3855 non
873 3798 937 3875 ipse
961 3796 1142 3875 Pamphilus.
1187 3803 1217 3855 et
1239 3812 1298 3873 quo
1319 3793 1407 3853 modo
1431 3791 1434 3869 l
1459 3795 1490 3853 in

196 3880 300 3959 regula
323 3882 475 3947 nominum
504 3882 602 3941 omnia
629 3900 704 3960 quae
732 3884 764 3941 in
793 3881 959 3941 masculino
981 3899 1091 3958 genere
1120 3900 1154 3939 ns
1176 3880 1288 3940 habeut
1309 3880 1491 3939 nominativo

154 3965 341 4041 osingulari
365 3968 395 4025 in
418 3966 562 4025 leminino
585 3984 601 4026 a
624 3966 749 4035 habent,
780 3968 811 4025 ιιι
842 3974 949 4026 neutro
979 3983 1043 4037 tini,
1072 3972 1106 4025 ιιι
1127 3964 1338 4025 doctus-docta
1360 3963 1489 4031 doctum,

194 4052 264 4130 pins
287 4051 334 4129 pia
356 4052 454 4129 pium,
478 4052 522 4110 sic
545 4070 580 4110 er
603 4053 755 4111 nominum
771 4051 872 4128 regula
888 4054 1035 4111 emanavit
1056 4050 1203 4127 analogia,
1228 4058 1260 4109 nt
1282 4048 1319 4108 ab
1342 4048 1398 4108 lme
1420 4066 1489 4127 pro·

194 4137 334 4203 nominc,
363 4144 397 4195 ut
426 4144 496 4214 puta
523 4137 592 4216 quia
615 4139 698 4215 ipsus
720 4136 860 4196 dicebant
882 4138 1012 4215 antiqui,
1042 4137 1147 4196 datin
1174 4136 1319 4195 feminino
1349 4136 1428 4212 ipsa,
1457 4134 1489 4192 in

195 4226 304 4281 neutro
327 4222 439 4299 ipsum,
463 4239 522 4299 qno
545 4222 632 4281 modo
655 4222 782 4282 dicimus
804 4220 840 4281 de
863 4223 983 4280 nomine
1007 4224 1103 4281 iustus
1125 4223 1205 4280 iusta
1226 4221 1346 4279 iustum.

265 4475 282 4525 8
300 4472 437 4542 direxeris]
458 4476 554 4525 dixeris
578 4478 606 4525 V
657 4476 687 4525 ll
709 4472 882 4541 significanter
899 4474 974 4525 editio
993 4474 1150 4525 Basileensia
1167 4473 1353 4538 significantius
1373 4474 1401 4522 V
1404 4484 1421 4527 ς

195 4549 221 4596 in
239 4545 338 4595 turbam
362 4546 387 4595 V
392 4558 409 4599 ς
480 4544 511 4595 13
528 4556 555 4595 ut
573 4555 695 4610 appareat
712 4545 843 4595 Putaelrius
861 4554 904 4594 aut
916 4554 1022 4611 apparet
1040 4545 1068 4593 V
1072 4557 1089 4600 ς
1160 4542 1312 4594 redolenti
1331 4544 1488 4607 gratiacon-

195 4615 272 4680 tingit
290 4630 365 4679 quam
383 4616 492 4665 uocandi
510 4628 526 4669 ς
596 4618 630 4663 22
649 4610 830 4679 nominativus]
851 4614 977 4663 ebletiuus
995 4616 1023 4663 V
1087 4614 1122 4665 23
1139 4615 1165 4662 in
1185 4610 1339 4679 nominibus]
1362 4616 1387 4661 in
1407 4615 1488 4661 omni-

195 4687 243 4736 bus
266 4686 294 4734 V
360 4686 394 4735 24
412 4686 503 4738 ubam.
523 4687 550 4735 V
598 4685 676 4736 abab
695 4682 736 4751 eo]
757 4686 820 4733 adeo
844 4684 872 4732 V
921 4684 956 4735 30
971 4682 1108 4748 Virgilius]
1128 4684 1193 4737 Aen.
1214 4683 1250 4732 XI
1267 4683 1319 4732 822
1390 4680 1424 4731 32
1441 4684 1486 4731 uix

194 4770 252 4804 cnm
272 4756 360 4820 paneis
384 4756 411 4804 V
478 4754 511 4805 34
530 4764 657 4813 exeunte
726 4751 925 4821 semirutam]
955 4754 1158 4808 intendebant&
1227 4755 1262 4803 40
1279 4760 1307 4801 ut
1324 4767 1369 4801 orn.
1394 4753 1422 4801 V

193 4826 225 4879 41
245 4834 273 4875 ιιι
290 4826 322 4875 ιιι)
340 4822 400 4892 hoc]
421 4834 445 4875 et
464 4825 560 4876 abhoc
582 4826 610 4876 V
676 4826 709 4875 42
727 4833 788 4889 putu
805 4839 851 4879 om.
875 4825 904 4872 V
