3525 5600
321 372 384 436 160
756 367 759 371 ¹
892 373 1046 436 rouruu

345 497 367 538 p.
380 485 471 524 lte—te
483 482 507 523 L.
1715 529 1716 534 ¹

321 573 351 624 et
372 564 419 625 hic
442 562 516 624 silex
539 569 568 623 et
589 562 663 622 haec
684 561 768 622 silex.
807 561 878 640 quid
901 563 956 624 luit
977 581 1098 623 necesse
1121 569 1153 622 ut
1175 569 1224 622 aut
1245 560 1295 622 hic
1317 561 1431 622 diceret
1452 569 1502 622 aut
1524 559 1620 629 haeci'

321 683 413 742 quare
442 674 601 744 utrumque
628 665 741 742 posuit,
769 662 817 724 lric
845 663 920 724 silex
949 672 979 724 ei
1000 663 1074 725 haec
1096 662 1189 725 silex?
1217 666 1355 743 quoniam
1378 665 1433 725 ista
1455 666 1612 726 nomiuaa

321 776 425 828 natura
452 784 547 844 genus
576 784 634 825 non
663 764 788 836 habent,
820 771 850 826 et
877 785 911 826 ea
939 785 1014 847 quae
1043 786 1060 828 a
1088 777 1193 828 natura
1221 784 1280 827 non
1314 765 1424 827 habent
1455 783 1552 844 genus
1578 765 1612 826 ab

321 870 495 929 auctoritate
522 869 683 947 accipiunt.
729 866 801 930 haec
829 886 915 929 causa
943 876 988 929 est
1016 876 1049 928 ut
1069 869 1254 929 inveniamus
1276 868 1492 936 diversitatem,
1516 874 1547 927 et
1567 867 1614 927 lric

320 970 393 1031 silex
415 979 445 1030 et
465 970 540 1030 haec
562 969 644 1029 siler.
682 971 870 1030 econtrario
893 979 985 1056 qpa‘re
1007 988 1067 1031 non
1087 970 1161 1032 haec
1184 989 1278 1050 equus
1299 969 1437 1038 dicimus,
1462 968 1508 1028 rel
1525 979 1641 1047 quare⁵
1715 976 1716 1039 t

320 1092 380 1133 non
407 1073 532 1134 dicimus
560 1071 609 1130 hic
635 1068 733 1132 mula?
762 1073 948 1151 apertissime
975 1075 1085 1134 scimus
1112 1091 1167 1153 per
1193 1071 1356 1135 naturalem
1385 1072 1533 1132 rationem
1555 1089 1615 1132 non

254 1254 257 1258 Ι
319 1193 408 1254 posse
430 1174 487 1234 hoc
509 1191 603 1252 genus
624 1173 697 1234 dari.
742 1190 815 1252 ergo
846 1172 849 1252 l
877 1175 955 1236 scire
983 1174 1126 1236 dehemus
1149 1176 1287 1256 quoniam
1311 1193 1467 1254 possumus
1490 1192 1545 1236 nos
1567 1173 1617 1232 de·

319 1276 442 1338 tendere
464 1278 496 1336 in
518 1275 577 1335 illis
598 1274 773 1353 generibus,
798 1292 874 1353 quae
897 1293 1007 1353 genera
1023 1295 1079 1337 nec
1100 1286 1281 1354 generantur
1302 1293 1358 1338 nec
1380 1293 1525 1354 generare
1547 1293 1618 1355 pos·

320 1389 396 1440 sunt.
441 1376 515 1439 illud
547 1379 625 1438 scire
659 1377 763 1447 debes,
799 1378 878 1455 quod
913 1377 1003 1440 multa
1032 1387 1102 1440 sunt
1128 1397 1238 1458 genera
1267 1399 1283 1440 a
1311 1387 1430 1448 natura,
1459 1376 1550 1439 multa
1579 1377 1617 1437 ab

320 1483 504 1542 auctoritate.
547 1478 597 1540 illa
625 1499 700 1559 quae
727 1499 743 1541 a
771 1487 879 1541 natura
907 1489 977 1542 sunt
1005 1484 1154 1542 communi
1182 1501 1271 1544 sensu
1300 1482 1510 1549 discernimus
1540 1489 1656 1558 quae1⁰

319 1582 448 1645 suntab
470 1585 644 1643 auctoritate
666 1585 840 1643 auctoritate
862 1581 1066 1644 discernimus.
1111 1585 1141 1644 in
1163 1582 1221 1644 illis
1244 1583 1404 1662 generibus
1427 1600 1502 1660 quae
1524 1601 1541 1643 a
1563 1601 1618 1643 na·

276 1749 281 1755 ,
320 1694 386 1745 tura
409 1693 480 1746 sunt
501 1703 557 1745 nec
572 1682 719 1762 Vergilius
740 1702 797 1744 nec
812 1685 916 1745 Cicero
939 1702 994 1745 nec
1016 1684 1108 1764 aliqui
1130 1695 1267 1747 auctores
1290 1703 1364 1766 opus
1385 1695 1456 1746 sunt
1477 1684 1539 1752 tibi,
1563 1684 1619 1744 sed

321 1787 495 1849 naturaliter
524 1788 669 1848 rationem
700 1787 863 1863 sequimur.
909 1787 1019 1849 seimus
1047 1790 1186 1868 quoniam
1215 1786 1310 1848 debeo
1334 1787 1434 1848 dicere
1455 1785 1529 1847 haec
1552 1805 1621 1846 mu·
1715 1781 1716 1842 l

322 1888 392 1958 lier,
422 1889 471 1949 hic
498 1891 551 1948 vir.
598 1900 630 1950 ut
657 1898 756 1950 autem
783 1887 880 1948 dicam
908 1888 957 1948 hic
985 1891 1154 1970 pampinus,
1185 1908 1245 1950 non
1273 1888 1437 1951 naturalem
1471 1890 1619 1950 rationem
1715 1883 1716 1948 l

322 2010 444 2070 sequor,
473 1991 524 2052 sed
553 2010 590 2052 err
617 1991 791 2053 auctoritate
818 1989 875 2050 hoc
896 1989 978 2059 dico,
1008 1993 1148 2068 quoniam
1171 1994 1232 2052 scio
1254 1994 1293 2053 ita
1317 1993 1425 2054 lectum
1449 2009 1516 2052 esse
1538 1991 1621 2072 apud
1636 1997 1659 2038 1⁶
1715 1967 1716 2032 Ῐ

322 2093 494 2171 Vergilium.
539 2095 580 2153 ita
607 2092 674 2153 dico
701 2091 859 2171 aliquando
887 2089 1066 2162 masculino,
1099 2092 1255 2172 aliquando
1286 2094 1440 2155 feminino.
1485 2095 1511 2154 si
1543 2093 1622 2153 haec

323 2196 436 2265 omnia,
459 2175 520 2256 sive
541 2195 699 2275 pampinus
720 2196 781 2254 sive
803 2192 876 2254 silex
899 2196 959 2255 sive
982 2193 1053 2264 alia,
1076 2195 1252 2274 interrogati
1275 2197 1433 2264 fuerimus,
1459 2213 1535 2272 quae
1557 2213 1622 2254 non
1715 2197 1716 2236 i

322 2317 339 2358 a
370 2296 499 2358 naturali
532 2299 647 2359 ratione
680 2298 814 2366 veniunt,
850 2315 910 2358 non
938 2305 1006 2358 ante
1035 2297 1179 2358 debemus
1207 2297 1405 2377 respondere,
1439 2299 1496 2357 nisi
1528 2298 1622 2358 etiam
1715 2297 1716 2302 ’

323 2397 456 2478 exempla
478 2398 566 2460 nobis
587 2399 784 2460 occurrerint.
814 2407 884 2478 puta
905 2400 981 2478 siqui
1004 2407 1033 2459 te
1055 2401 1220 2477 interroget
1242 2397 1329 2460 ‘siler
1351 2401 1435 2461 cuius
1458 2406 1505 2460 est
1525 2417 1621 2476 geue·

1715 2043 1716 2074 l

1715 2087 1716 2142 l

1715 2237 1716 2296 l

321 2503 412 2572 risi',
440 2501 466 2561 si
492 2503 658 2563 occurrerit
684 2499 737 2562 tibi
771 2501 917 2562 ‘stabat
947 2507 1054 2561 acuta
1082 2499 1206 2570 silex’,
1231 2500 1312 2561 dices
1340 2502 1489 2571 feminium
1520 2502 1547 2561 si
1568 2507 1659 2561 oc·²⁰

1715 2625 1716 2672 l

1715 2715 1716 2762 l

1715 2808 1716 2837 l

1715 2854 1716 2885 l

322 2605 450 2666 currerit
471 2603 524 2664 tibi

677 2695 817 2769 quanto
838 2707 1060 2768 percussum
1083 2687 1247 2768 pondere
1270 2689 1423 2766 signent

475 2802 512 2853 et
533 2790 688 2853 laedant
710 2790 868 2861 silicem,

322 2896 403 2957 dices
425 2896 544 2973 generis
566 2893 733 2955 masculini.
763 2912 834 2972 ergo
857 2912 917 2954 non
940 2901 1008 2953 ante
1031 2892 1193 2973 debemusl
1219 2893 1318 2953 dicere
1342 2896 1398 2954 nisi
1421 2893 1569 2973 exemplis
1593 2916 1623 2953 e.

317 3016 432 3082 ,genera
460 3014 531 3076 ergo
558 2996 745 3075 principalia,
775 3012 850 3073 quae
872 3002 942 3056 sunt
964 3003 993 3055 et
1016 2996 1151 3074 propria,
1181 2995 1238 3056 duo
1260 3004 1344 3065 sunt,
1369 2994 1568 3057 masculinum
1594 3002 1659 3059 etse
1715 2986 1716 3071 l

322 3102 508 3161 femininum.
538 3097 610 3177 quid
632 3098 658 3158 si
680 3115 735 3157 nec
759 3096 954 3159 masculinum
978 3098 1015 3156 sit
1037 3115 1092 3157 nec
1115 3098 1307 3157 femininum?
1331 3099 1390 3157 iam
1406 3106 1547 3159 neutrum
1566 3106 1623 3159 εει.
1715 3082 1716 3121 l

322 3202 391 3279 quid
420 3203 445 3263 si
474 3211 503 3263 et
531 3200 724 3261 masculinum
753 3210 783 3260 et
811 3200 1005 3260 lemininum?
1041 3202 1100 3260 iam
1134 3218 1292 3260 commune
1326 3206 1379 3261 est.
1423 3200 1493 3280 quid
1528 3202 1557 3260 si
1595 3208 1626 3260 et
1715 3184 1716 3263 l

321 3303 517 3365 masculinum
545 3310 575 3363 et
601 3304 777 3364 femininum
806 3311 836 3360 et
863 3309 1002 3361 neutrum
1030 3302 1085 3361 sill
1123 3320 1210 3362 omne
1238 3301 1357 3361 dicitur.
1402 3308 1435 3361 ut
1462 3310 1534 3382 puta
1573 3302 1624 3362 hic
1715 3312 1716 3379 ζ

321 3408 462 3485 magister
489 3404 683 3465 masculinum
708 3412 767 3472 εει,
797 3403 870 3463 lracc
892 3404 975 3464 illusa
1005 3402 1179 3465 femininum
1203 3412 1260 3473 εει,
1285 3404 1342 3463 lice
1364 3421 1518 3465 scamnum
1542 3424 1622 3467 neu·
1715 3430 1716 3443 ³

321 3519 405 3568 trum·
423 3514 482 3576 est,
506 3506 555 3566 hic
578 3515 608 3567 et
628 3506 703 3567 haec
725 3504 866 3566 sacerdos
889 3523 1045 3565 commune
1068 3512 1122 3565 est.
1168 3524 1325 3566 commune
1349 3512 1393 3565 est
1414 3524 1518 3583 genus,
1544 3526 1623 3587 quo·
1637 3524 1660 3567 ao

321 3611 398 3669 tiens
419 3609 597 3670 femininum
620 3626 714 3686 genus
737 3616 766 3668 et
789 3606 984 3668 masculinum
1001 3626 1093 3685 genus
1108 3606 1234 3667 similem
1259 3608 1471 3669 nominativum
1494 3606 1622 3679 hahent,
1715 3602 1716 3609 '

321 3711 350 3772 id
379 3720 425 3771 est
450 3710 587 3772 similiter
614 3711 787 3771 efferuntur.
833 3728 922 3771 omne
952 3717 1009 3779 εει,
1043 3711 1182 3786 quotiens
1211 3718 1239 3770 et
1267 3711 1441 3771 femininum
1470 3727 1570 3789 genus
1595 3720 1625 3773 et

321 3810 517 3874 masculinum
546 3819 576 3872 ei
603 3819 742 3873 neutrum
771 3811 907 3872 similiter
937 3812 1100 3873 elieruntur
1127 3814 1157 3871 in
1186 3814 1365 3874 nominativo
1393 3810 1554 3889 singulari,
1592 3825 1624 3875 ut

320 3913 400 3976 lelix.
437 3933 508 3976 ecce
530 3912 667 3976 similiter
690 3916 749 3974 exit
770 3915 802 3974 in
823 3915 1005 3975 nominativo
1027 3932 1098 3975 casu
1120 3913 1262 3993 singulari
1284 3916 1314 3975 in
1338 3912 1476 3991 omnibus
1498 3917 1622 3993 generi·
1715 3950 1716 3955 κ

321 4016 387 4078 bus.
432 4036 525 4097 quare
552 4017 647 4078 adieci
674 4018 705 4075 in
735 4016 915 4076 nominativo
944 4014 1106 4093 singulari?
1139 4024 1261 4096 propter
1290 4014 1450 4095 pluralem,
1480 4017 1550 4096 quia
1581 4018 1660 4078 ibice
1715 4004 1716 4013 ’

321 4119 531 4181 discretionem
553 4117 656 4188 habet,
685 4120 717 4179 in
739 4116 848 4198 plurali
869 4118 901 4177 lri
924 4126 953 4179 et
975 4117 1030 4179 hae
1053 4116 1153 4179 felices
1177 4125 1207 4179 ει
1228 4120 1301 4179 haec
1324 4118 1437 4187 lelicia;
1467 4120 1498 4178 in
1522 4122 1620 4180 nemi-

391 4308 407 4358 7
425 4308 481 4358 dari
502 4306 687 4358 Lindemannue
704 4307 764 4356 dare
779 4306 863 4357 ABG
932 4305 964 4357 10
984 4314 1124 4369 quaesunt
1141 4306 1173 4357 ab
1191 4307 1338 4357 auctoritate
1354 4306 1504 4357 auctoritate
1520 4306 1623 4357 discer—

322 4379 405 4427 nimus
424 4377 522 4442 At?)0
545 4393 610 4441 quac
634 4375 744 4427 suntab
763 4386 865 4426 auctore
882 4378 1031 4426 auctoritate
1049 4377 1218 4426 discernimus
1237 4376 1274 4426 ab
1298 4392 1362 4440 quae
1381 4378 1487 4426 suntab
1505 4380 1623 4429 auctori·

322 4458 372 4498 tate
390 4450 562 4499 discernimus
578 4448 604 4497 B
674 4448 707 4497 15
725 4447 843 4510 quoniam
865 4448 919 4495 scio
938 4446 972 4495 ita
991 4446 1081 4495 lectum
1101 4448 1198 4497 esseG
1222 4447 1340 4509 quoniam
1361 4448 1416 4497 i.ta
1440 4448 1494 4496 seio
1522 4448 1623 4497 lectum

322 4533 378 4569 esse
397 4520 421 4567 A
437 4520 557 4581 quoniam
574 4519 609 4566 ita
622 4518 675 4567 scio
693 4518 783 4566 lectum
804 4516 853 4566 hoc
870 4514 954 4579 (corr.
970 4516 1018 4567 hoe
1036 4514 1142 4581 lectum)
1161 4532 1218 4567 esse
1232 4516 1265 4567 B.
1283 4518 1421 4583 pampinus
1438 4525 1507 4567 certo
1522 4533 1624 4583 genere

322 4589 411 4638 dictum
430 4591 500 4652 apud
519 4590 656 4653 Vergilium
677 4604 727 4638 non
749 4588 852 4652 legitur,
871 4587 920 4637 sed
937 4588 994 4636 aliis
1012 4590 1133 4650 exemplis
1155 4588 1299 4651 confir-anari
1320 4589 1386 4640 sciet
1406 4589 1621 4651 aprmnmaricn,

321 4659 356 4720 cf.
378 4658 475 4709 Cierio.
498 4674 526 4723 p.
545 4658 608 4721 105,
632 4658 674 4709 19.
693 4673 773 4723 quare
790 4658 890 4707 videtur
907 4656 1062 4705 scribendum
1079 4672 1148 4717 esse,
1171 4657 1291 4721 quoniam
1314 4659 1367 4707 scio
1386 4658 1420 4706 ita
1439 4658 1532 4707 lectum
1551 4672 1621 4708 esse.

322 4730 391 4794 apud
411 4730 549 4794 Vergilium
569 4729 619 4777 ista
631 4730 749 4778 dicuntur
765 4726 903 4791 aliquando
918 4734 964 4777 etc.
1020 4728 1052 4778 16
1072 4725 1105 4792 ai]
1125 4742 1175 4777 non
1192 4729 1216 4776 Α
1280 4724 1425 4791 adstabat]
1448 4728 1528 4793 Verp.
1549 4728 1622 4780 Aen.

305 4799 382 4848 -vnr
399 4798 450 4849 23³
499 4799 534 4848 22
550 4796 655 4863 quanto]
675 4798 763 4847 quen.
783 4797 808 4857 3,
823 4799 875 4847 272
946 4797 979 4849 ³2
997 4798 1114 4859 quotiens
1132 4806 1156 4847 et
1174 4798 1210 4859 (et
1225 4814 1271 4847 om.
1289 4797 1323 4857 B,
1342 4798 1402 4846 add.
1421 4796 1449 4861 b)
1464 4797 1622 4849 femininum

322 4882 404 4937 genus
420 4878 444 4916 et
462 4868 631 4919 masculinum
649 4868 725 4917 BCa
744 4868 862 4930 quotiens
879 4874 905 4917 et
922 4865 1073 4917 lemininum
1091 4875 1116 4917 et
1133 4867 1300 4919 masculinum
1315 4882 1396 4934 genus
1411 4868 1436 4916 A
