3525 5600
821 1315 1178 1434 61616661

653 1441 1347 1607 ARS.BREVIA'PA

555 1723 963 1810 EIVSDEM
1022 1723 1447 1811 suetoso

441 2111 619 2196 Augustini
641 2109 682 2175 de
704 2119 774 2176 erte
796 2111 1011 2195 grammatice
1030 2110 1094 2176 duo
1116 2110 1266 2176 feruntur
1286 2109 1373 2176 libri.
1403 2131 1537 2197 quornm
1556 2108 1623 2172 alter
1707 2082 1708 2085 ¹

301 2199 305 2220 '
358 2212 399 2278 ab
422 2211 544 2276 Ioanne
571 2211 790 2278 Amorbschio
816 2212 852 2276 in
878 2211 984 2299 primo
1006 2213 1171 2296 uolumine
1197 2233 1332 2299 operum
1353 2211 1530 2296 Augustini
1548 2209 1624 2274 Basi-

356 2313 427 2379 leee
449 2335 480 2378 6.
504 2315 585 2378 1606
613 2315 752 2402 primum
781 2313 888 2380 editus
917 2325 968 2402 est
988 2313 1050 2379 hoc
1070 2313 1181 2396 titulo,
1210 2319 1352 2379 Eiinden
1373 2319 1440 2378 dini
1459 2318 1565 2377 stadii
1581 2332 1623 2374 aa·

355 2422 471 2494 antini
489 2419 682 2496 hipponensis
702 2422 837 2495 episcopi
857 2421 896 2480 de
913 2422 1119 2495 arammatica
1139 2421 1216 2480 iiber
1237 2422 1360 2496 incipit,
1384 2415 1466 2480 etin
1479 2412 1623 2492 tinelibri,

354 2521 463 2582 Sancti
482 2523 639 2596 auantini
658 2521 852 2596 hipponensis
873 2524 1008 2598 epiceopi
1026 2523 1103 2582 iiber
1124 2522 1162 2581 tie
1180 2523 1385 2596 aromatica
1406 2521 1540 2597 explicit.
1561 2537 1624 2578 eun-

357 2618 432 2684 dem
453 2616 573 2684 librum
601 2627 633 2683 et
655 2617 834 2703 Augustini
861 2619 1002 2684 editores
1030 2640 1103 2683 cum
1128 2617 1262 2705 reliquis
1285 2621 1355 2684 eius
1376 2617 1530 2706 operibns
1548 2638 1623 2703 repe

355 2723 501 2786 tiverunt
522 2729 555 2784 et
575 2720 750 2785 Putsohius
772 2719 859 2784 inter
879 2720 998 2786 latinos
1019 2721 1250 2807 grammaticos
1271 2720 1405 2809 recepit
1441 2717 1572 2784 alteram
1590 2738 1624 2780 ex
1707 2748 1708 2779 ;

356 2820 469 2888 66ᾱί66
482 2820 632 2887 Ρ6161166
650 2820 731 2885 1746
753 2821 857 2887 edidit
878 2823 921 2887 A.
936 2823 1044 2888 Maius
1066 2846 1141 2891 nov.
1164 2833 1232 2912 pet.
1248 2823 1329 2890 bibl.
1352 2823 1369 2887 Ι
1390 2824 1412 2887 2
1432 2846 1467 2909 p.
1483 2822 1542 2887 165
1554 2843 1622 2905 sqq.²
1707 2821 1708 2902 J

356 2924 473 3005 deinde
495 2922 632 2991 Carolus
654 2922 841 2989 Friderious
865 2922 1027 2990 Weberus
1049 2948 1092 2991 ex
1113 2926 1224 3002 codice
1245 2924 1472 3006 Bruxellensi‚
1494 2921 1622 2988 adhibito

354 3035 525 3112 praetereo
540 3025 689 3091 Parisino
706 3024 799 3107 7520,
815 3026 921 3111 magis
937 3027 1144 3092 emendatum
1159 3028 1309 3095 exhibuit
1321 3026 1493 3111 Merbnrgi
1511 3047 1540 3089 6.
1556 3023 1621 3087 1861
1707 3079 1708 3114 ἒ

355 3129 401 3192 116
422 3127 632 3215 inscriptum,
655 3148 709 3191 ars
729 3133 829 3193 sancti
848 3132 1011 3207 ,incastini
1028 3149 1090 3209 pro
1106 3132 1247 3206 scateant
1267 3135 1477 3194 mediocritate
1496 3132 1622 3191 irmina

356 3252 397 3294 ex
419 3252 518 3294 manu
540 3228 671 3315 seriptis
694 3238 802 3295 eutem
824 3230 992 3297 codicibus
1012 3240 1185 3316 utrumque
1206 3230 1328 3296 librum
1349 3230 1516 3295 continent
1534 3226 1624 3292 codex

355 3331 524 3395 Parisinus
552 3330 635 3395 7520
661 3330 832 3397 undecimo
860 3330 991 3398 soeculo
1019 3332 1179 3419 sceptus,
1207 3338 1317 3414 incipit
1343 3352 1396 3396 ars
1424 3336 1470 3395 s‘c't
1490 3332 1625 3409 66616661
1707 3321 1708 3364 1

351 3454 412 3513 pre
430 3436 568 3509 fratrum
595 3438 801 3498 mediocritate
827 3438 978 3499 breaiata.
1015 3439 1143 3501 Lucitas
1170 3437 1339 3500 ohsematt'o
1362 3471 1397 3481 -
1429 3445 1519 3513 aptas
1540 3450 1622 3495 scene.
1707 3461 1709 3532 p

352 3540 429 3610 finit.
453 3541 547 3615 incip.
576 3540 683 3613 rencia
711 3542 866 3615 aaetntini
885 3540 934 3613 e'pft
956 3542 995 3600 cie
1014 3543 1142 3603 nomine
1181 3539 1288 3601 Omnia
1313 3541 1500 3612 6666166-
1519 3536 1623 3597 nisti

1707 3377 1709 3456 1

354 3640 455 3699 nobile
475 3646 520 3699 est
540 3641 666 3716 explicit
671 3684 682 3715 ,
711 3645 744 3701 et
771 3637 883 3703 eodem
911 3637 1024 3702 ordine
1049 3637 1227 3724 iisdemque
1249 3636 1513 3725 inscriptionibus
1533 3633 1625 3699 codex
1707 3671 1708 3702 ;

356 3734 524 3801 Ρ61611666
548 3734 641 3819 1746,
665 3736 705 3801 de
727 3759 790 3823 quo
812 3760 914 3826 supra
935 3762 968 3826 p.
990 3738 1053 3803 313
1080 3741 1116 3803 in
1137 3741 1299 3827 excerptis
1321 3736 1443 3803 Iuliani
1465 3760 1506 3803 ex
1525 3734 1625 3802 eodem
1707 3725 1708 3784 3

354 3838 465 3903 codice
493 3838 591 3903 editis
620 3838 742 3905 dietim
770 3850 830 3904 est.
874 3838 930 3905 ille
957 3842 1014 3927 qni
1042 3838 1120 3906 olim
1146 3840 1254 3906 editus
1282 3850 1333 3906 est
1357 3839 1480 3926 legitur
1499 3838 1579 3905 solus
1596 3838 1625 3899 in
1707 3849 1708 3928 J

355 3939 466 4005 codice
481 3938 670 4005 Monacenei
685 3940 778 4022 6281,
802 3940 879 4006 olim
901 3942 1104 4027 Frisingensi
1125 3941 1177 4021 81,
1202 3962 1288 4006 6666.
1304 3940 1339 4006 Χ
1360 3941 1384 4005 1.
1411 3941 1512 4005 1-17
1533 3948 1563 4005 in
1581 3958 1627 4002 aa·
1707 3961 1708 3970 ³

353 4065 433 4123 mine
454 4044 513 4124 dni
530 4042 583 4123 ἦῆ
602 4066 684 4141 incip
706 4065 782 4139 reat
804 4067 907 4126 aureli
927 4068 1080 4139 aaaaaini
1099 4066 1138 4125 de
1157 4080 1237 4125 nom.
1261 4064 1368 4125 dmm
1388 4067 1513 4125 nomina
1534 4095 1567 4105 -
1588 4063 1625 4120 in·

354 4164 536 4225 deelinabiIe
556 4170 599 4225 est
619 4168 719 4242 cepi..¹
747 4162 790 4227 ef.
813 4160 880 4228 vol.
903 4160 953 4226 IV
980 4160 1084 4249 prees.
1111 4184 1143 4248 p.
1166 4160 1289 4226 XLIV.
1313 4160 1412 4243 ulter,
1434 4161 1492 4248 qui
1511 4183 1532 4225 6
1549 4156 1627 4224 11616

353 4261 461 4326 editus
484 4271 549 4345 661,
571 4264 606 4327 16
621 4260 826 4329 Bruxellensi
848 4262 959 4329 codice
980 4272 1064 4329 teste
1079 4260 1221 4328 Webero
1242 4284 1326 4328 nono
1347 4261 1480 4329 6666616
1501 4262 1627 4345 scriptus

353 4372 404 4427 est
424 4364 488 4447 sic,
516 4369 622 4445 notai
648 4384 702 4429 ars
727 4372 828 4432 sancti
852 4370 1008 4443 aenens
1025 4384 1088 4446 pro
1104 4367 1245 4442 fraenos
1265 4369 1473 4430 ’1110011111
1492 4368 1628 4429 mm
1707 4353 1708 4392 ³

353 4468 504 4531 Latinitas
524 4478 569 4532 eet
591 4470 763 4533 6666616116
783 4502 825 4514 -
846 4476 938 4547 aptus
956 4486 1074 4532 scenae·
1104 4472 1232 4547 “iim
1252 4486 1306 4530 W
1324 4472 1426 4532 *Μ’
1443 4470 1597 4545 “mm
1707 4489 1708 4576 {

436 4566 490 4631 De
517 4570 647 4635 nomine
677 4576 786 4633 autem
814 4567 993 4653 Augustini
1019 4567 1054 4630 in
1080 4568 1190 4654 priore
1217 4565 1317 4648 libro,
1339 4567 1407 4632 inm
1427 4568 1518 4655 prins
1540 4586 1627 4652 quem

353 4666 461 4732 editus
485 4678 572 4734 esset
592 4668 693 4753 ulter,
716 4670 934 4756 suspicionem
955 4679 1126 4735 moverent
1147 4668 1353 4734 Benedictini
1374 4690 1507 4755 operum
1525 4669 1625 4751 nugu-
1707 4651 1709 4673 ³

353 4768 431 4832 stini
459 4768 600 4835 editores
623 4770 823 4857 Antverpiee
851 4792 883 4835 6.
909 4770 1000 4836 1700.
1028 4770 1084 4856 qui
1112 4793 1152 4835 66
1172 4792 1256 4858 quae
1281 4772 1316 4836 in
1337 4768 1393 4835 illo
1412 4771 1495 4837 libro
1516 4770 1624 4853 sctipte
1707 4800 1709 4814 ι

353 4878 429 4933 sunt
455 4870 650 4957 discrepare·
670 4871 830 4939 videbant
856 4871 899 4937 eb
926 4871 977 4936 his
1007 4894 1091 4961 quoe
1116 4874 1157 4937 de
1185 4894 1244 4937 suo
1271 4894 1368 4959 opere
1394 4873 1554 4959 professas
1578 4876 1621 4931 661
