3525 5600
685 371 923 446 uonnsntvtt
1390 370 1454 434 279

638 523 639 530 ,
1269 479 1428 533 piot-oon

173 563 297 644 praeter?
319 563 383 622 sine
405 562 469 620 sine
491 559 589 620 dnbio.
635 561 733 630 iussit,
757 561 812 630 ait,
842 559 970 641 popnius
992 561 1142 622 Romanus
1164 562 1322 639 ignoscere
1343 559 1401 621 iiiis
1423 567 1454 621 et

172 665 222 726 iiiis
242 670 271 723 et
297 661 355 723 iiiis
376 669 496 741 praeter
524 660 581 722 iliis
604 661 655 742 (sie
678 661 793 724 iocntus
816 665 886 741 est),
915 671 1034 741 praeter
1056 663 1269 724 condemnatis
1313 663 1453 743 quidest

172 764 249 828 nodo
271 767 408 843 praeteri
431 766 495 826 sine
518 765 582 826 sine
604 763 703 824 dubio.
749 782 818 826 ecee
841 764 878 825 de
901 766 956 826 ista
978 766 1040 845 ipsa
1064 783 1097 826 re
1123 765 1193 844 qnid
1216 764 1342 826 diximus
1365 764 1452 844 panio

171 867 246 930 ante?
275 868 412 947 quoniam
440 867 536 928 omnis
564 867 741 946 praepositio
772 885 892 930 necesse
920 866 1010 928 habet
1037 868 1064 928 ei
1086 868 1167 928 easui
1190 867 1286 946 iungi,
1316 869 1346 926 in
1369 869 1453 928 euius

149 975 226 1032 stura
248 969 411 1039 transierit,
436 967 463 1029 id
488 969 585 1030 estin
609 970 691 1029 euius
713 969 957 1048 significationem
974 969 1135 1030 transierit.
1164 970 1227 1030 sine
1250 967 1344 1046 qualis
1367 988 1451 1047 prae-

170 1072 264 1151 positio
288 1073 349 1132 esti
373 1069 511 1140 ablativa,
535 1072 599 1131 sine
623 1069 747 1150 templo,
771 1074 836 1132 sine
859 1071 990 1132 homine.
1035 1088 1107 1149 ergo
1129 1071 1267 1151 quoniam
1290 1073 1343 1132 ista
1367 1089 1452 1149 prae-

169 1176 265 1254 positio
288 1175 344 1234 iam
369 1191 428 1234 non
452 1173 697 1250 significationem
720 1192 805 1234 suam
828 1172 926 1242 habet,
951 1173 1003 1234 sed
1026 1173 1132 1233 transit
1155 1174 1184 1233 in
1208 1174 1452 1251 significationem

168 1277 280 1338 alterius
303 1276 544 1356 praepositionis,
573 1293 695 1336 neeesse
724 1275 827 1338 habuit
855 1275 882 1336 ei
904 1277 986 1336 casui
1013 1276 1110 1353 iungi,
1140 1277 1187 1335 cui
1209 1276 1340 1354 iungitur
1363 1293 1397 1336 ea
1420 1278 1450 1336 in

169 1379 241 1439 euius
268 1379 510 1456 significationem
539 1377 660 1438 transiit.
707 1385 736 1438 et
763 1377 820 1438 itoe
850 1393 904 1454 per
932 1375 996 1436 iiias
1022 1395 1134 1438 omnes.
1181 1394 1253 1454 ergo
1277 1377 1356 1438 vides
1378 1397 1450 1457 quo·

138 1496 157 1534 1⁰
169 1483 239 1542 niam
255 1499 313 1541 non
329 1481 431 1542 vitiose
454 1478 544 1541 locuti
566 1487 649 1548 sunt,
674 1479 726 1541 sed
750 1477 916 1540 seeundum
936 1479 1092 1538 rationem,
1123 1496 1179 1539 nos
1193 1487 1292 1540 antem
1315 1487 1451 1558 putamus

167 1583 226 1643 ideo
253 1585 337 1644 istam
366 1601 431 1643 esse
461 1582 608 1651 vitiosam,
638 1583 704 1661 qttia
728 1581 853 1659 primam
882 1583 976 1660 ipsam
1000 1581 1175 1659 positionem
1199 1579 1332 1642 volumus
1355 1583 1452 1644 inten-

167 1685 244 1754 dere,
274 1701 332 1744 non
361 1684 604 1762 significationem
639 1684 732 1762 ipsius
754 1681 932 1763 [primam]
979 1690 1110 1744 ceterum
1137 1683 1162 1743 si
1189 1682 1325 1742 conieras
1352 1691 1382 1744 te
1413 1683 1450 1744 ad

166 1787 415 1865 significationem,
439 1785 571 1846 invenies
594 1787 708 1862 integra
731 1786 845 1846 ratione
868 1803 935 1845 esse
957 1776 1126 1864 locutum}

244 1889 318 1950 ttnta
351 1906 439 1949 unam
474 1907 537 1948 rent
566 1905 664 1948 reram
695 1886 827 1966 quidem,
856 1885 909 1946 sed
936 1903 970 1946 ex
1001 1895 1085 1966 parte
1114 1887 1141 1948 ei
1169 1903 1230 1946 non
1258 1886 1447 1948 credendam.
1462 1899 1551 1958 tans

137 1991 252 2051 oomnis
279 1991 473 2069 praepositio,
501 1991 554 2058 ait,
584 1997 642 2050 tam
672 1988 723 2049 din
751 1989 931 2066 praepositio
961 1969 1018 2058 est,
1049 2005 1139 2068 quam
1167 1987 1216 2049 diu
1239 1968 1551 2068 praeponitur;⁴⁴³·4

166 2093 317 2172 postposita
345 2101 443 2153 autem
473 2099 501 2152 et
529 2108 637 2152 nornen
666 2099 694 2150 ει
722 2091 968 2168 significationem
1001 2091 1153 2170 propriam
1183 2091 1297 2151 amittit.
1343 2089 1449 2152 iaisunt

166 2201 217 2254 est:
239 2201 335 2274 potest
363 2196 441 2254 enim
470 2195 638 2272 praeposita
668 2199 697 2252 et
719 2211 828 2252 nornen
852 2200 956 2252 tenere
978 2201 1008 2253 et
1030 2193 1273 2270 significationem
1296 2193 1449 2271 propriam

166 2303 273 2364 tenere;
297 2304 410 2366 tamen,
434 2297 490 2356 etsi
512 2295 674 2374 postposita
697 2294 798 2363 suerit,
829 2293 927 2356 adhue
950 2312 1059 2355 nomen
1082 2311 1169 2355 suum
1193 2302 1283 2354 tenet.
1319 2293 1450 2354 Donatus

166 2415 246 2474 them
273 2397 308 2457 ad
337 2396 458 2457 modum
487 2396 572 2466 dixit,
602 2415 706 2458 sensus
735 2415 821 2456 verus
844 2403 903 2464 est,
927 2397 1079 2475 expressio
1102 2413 1162 2455 non
1185 2405 1230 2456 est
1252 2395 1351 2473 piena.
1396 2395 1449 2456 sed
1545 2470 1548 2476 Δ

135 2509 194 2560 eru
215 2499 286 2559 hane
310 2501 455 2560 rationem
479 2506 561 2560 tene:
585 2499 764 2578 praepositio
781 2505 839 2559 tam
855 2497 905 2559 diu
929 2506 974 2558 est
995 2517 1028 2558 re
1051 2515 1121 2558 vera
1143 2498 1337 2576 praepositio,
1361 2516 1449 2580 qnmn

165 2601 209 2662 diu
229 2603 434 2680 praeponitur,
464 2609 496 2660 nt
524 2607 592 2662 ante
622 2599 779 2679 tempium,
807 2607 875 2679 post
903 2608 1033 2680 tempus:
1062 2605 1129 2678 post
1151 2601 1397 2678 praepositio·est
1419 2608 1450 2660 et

166 2706 362 2783 praeponitur,
392 2710 421 2764 et
448 2703 512 2764 iure
542 2710 639 2764 serrat
667 2711 697 2764 et
720 2721 826 2764 nomen
849 2709 988 2762 suomet
1013 2701 1266 2780 significationem.
1312 2701 1449 2762 etiamsi

166 2814 348 2884 postponatur
375 2808 441 2886 ipso
469 2824 538 2867 casu
566 2814 720 2877 manente,
751 2806 798 2867 eui
825 2804 1003 2883 iungebantur
1024 2806 1206 2884 praeposita,
1236 2802 1328 2865 nihilo
1350 2806 1449 2865 minus

166 2910 340 2988 praepositio
375 2914 433 2979 est,
467 2914 538 2987 puta
568 2915 634 2987 post
659 2915 792 2987 tempus,
824 2914 941 2984 tempus
968 2916 1050 2985 post,
1072 2908 1210 2987 quoniam
1234 2916 1264 2967 et
1286 2906 1342 2967 hae
1364 2916 1448 2987 parte

135 3024 155 3065 ιε
165 3010 222 3088 ipse
243 3028 327 3071 casus
351 3016 409 3083 est,
438 3018 467 3069 et
489 3008 537 3088 ilia
567 3018 651 3089 parte
673 3012 737 3090 ipse
759 3028 846 3071 casus
868 3016 926 3079 est,
955 3008 1137 3089 praepositio
1159 3016 1212 3069 est.
1258 3028 1275 3069 e
1297 3009 1448 3070 contrario

166 3113 185 3171 si
210 3118 300 3172 mutet
327 3130 443 3181 casum,
473 3112 532 3173 iam
561 3129 620 3172 non
649 3120 693 3172 est
719 3112 912 3191 praepositio,
948 3118 980 3170 ut
1006 3111 1032 3171 si
1059 3109 1139 3171 dieas
1167 3112 1253 3191 ‘post
1284 3115 1446 3190 tempore',

167 3212 285 3291 ‘lungo
313 3223 397 3293 post
425 3221 592 3292 tempore
621 3216 748 3274 venit'.
794 3215 852 3275 iarn
875 3214 1016 3292 quoniam
1038 3212 1161 3273 mutavit
1182 3230 1299 3282 rasum,
1323 3230 1448 3273 necesse

167 3312 245 3375 habet
267 3322 296 3375 et
324 3314 386 3376 iiiio
414 3334 522 3376 nornen
546 3322 745 3385 commutare,
769 3323 798 3375 et
820 3313 910 3375 habet
932 3312 1104 3375 adverbium
1125 3315 1200 3375 fieri.
1244 3314 1374 3377 Donatus
1395 3334 1446 3377 au-

167 3424 215 3478 tetn
237 3417 310 3479 dixit
332 3419 409 3479 ‘tarn
432 3416 482 3477 diu
505 3418 687 3496 praepositio
710 3422 771 3487 εει,
796 3433 883 3493 quam
908 3415 957 3477 diu
980 3417 1187 3496 praepositum
1212 3419 1373 3496 postposita
1396 3436 1448 3479 au·

137 3526 215 3579 sotem
238 3520 335 3579 statim
358 3518 530 3579 adverbium
554 3524 625 3580 est'.
663 3518 768 3580 iaisum
791 3528 834 3579 est
843 3540 852 3579 :1
875 3536 943 3579 nam
965 3527 996 3579 et
1017 3519 1180 3597 postposita
1201 3527 1299 3598 potest
1322 3520 1448 3579 inveniri

165 3620 344 3699 praepositio.
389 3621 412 3681 si
436 3622 514 3681 enim
538 3621 618 3681 dicas
641 3624 776 3701 ‘tempus
799 3624 893 3699 post’,
923 3637 982 3697 quo
1005 3619 1093 3681 modo
1115 3624 1299 3682 ‘transtra
1327 3639 1391 3701 per
1413 3629 1449 3682 et

165 3728 300 3797 remos’,
326 3722 328 3803 J
355 3739 426 3782 ecee
450 3725 611 3802 postposita
634 3732 692 3792 est,
718 3731 747 3783 et
770 3721 862 3784 nihilo
886 3722 982 3783 minus
1005 3723 1184 3802 praepositio
1207 3730 1261 3783 est.
1292 3740 1363 3800 ergo
1387 3740 1447 3783 non

165 3823 268 3886 ridetur
290 3823 366 3887 male
389 3824 583 3893 intellexisse,
613 3825 664 3885 sed
688 3824 764 3885 maie
787 3824 911 3893 dixisse,
935 3843 1000 3885 rem
1022 3826 1118 3903 ipsam
1140 3842 1201 3885 non
1224 3823 1301 3883 hene
1324 3843 1446 3904 expres-

164 3926 243 3995 sisse;
273 3934 405 3987 eeterutn
434 3944 554 3987 sensum
582 3928 730 4005 integrum
759 3928 870 4006 posuit,
901 3927 1136 4006 praepositiones
1163 3925 1339 4005 pierumque
1362 3944 1446 4004 prae-

139 4029 227 4106 oponi
258 4026 362 4089 soient.
400 4028 470 4105 quid
507 4036 551 4088 est
586 4038 685 4090 autem
723 4030 892 4109 praeposita
930 4026 974 4087 vel
1011 4029 1189 4108 postposita,
1228 4028 1355 4089 diximus
1388 4028 1445 4087 iam

166 4130 299 4208 superius.

240 4230 485 4311 Praepositiones,
509 4220 627 4312 quando
651 4231 730 4293 seiae
753 4241 830 4301 sunt,
853 4231 1028 4312 pierumque
1042 4232 1124 4311 ipsae
1145 4240 1305 4301 sariuntur,
1328 4229 1446 4311 quando

170 4368 379 4377 --..-.--.--.....
389 4373 407 4377 -.
425 4372 456 4379 ...-

227 4436 238 4485 l
258 4436 362 4502 ignosce
379 4437 429 4487 iiiia
445 4436 517 4489 BCa
587 4435 603 4487 3
621 4450 677 4485 ecee
697 4436 728 4485 de
743 4437 790 4485 isto
809 4436 866 4500 ipss
883 4450 908 4484 re
927 4435 972 4485 doe
990 4437 1044 4486 loro
1057 4452 1104 4489 om.
1122 4436 1175 4487 BG
1243 4436 1319 4501 panio
1337 4444 1395 4485 onte
1412 4436 1447 4486 Cb

171 4502 305 4569 paulopost
323 4506 349 4556 B
421 4508 453 4558 12
471 4508 568 4573 primae
587 4516 712 4556 caeterum
732 4508 772 4556 A?
787 4520 856 4559 eorr,
877 4507 986 4570 primam
1005 4516 1031 4555 et
1049 4515 1160 4556 osterum
1178 4522 1195 4554 a
1213 4508 1321 4571 primam
1337 4514 1362 4556 et
1378 4515 1444 4555 cete-

170 4588 215 4621 rum
235 4584 356 4639 expuncto
374 4584 398 4625 et
411 4577 437 4627 B
506 4577 537 4626 li
557 4586 638 4642 potest
661 4577 727 4625 enim
752 4577 898 4642 praeposita
915 4592 932 4624 o
956 4584 1039 4641 potest
1060 4576 1214 4642 praepositio
1235 4577 1259 4626 Α
1277 4584 1360 4640 potest
1378 4576 1446 4625 enim

171 4646 309 4709 praepositio
330 4646 380 4695 BC
433 4648 465 4699 ’22
484 4656 508 4695 ει
528 4646 714 4697 iusseruatB
767 4647 800 4695 at
819 4642 905 4711 iongo]
932 4646 1011 4711 Verp,
1030 4646 1109 4698 duret.
1131 4644 1207 4707 1,30
1271 4643 1443 4711 alamann]

174 4713 240 4779 Verp.
258 4716 321 4765 Aen.
337 4716 359 4763 V
375 4714 427 4767 663
480 4715 514 4767 33
533 4715 748 4781 expressissent
767 4730 890 4781 expresse
903 4714 975 4765 Aac
1026 4714 1061 4765 34
1079 4716 1280 4780 praepositiones
1297 4715 1446 4781 pierumque

169 4780 288 4849 (praeponi
305 4786 368 4838 aad.
380 4787 410 4849 a)
430 4786 512 4837 soient
528 4786 589 4849 quid
609 4796 647 4837 est
665 4794 748 4835 autem
768 4786 914 4853 praeposita
932 4785 972 4835 uei
992 4786 1134 4852 postposita
1151 4785 1263 4835 diximus
1282 4784 1355 4835 AB?
1371 4801 1445 4851 prae·

171 4854 292 4914 positiones
310 4856 460 4922 pierumque
475 4856 557 4907 soient
575 4857 677 4920 quidem
694 4857 815 4923 praeponi
833 4855 874 4905 uei
893 4856 1011 4921 postponi
1029 4865 1057 4905 ut
1075 4856 1186 4905 diximus
1206 4856 1245 4907 Gir
