3525 5600
227 357 231 364 ·
320 307 396 398 aaa*
888 337 1042 401 ronrnn

346 455 368 497 p.
382 444 471 485 ass-os
484 441 506 483 r.
1713 482 1714 495 .

320 522 490 601 lomrellaris
507 530 604 592 estut
618 529 686 582 sunt
700 521 767 584 illae
783 539 844 594 sex,
858 542 915 586 con
931 525 961 586 di
977 525 1071 587 disre
1086 545 1117 588 se
1129 545 1186 588 am.
1203 527 1334 607 exceptis
1346 523 1407 588 illis
1417 544 1468 588 sex
1479 526 1602 608 reliquae
1713 532 1715 575 l

322 643 425 686 omnes
446 623 578 686 casuales
593 631 669 684 sunt.
697 634 853 704 praeterea
868 627 941 688 istae
956 628 1039 706 ipsae
1055 627 1200 698 casuales,
1221 627 1251 688 id
1267 635 1313 689 est
1327 648 1402 708 quae
1416 627 1535 690 casibus
1547 649 1602 691 ser·

315 728 416 798 aiunt,
439 725 518 818 hanc
538 725 648 787 hahent
670 733 819 797 naturam,
841 737 875 790 ut
897 727 1056 808 aliquando
1075 731 1190 809 possint
1208 729 1385 800 cohaerere:
1407 737 1478 792 sunt
1499 729 1603 811 aliquae

220 840 281 903 420,
293 839 309 888 4
322 846 399 908 quae
414 847 574 910 numquam
589 837 714 910 possunt
728 830 899 892 cohaerere.
915 849 1035 911 semper
1050 832 1211 894 cohaerent
1218 830 1287 893 iliae
1298 833 1543 913 praepositiones,
1553 851 1602 893 con

321 931 351 992 di
377 931 422 993 dis
444 950 478 992 re
500 951 532 993 se
548 949 611 992 am:
635 950 796 1012 numquam
813 937 893 994 eninr
908 933 1098 997 inveniuntur
1119 943 1299 1014 segregatae.
1323 937 1363 996 ita
1384 934 1520 1004 dicimus,
1540 950 1623 995 con-t

320 1033 406 1095 duco.
431 1033 573 1114 numquid
589 1051 708 1113 possum
724 1033 823 1096 dicere
846 1039 916 1096 ‘con
932 1034 1032 1106 duco',
1056 1043 1088 1096 ut
1101 1037 1160 1097 sint
1175 1035 1251 1098 duae
1266 1039 1386 1118 partes?
1402 1037 1482 1098 unde
1498 1036 1603 1098 intelle-

218 1209 224 1219 ·
319 1137 434 1215 gimusi
458 1137 597 1217 quoniam
621 1154 680 1197 non
703 1154 822 1216 possum
845 1139 1039 1218 interponere
1063 1140 1191 1215 aliquid.
1222 1138 1355 1221 reliquae
1377 1141 1604 1220 praepositiones

318 1237 386 1299 ideo
401 1244 524 1319 apparet
546 1240 684 1318 quoniam
707 1233 831 1318 possunt
846 1241 1007 1326 segregari,
1031 1241 1171 1319 quoniam
1185 1243 1333 1322 recipiunt
1354 1241 1436 1302 rerhi
1451 1242 1603 1320 interposi·
1713 1270 1714 1275 .

318 1341 441 1402 tionem.
463 1349 534 1422 puta
549 1339 639 1421 ‘apud
654 1342 809 1402 amicum':
825 1343 995 1421 interpono,
1012 1342 1037 1402 si
1053 1339 1128 1412 rolo,
1143 1342 1240 1423 ‘apud
1254 1342 1337 1404 illum
1353 1345 1506 1413 amicum’,
1523 1343 1603 1424 ‘apud
1713 1352 1715 1431 ξ

319 1450 348 1504 te
364 1445 517 1513 amicum’;
534 1461 603 1504 eece
618 1444 783 1522 interposui
805 1450 920 1522 partem
943 1443 1092 1505 orationis.
1122 1445 1154 1505 in
1175 1443 1234 1505 illis
1256 1444 1529 1524 praepositionibus
1549 1463 1602 1505 non
1614 1463 1633 1500 n

318 1563 438 1626 possum
461 1545 576 1606 lacere:
600 1547 625 1605 si
647 1545 727 1606 dicas
748 1545 871 1625 recipio,
895 1563 956 1607 non
978 1564 1100 1626 possum
1115 1545 1215 1608 dicere
1237 1550 1290 1609 ‘re
1304 1545 1387 1608 illum
1403 1549 1517 1626 cipio’;
1539 1565 1603 1606 con·
1713 1594 1714 1597 η

319 1648 404 1719 duco,
428 1667 487 1708 non
510 1665 631 1728 possum
653 1647 753 1709 dicere
776 1651 851 1708 ‘con
874 1646 928 1708 tihi
950 1648 1060 1719 dueo';
1083 1647 1202 1718 secuho,
1225 1667 1286 1711 non
1300 1669 1421 1730 possum
1444 1647 1544 1709 dicere
1565 1652 1604 1708 ‘se
1713 1646 1714 1649 ’

318 1750 355 1813 ab
376 1750 428 1813 iilo
451 1750 556 1812 euho’.
603 1751 671 1828 quia
694 1769 754 1811 non
775 1757 875 1830 polest
897 1752 1047 1832 interponi
1069 1749 1195 1830 aliquid,
1227 1751 1444 1832 hincapparet
1469 1750 1602 1831 quoniam
1713 1760 1715 1841 ὲ

318 1872 437 1934 semper
460 1853 629 1914 cohaerent.
674 1871 745 1932 ergo
768 1861 836 1915 sunt
861 1852 865 1933 l
888 1854 1124 1932 praepositiones
1145 1871 1265 1933 semper
1290 1852 1494 1916 cohaerentes
1538 1854 1602 1913 item
1713 1858 1715 1934 ἶ

317 1975 436 2038 semper
458 1973 518 2016 non
541 1953 743 2025 cohaerentes,
766 1954 797 2014 id
820 1962 866 2016 est
887 1972 1048 2032 numquam
1070 1955 1273 2026 cohaerentes,
1289 1966 1359 2016 sunt
1379 1955 1456 2026 illae,
1480 1954 1559 2036 apud
1578 1961 1634 2014 otu
1713 1939 1715 1942 ’

316 2077 420 2140 penes.
456 2059 496 2118 ita
519 2058 597 2117 enim
620 2054 696 2126 dico,
720 2055 797 2136 apud
821 2057 963 2126 amicum,
987 2076 1081 2137 penes
1103 2056 1244 2126 arbitros;
1265 2076 1326 2118 non
1348 2075 1604 2138 possumusunant
1713 2060 1715 2095 ὲ

317 2169 430 2242 partem
454 2159 596 2220 orationis
620 2156 732 2228 iacere,
756 2159 979 2238 apudamicum,
1002 2167 1035 2220 ut
1057 2162 1096 2222 sit
1117 2177 1176 2222 una
1197 2177 1268 2239 pars
1289 2161 1447 2232 orationis,
1478 2179 1537 2221 nec
1557 2177 1604 2239 pe·
1713 2174 1715 2199 ³

317 2261 499 2326 nesarbitros
519 2266 618 2341 potest
639 2257 814 2348 cohaerere:
851 2261 985 2341 reliquae
1009 2279 1078 2322 vero
1107 2271 1137 2323 et
1158 2261 1320 2323 cohaerere
1349 2268 1476 2342 possunt
1497 2267 1527 2321 et
1547 2260 1604 2320 dis·

317 2367 407 2446 iungi,
431 2374 465 2425 ut
486 2371 532 2424 est
552 2371 623 2444 puta
646 2381 716 2442 pro:
749 2382 804 2443 pro
826 2366 922 2424 amico
944 2362 1058 2444 loquor,
1082 2381 1151 2425 ecce
1173 2364 1262 2427 modo
1285 2382 1345 2426 non
1366 2363 1515 2431 cohaesit:
1538 2381 1603 2443 pro-
1713 2382 1714 2391 ¹

315 2467 392 2538 tulit,
416 2465 504 2528 modo
527 2464 669 2526 cohaesit.
700 2461 838 2528 similiter
860 2484 942 2545 prae,
965 2484 1038 2545 prae
1060 2464 1170 2536 dolore,
1193 2465 1342 2547 praetulit
1373 2464 1510 2527 similiter
1529 2472 1635 2534 antem
1713 2478 1714 2541 3

316 2579 384 2633 ante
406 2568 557 2649 templum,
582 2567 608 2629 si
630 2567 711 2628 dieas
734 2566 879 2637 antetulit,
902 2575 1003 2629 otest
1025 2567 1221 2629 ‘antetulit
1246 2575 1445 2649 gressum’.
1485 2574 1604 2648 possunt

315 2671 382 2734 illae
405 2689 508 2732 omnes
531 2675 560 2731 et
582 2669 743 2730 cohaerere
766 2677 796 2731 et
817 2669 956 2749 disiungi.
1001 2689 1074 2749 ergo
1101 2679 1170 2732 sunt
1198 2689 1273 2750 quae
1295 2689 1414 2751 semper
1436 2670 1602 2736 cohaerent,
1713 2690 1714 2735 ;

298 2782 347 2851 ,ιη
369 2772 518 2843 conduco:
541 2779 610 2833 sunt
632 2791 707 2853 quae
728 2789 847 2852 semper
869 2771 1088 2847 discernuntur,
1112 2781 1144 2834 ut
1165 2772 1245 2853 apud
1266 2781 1297 2834 et
1316 2791 1425 2854 penes;
1448 2780 1517 2833 snm
1530 2787 1604 2849 quae

316 2884 345 2939 et
367 2877 529 2939 cohaerent
557 2883 586 2936 et
607 2874 828 2946 discernuntur,
860 2884 892 2937 ut
918 2874 1052 2953 reliquae
1073 2894 1187 2937 omnes.
1229 2877 1305 2937 istae
1325 2883 1396 2937 sunt
1424 2891 1496 2953 ergo
1517 2891 1602 2953 prae·
1713 2879 1714 2958 J

154 3055 155 3063 ἵ
314 2980 489 3061 positiones.
1614 2992 1636 3035 to
1713 3027 1714 3036 .

198 3092 256 3156 517,
272 3092 302 3142 tt
399 3081 616 3162 praepositioni
638 3098 731 3141 unum
754 3080 870 3150 accidit,
895 3098 981 3142 casus
1003 3089 1127 3152 tantum,
1152 3099 1208 3143 nec
1230 3099 1335 3142 omnes
1356 3097 1443 3143 casus
1458 3076 1535 3158 apud
1550 3076 1604 3138 La·
1713 3091 1715 3142 i

315 3188 402 3255 tinus,
425 3183 479 3247 sed
501 3183 561 3245 duo
583 3190 707 3253 tantum,
730 3184 913 3245 accusativus
935 3192 965 3243 et
991 3182 1142 3245 ablativus.
1187 3182 1311 3263 legimus
1337 3184 1454 3243 iunctas
1480 3199 1603 3261 praepo·
1713 3225 1714 3256 ἒ

314 3290 436 3349 sitiones
459 3294 489 3347 et
510 3287 606 3348 dativo
628 3288 717 3356 casui,
740 3286 856 3346 iunctus
877 3288 1112 3365 praepositiones
1135 3294 1164 3347 et
1184 3288 1322 3365 genetivo
1343 3285 1434 3346 casui.
1466 3283 1519 3343 sed
1539 3280 1603 3344 uhi·
1713 3307 1715 3313 ⁸

314 3391 365 3452 uhi
387 3393 537 3452 inveneris
552 3388 630 3469 apud
645 3388 766 3449 Latinos
788 3388 1037 3468 praepositionem
1059 3392 1188 3449 iunctam
1212 3386 1257 3449 ael
1279 3388 1376 3448 dativo
1398 3384 1445 3447 vel
1460 3386 1602 3464 genetivo,

315 3494 442 3555 elocutio
466 3501 519 3561 est,
543 3508 637 3571 genus
659 3498 705 3551 est
727 3490 912 3553 elocutionis.
958 3496 1090 3551 ceterum
1233 3562 1237 3572 Ι
1397 3547 1402 3556 ,
1612 3504 1636 3543 so
1713 3519 1714 3550 3

516 3610 666 3655 crurum
688 3598 797 3653 tenus
819 3612 834 3653 a
858 3599 979 3653 mento
1001 3591 1166 3671 palearia
1188 3590 1369 3672 pendent:

212 3706 215 3718 '
314 3706 399 3759 tenus
432 3696 483 3777 qui
517 3697 627 3758 nesciat
659 3694 907 3775 praepositionem
940 3694 1023 3755 esse?
1059 3710 1180 3756 crurum
1209 3696 1261 3772 qui
1291 3694 1405 3754 nesciat
1436 3693 1600 3772 genetivum
1713 3677 1714 3708 ³

313 3796 402 3861 esse?
425 3806 454 3859 et
475 3806 576 3859 tamen
598 3815 693 3876 genus
716 3804 760 3857 est
782 3792 975 3876 eloeultionis.
1021 3814 1089 3857 nam
1111 3798 1161 3877 qui
1183 3803 1243 3857 tam
1264 3794 1372 3857 stultus
1395 3803 1449 3863 est,
1473 3802 1506 3855 ut
1526 3792 1601 3853 dicat

313 3900 564 3982 praepositionem
592 3898 800 3961 cohaerentem
830 3899 985 3974 genetivo?
1018 3897 1078 3959 duo
1104 3908 1174 3960 stant
1201 3915 1273 3978 ergo
1300 3915 1386 3957 casus
1418 3896 1470 3975 qni
1502 3900 1599 3955 tenent

313 4004 578 4085 praepositionem,
601 4002 784 4062 accusativus
806 4008 837 4060 et
858 3987 1013 4062 ablativus.¹
1042 3999 1120 4081 apud
1136 3998 1257 4061 Latinos
1278 3998 1348 4060 illae
1369 3998 1634 4077 praepositionesso

315 4104 419 4187 [quae]
449 4112 518 4167 sunt
546 4104 727 4165 accusativae
753 4118 808 4162 nec
835 4110 961 4181 possunt
987 4102 1070 4181 iungi
1100 4099 1239 4171 ablativo,
1268 4110 1339 4181 puta
1365 4099 1403 4159 ad
1430 4097 1505 4179 apud
1531 4104 1597 4157 ante

313 4206 469 4269 adversum
492 4208 534 4267 cis
557 4206 631 4267 citra
652 4212 683 4265 et
704 4202 844 4281 reliquae.
875 4204 949 4264 istae
964 4222 1071 4265 omnes
1094 4211 1152 4265 tam
1174 4202 1340 4282 singulares
1362 4220 1452 4281 quam
1473 4196 1597 4280 plurales

313 4315 396 4379 sunt,
425 4308 502 4389 apud
536 4310 662 4399 anticum
695 4303 773 4386 apud
808 4306 933 4377 amicos,
965 4324 1059 4385 penes
1081 4305 1227 4369 arbitrum
1254 4322 1347 4385 penes
1374 4302 1514 4373 arbitros,
1542 4318 1596 4381 per

383 4548 516 4614 7'aliquid
533 4564 580 4599 om.
600 4546 686 4598 ABG
733 4544 750 4597 8
770 4552 874 4611 apparet
889 4560 959 4598 corr,
978 4552 1035 4595 -ent
1049 4545 1076 4594 Α
1092 4550 1216 4611 apparent
1235 4542 1286 4594 BG
1337 4543 1370 4595 14
1387 4543 1448 4593 item
1465 4555 1513 4591 non
1529 4552 1595 4589 unt-

314 4634 359 4684 per
372 4619 537 4677 cohaerentes
555 4618 637 4670 ABG
688 4617 720 4667 21
738 4613 863 4681 antetulit]
887 4616 967 4680 Verp.
985 4615 1104 4666 Aen-Vl
1120 4614 1173 4667 ott
1224 4611 1257 4664 31
1276 4612 1390 4681 crurum]
1416 4614 1492 4678 Verg.
1508 4624 1592 4676 georg.

314 4690 347 4739 lli
362 4689 396 4740 ta
432 4688 435 4693 “
466 4690 549 4757 pende
568 4704 635 4739 coar.
653 4688 749 4755 pendet
765 4686 790 4735 A
861 4684 895 4735 32
919 4700 978 4735 esse
999 4688 1086 4748 priore
1110 4687 1167 4738 loeo
1183 4700 1231 4739 om.
1246 4684 1281 4749 A,
1297 4685 1438 4757 pertertare
1454 4698 1498 4735 ora.
1516 4678 1597 4730 Ano

382 4756 417 4810 33
433 4766 485 4809 tarn
502 4776 548 4813 om,
565 4756 648 4810 ABG
716 4756 749 4807 36
766 4772 831 4820 quae
846 4763 911 4806 'sunt
928 4756 1090 4806 accinctione
1108 4763 1168 4806 sunt
1184 4755 1210 4804 A
1229 4768 1294 4820 quae
1307 4763 1367 4805 sunt
1382 4753 1537 4805 accusatione
1551 4764 1594 4800 ac-

312 4830 442 4880 cosanuae
461 4838 521 4879 sunt
537 4846 554 4879 a
622 4826 679 4896 trec]
703 4842 752 4877 non
768 4827 789 4877 0
