<?xml version="1.0" encoding="UTF-8"?>
<!DOCTYPE html PUBLIC "-//W3C//DTD XHTML 1.0 Transitional//EN"
    "http://www.w3.org/TR/xhtml1/DTD/xhtml1-transitional.dtd">
<html xmlns="http://www.w3.org/1999/xhtml" xml:lang="en" lang="en">
 <head>
  <title>
</title>
<meta http-equiv="Content-Type" content="text/html;charset=utf-8" />
  <meta name='ocr-system' content='tesseract 3.04.00' />
  <meta name='ocr-capabilities' content='ocr_page ocr_carea ocr_par ocr_line ocrx_word'/>
</head>
<body>
  <div class='ocr_page' id='page_1' title='image "./grammaticilatin03hagagoog_0390.png"; bbox 0 0 3525 5600; ppageno 0'>
   <div class='ocr_carea' id='block_1_1' title="bbox 254 366 1081 434">
    <p class='ocr_par' dir='ltr' id='par_1_1' title="bbox 254 366 1081 434">
     <span class='ocr_line' id='line_1_1' title="bbox 254 366 1081 434; baseline 0.005 -4"><span class='ocrx_word' id='word_1_1' title='bbox 254 397 262 418; x_wconf 85' lang='lat'><strong>·</strong></span> <span class='ocrx_word' id='word_1_2' title='bbox 333 366 396 432; x_wconf 75' lang='lat'>378</span> <span class='ocrx_word' id='word_1_3' title='bbox 879 370 1081 434; x_wconf 78' lang='lat' dir='ltr'>consitum</span> 
     </span>
    </p>
   </div>
   <div class='ocr_carea' id='block_1_2' title="bbox 329 477 1635 1971">
    <p class='ocr_par' dir='ltr' id='par_1_2' title="bbox 333 477 1604 850">
     <span class='ocr_line' id='line_1_2' title="bbox 358 477 526 530; baseline -0.012 -10"><span class='ocrx_word' id='word_1_4' title='bbox 358 490 380 530; x_wconf 89' lang='lat' dir='ltr'>p.</span> <span class='ocrx_word' id='word_1_5' title='bbox 395 478 451 520; x_wconf 74' lang='lat'><strong>2066.</strong></span> <span class='ocrx_word' id='word_1_6' title='bbox 465 477 526 522; x_wconf 73' lang='lat'><strong>661³.</strong></span> 
     </span>
     <span class='ocr_line' id='line_1_3' title="bbox 333 561 1602 641; baseline -0.002 -17"><span class='ocrx_word' id='word_1_7' title='bbox 333 565 406 624; x_wconf 89' lang='lat' dir='ltr'>lraec</span> <span class='ocrx_word' id='word_1_8' title='bbox 428 571 519 624; x_wconf 89' lang='lat' dir='ltr'>totam</span> <span class='ocrx_word' id='word_1_9' title='bbox 541 565 587 624; x_wconf 90' lang='lat' dir='ltr'>sui</span> <span class='ocrx_word' id='word_1_10' title='bbox 609 569 745 623; x_wconf 88' lang='lat' dir='ltr'>naturam</span> <span class='ocrx_word' id='word_1_11' title='bbox 768 580 803 622; x_wconf 83' lang='lat' dir='ltr'>ex</span> <span class='ocrx_word' id='word_1_12' title='bbox 825 561 872 622; x_wconf 90' lang='lat' dir='ltr'>bis</span> <span class='ocrx_word' id='word_1_13' title='bbox 888 580 963 641; x_wconf 91' lang='lat' dir='ltr'>quae</span> <span class='ocrx_word' id='word_1_14' title='bbox 979 569 1107 640; x_wconf 79' lang='lat' dir='ltr'>aguntur</span> <span class='ocrx_word' id='word_1_15' title='bbox 1129 569 1180 622; x_wconf 92' lang='lat' dir='ltr'>aut</span> <span class='ocrx_word' id='word_1_16' title='bbox 1200 568 1266 622; x_wconf 91' lang='lat' dir='ltr'>acta</span> <span class='ocrx_word' id='word_1_17' title='bbox 1287 568 1358 621; x_wconf 92' lang='lat' dir='ltr'>sunt</span> <span class='ocrx_word' id='word_1_18' title='bbox 1379 568 1511 630; x_wconf 87' lang='lat' dir='ltr'>sumunt,</span> <span class='ocrx_word' id='word_1_19' title='bbox 1533 561 1602 622; x_wconf 86' lang='lat' dir='ltr'>lutu-</span> 
     </span>
     <span class='ocr_line' id='line_1_4' title="bbox 335 663 1604 744; baseline -0.002 -18"><span class='ocrx_word' id='word_1_20' title='bbox 335 685 401 727; x_wconf 89' lang='lat' dir='ltr'>rum</span> <span class='ocrx_word' id='word_1_21' title='bbox 423 685 481 730; x_wconf 91' lang='lat' dir='ltr'>non</span> <span class='ocrx_word' id='word_1_22' title='bbox 504 664 628 728; x_wconf 88' lang='lat' dir='ltr'>habent:</span> <span class='ocrx_word' id='word_1_23' title='bbox 653 683 711 725; x_wconf 93' lang='lat' dir='ltr'>non</span> <span class='ocrx_word' id='word_1_24' title='bbox 734 667 813 724; x_wconf 90' lang='lat' dir='ltr'>enim</span> <span class='ocrx_word' id='word_1_25' title='bbox 835 671 933 744; x_wconf 88' lang='lat' dir='ltr'>potest</span> <span class='ocrx_word' id='word_1_26' title='bbox 959 666 1021 725; x_wconf 91' lang='lat' dir='ltr'>dici</span> <span class='ocrx_word' id='word_1_27' title='bbox 1048 664 1159 725; x_wconf 88' lang='lat' dir='ltr'>solebo.</span> <span class='ocrx_word' id='word_1_28' title='bbox 1204 671 1292 744; x_wconf 87' lang='lat' dir='ltr'>atque</span> <span class='ocrx_word' id='word_1_29' title='bbox 1313 663 1388 724; x_wconf 87' lang='lat' dir='ltr'>baec</span> <span class='ocrx_word' id='word_1_30' title='bbox 1410 663 1527 743; x_wconf 88' lang='lat' dir='ltr'>quidem</span> <span class='ocrx_word' id='word_1_31' title='bbox 1546 683 1604 742; x_wconf 90' lang='lat' dir='ltr'>per-</span> 
     </span>
     <span class='ocr_line' id='line_1_5' title="bbox 333 766 1253 850; baseline -0.002 -20"><span class='ocrx_word' id='word_1_32' title='bbox 333 777 421 850; x_wconf 90' lang='lat' dir='ltr'>petua</span> <span class='ocrx_word' id='word_1_33' title='bbox 444 769 651 830; x_wconf 91' lang='lat' dir='ltr'>observatione</span> <span class='ocrx_word' id='word_1_34' title='bbox 674 771 706 828; x_wconf 93' lang='lat' dir='ltr'>in</span> <span class='ocrx_word' id='word_1_35' title='bbox 730 767 868 828; x_wconf 92' lang='lat' dir='ltr'>omnibus</span> <span class='ocrx_word' id='word_1_36' title='bbox 890 766 991 828; x_wconf 87' lang='lat' dir='ltr'>verbis</span> <span class='ocrx_word' id='word_1_37' title='bbox 1014 769 1055 827; x_wconf 93' lang='lat' dir='ltr'>ita</span> <span class='ocrx_word' id='word_1_38' title='bbox 1078 786 1110 828; x_wconf 88' lang='lat' dir='ltr'>se</span> <span class='ocrx_word' id='word_1_39' title='bbox 1132 767 1253 828; x_wconf 89' lang='lat' dir='ltr'>babent.</span> 
     </span>
    </p>

    <p class='ocr_par' dir='ltr' id='par_1_3' title="bbox 329 869 1635 1971">
     <span class='ocr_line' id='line_1_6' title="bbox 417 869 1603 951; baseline -0.002 -21"><span class='ocrx_word' id='word_1_40' title='bbox 417 869 475 930; x_wconf 91' lang='lat' dir='ltr'>Sed</span> <span class='ocrx_word' id='word_1_41' title='bbox 498 873 529 931; x_wconf 91' lang='lat' dir='ltr'>in</span> <span class='ocrx_word' id='word_1_42' title='bbox 552 871 606 932; x_wconf 90' lang='lat' dir='ltr'>hac</span> <span class='ocrx_word' id='word_1_43' title='bbox 628 877 712 951; x_wconf 87' lang='lat' dir='ltr'>parte</span> <span class='ocrx_word' id='word_1_44' title='bbox 735 889 852 951; x_wconf 89' lang='lat' dir='ltr'>quoque</span> <span class='ocrx_word' id='word_1_45' title='bbox 875 870 966 930; x_wconf 88' lang='lat' dir='ltr'>verba</span> <span class='ocrx_word' id='word_1_46' title='bbox 988 869 1130 950; x_wconf 78' lang='lat' dir='ltr'>pleraque</span> <span class='ocrx_word' id='word_1_47' title='bbox 1152 872 1185 930; x_wconf 91' lang='lat' dir='ltr'>in</span> <span class='ocrx_word' id='word_1_48' title='bbox 1207 870 1363 930; x_wconf 53' lang='lat' dir='ltr'>delectum,</span> <span class='ocrx_word' id='word_1_49' title='bbox 1378 871 1541 935; x_wconf 80' lang='lat' dir='ltr'>incurrtmt.</span> <span class='ocrx_word' id='word_1_50' title='bbox 1560 871 1603 948; x_wconf 94' lang='lat' dir='ltr'>qui</span> 
     </span>
     <span class='ocr_line' id='line_1_7' title="bbox 333 970 1624 1052; baseline -0.003 -20"><span class='ocrx_word' id='word_1_51' title='bbox 333 973 466 1034; x_wconf 87' lang='lat' dir='ltr'>delectus</span> <span class='ocrx_word' id='word_1_52' title='bbox 489 971 600 1052; x_wconf 91' lang='lat' dir='ltr'>triplici</span> <span class='ocrx_word' id='word_1_53' title='bbox 622 974 709 1034; x_wconf 92' lang='lat' dir='ltr'>modo</span> <span class='ocrx_word' id='word_1_54' title='bbox 732 976 839 1034; x_wconf 82' lang='lat' dir='ltr'>evenit.</span> <span class='ocrx_word' id='word_1_55' title='bbox 870 991 940 1032; x_wconf 90' lang='lat' dir='ltr'>nam</span> <span class='ocrx_word' id='word_1_56' title='bbox 961 989 1020 1032; x_wconf 92' lang='lat' dir='ltr'>non</span> <span class='ocrx_word' id='word_1_57' title='bbox 1043 970 1158 1032; x_wconf 91' lang='lat' dir='ltr'>nullum</span> <span class='ocrx_word' id='word_1_58' title='bbox 1181 981 1227 1032; x_wconf 90' lang='lat' dir='ltr'>est</span> <span class='ocrx_word' id='word_1_59' title='bbox 1248 971 1373 1033; x_wconf 81' lang='lat' dir='ltr'>verbum</span> <span class='ocrx_word' id='word_1_60' title='bbox 1395 970 1473 1051; x_wconf 93' lang='lat' dir='ltr'>quod</span> <span class='ocrx_word' id='word_1_61' title='bbox 1496 988 1624 1049; x_wconf 72' lang='lat' dir='ltr'>prorsusa</span> 
     </span>
     <span class='ocr_line' id='line_1_8' title="bbox 333 1073 1604 1156; baseline -0.002 -22"><span class='ocrx_word' id='word_1_62' title='bbox 333 1075 420 1136; x_wconf 90' lang='lat' dir='ltr'>alicui</span> <span class='ocrx_word' id='word_1_63' title='bbox 444 1077 570 1153; x_wconf 81' lang='lat' dir='ltr'>tempori</span> <span class='ocrx_word' id='word_1_64' title='bbox 593 1094 652 1136; x_wconf 91' lang='lat' dir='ltr'>non</span> <span class='ocrx_word' id='word_1_65' title='bbox 674 1078 769 1156; x_wconf 84' lang='lat' dir='ltr'>possit</span> <span class='ocrx_word' id='word_1_66' title='bbox 791 1077 902 1155; x_wconf 87' lang='lat' dir='ltr'>aptari;</span> <span class='ocrx_word' id='word_1_67' title='bbox 930 1073 975 1134; x_wconf 86' lang='lat' dir='ltr'>vel</span> <span class='ocrx_word' id='word_1_68' title='bbox 1005 1074 1130 1134; x_wconf 90' lang='lat' dir='ltr'>alterius</span> <span class='ocrx_word' id='word_1_69' title='bbox 1151 1075 1279 1144; x_wconf 82' lang='lat' dir='ltr'>tornae,</span> <span class='ocrx_word' id='word_1_70' title='bbox 1309 1092 1398 1154; x_wconf 88' lang='lat' dir='ltr'>quam</span> <span class='ocrx_word' id='word_1_71' title='bbox 1421 1074 1514 1150; x_wconf 79' lang='lat' dir='ltr'>exigit</span> <span class='ocrx_word' id='word_1_72' title='bbox 1540 1074 1604 1131; x_wconf 87' lang='lat' dir='ltr'>ratio</span> 
     </span>
     <span class='ocr_line' id='line_1_9' title="bbox 332 1174 1605 1257; baseline -0.002 -21"><span class='ocrx_word' id='word_1_73' title='bbox 332 1176 553 1246; x_wconf 80' lang='lat' dir='ltr'>declinationis,</span> <span class='ocrx_word' id='word_1_74' title='bbox 583 1184 716 1257; x_wconf 67' lang='lat' dir='ltr'>aptatum</span> <span class='ocrx_word' id='word_1_75' title='bbox 745 1177 793 1238; x_wconf 84' lang='lat' dir='ltr'>vel</span> <span class='ocrx_word' id='word_1_76' title='bbox 823 1178 914 1236; x_wconf 91' lang='lat' dir='ltr'>etiam</span> <span class='ocrx_word' id='word_1_77' title='bbox 943 1195 996 1236; x_wconf 83' lang='lat' dir='ltr'>vox</span> <span class='ocrx_word' id='word_1_78' title='bbox 1025 1177 1115 1236; x_wconf 92' lang='lat' dir='ltr'>alieni</span> <span class='ocrx_word' id='word_1_79' title='bbox 1142 1178 1263 1254; x_wconf 80' lang='lat' dir='ltr'>generis</span> <span class='ocrx_word' id='word_1_80' title='bbox 1285 1176 1475 1254; x_wconf 82' lang='lat' dir='ltr'>subrogatur.</span> <span class='ocrx_word' id='word_1_81' title='bbox 1518 1174 1605 1234; x_wconf 84' lang='lat' dir='ltr'>delicit</span> 
     </span>
     <span class='ocr_line' id='line_1_10' title="bbox 331 1275 1603 1360; baseline -0.002 -22"><span class='ocrx_word' id='word_1_82' title='bbox 331 1281 452 1340; x_wconf 90' lang='lat' dir='ltr'>omnino</span> <span class='ocrx_word' id='word_1_83' title='bbox 474 1278 597 1342; x_wconf 81' lang='lat' dir='ltr'>verbum</span> <span class='ocrx_word' id='word_1_84' title='bbox 624 1286 743 1342; x_wconf 86' lang='lat' dir='ltr'>vacante</span> <span class='ocrx_word' id='word_1_85' title='bbox 772 1298 896 1360; x_wconf 90' lang='lat' dir='ltr'>prorsus</span> <span class='ocrx_word' id='word_1_86' title='bbox 924 1285 1057 1357; x_wconf 89' lang='lat' dir='ltr'>tempore</span> <span class='ocrx_word' id='word_1_87' title='bbox 1080 1281 1157 1340; x_wconf 92' lang='lat' dir='ltr'>citra</span> <span class='ocrx_word' id='word_1_88' title='bbox 1179 1279 1309 1358; x_wconf 86' lang='lat' dir='ltr'>aliquam</span> <span class='ocrx_word' id='word_1_89' title='bbox 1330 1278 1454 1339; x_wconf 88' lang='lat' dir='ltr'>alterius</span> <span class='ocrx_word' id='word_1_90' title='bbox 1476 1275 1603 1336; x_wconf 88' lang='lat' dir='ltr'>substitu-</span> 
     </span>
     <span class='ocr_line' id='line_1_11' title="bbox 331 1380 1604 1462; baseline -0.002 -22"><span class='ocrx_word' id='word_1_91' title='bbox 331 1384 458 1451; x_wconf 84' lang='lat' dir='ltr'>tionem,</span> <span class='ocrx_word' id='word_1_92' title='bbox 491 1389 523 1443; x_wconf 91' lang='lat' dir='ltr'>ut</span> <span class='ocrx_word' id='word_1_93' title='bbox 549 1384 581 1442; x_wconf 91' lang='lat' dir='ltr'>in</span> <span class='ocrx_word' id='word_1_94' title='bbox 608 1383 677 1452; x_wconf 79' lang='lat' dir='ltr'>his,</span> <span class='ocrx_word' id='word_1_95' title='bbox 700 1383 798 1462; x_wconf 90' lang='lat' dir='ltr'>pando</span> <span class='ocrx_word' id='word_1_96' title='bbox 825 1385 909 1443; x_wconf 90' lang='lat' dir='ltr'>sisto.</span> <span class='ocrx_word' id='word_1_97' title='bbox 954 1399 1022 1440; x_wconf 89' lang='lat' dir='ltr'>nam</span> <span class='ocrx_word' id='word_1_98' title='bbox 1051 1380 1148 1459; x_wconf 86' lang='lat' dir='ltr'>pando</span> <span class='ocrx_word' id='word_1_99' title='bbox 1176 1383 1374 1459; x_wconf 88' lang='lat' dir='ltr'>praeteritum</span> <span class='ocrx_word' id='word_1_100' title='bbox 1401 1381 1561 1459; x_wconf 88' lang='lat' dir='ltr'>perlectum</span> <span class='ocrx_word' id='word_1_101' title='bbox 1579 1381 1604 1439; x_wconf 92' lang='lat' dir='ltr'>iu</span> 
     </span>
     <span class='ocr_line' id='line_1_12' title="bbox 330 1482 1635 1564; baseline -0.002 -22"><span class='ocrx_word' id='word_1_102' title='bbox 330 1483 417 1544; x_wconf 91' lang='lat' dir='ltr'>modo</span> <span class='ocrx_word' id='word_1_103' title='bbox 439 1482 599 1544; x_wconf 85' lang='lat' dir='ltr'>indicativo</span> <span class='ocrx_word' id='word_1_104' title='bbox 627 1502 686 1545; x_wconf 93' lang='lat' dir='ltr'>nou</span> <span class='ocrx_word' id='word_1_105' title='bbox 713 1483 816 1554; x_wconf 90' lang='lat' dir='ltr'>habet;</span> <span class='ocrx_word' id='word_1_106' title='bbox 845 1487 918 1544; x_wconf 90' lang='lat' dir='ltr'>item</span> <span class='ocrx_word' id='word_1_107' title='bbox 946 1485 1019 1544; x_wconf 90' lang='lat' dir='ltr'>sisto</span> <span class='ocrx_word' id='word_1_108' title='bbox 1041 1502 1138 1564; x_wconf 89' lang='lat' dir='ltr'>neque</span> <span class='ocrx_word' id='word_1_109' title='bbox 1161 1485 1357 1563; x_wconf 88' lang='lat' dir='ltr'>praeteritum</span> <span class='ocrx_word' id='word_1_110' title='bbox 1378 1483 1543 1562; x_wconf 89' lang='lat' dir='ltr'>perlectum</span> <span class='ocrx_word' id='word_1_111' title='bbox 1560 1498 1635 1540; x_wconf 83' lang='lat' dir='ltr'>nc-to</span> 
     </span>
     <span class='ocr_line' id='line_1_13' title="bbox 330 1582 1604 1666; baseline -0.001 -22"><span class='ocrx_word' id='word_1_112' title='bbox 330 1603 387 1664; x_wconf 96' lang='lat' dir='ltr'>que</span> <span class='ocrx_word' id='word_1_113' title='bbox 410 1585 747 1666; x_wconf 79' lang='lat' dir='ltr'>plusquamperfectum,</span> <span class='ocrx_word' id='word_1_114' title='bbox 771 1605 804 1646; x_wconf 93' lang='lat' dir='ltr'>ac</span> <span class='ocrx_word' id='word_1_115' title='bbox 827 1605 881 1666; x_wconf 87' lang='lat' dir='ltr'>per</span> <span class='ocrx_word' id='word_1_116' title='bbox 904 1593 1020 1646; x_wconf 90' lang='lat' dir='ltr'>cetoros</span> <span class='ocrx_word' id='word_1_117' title='bbox 1042 1585 1145 1646; x_wconf 89' lang='lat' dir='ltr'>modos</span> <span class='ocrx_word' id='word_1_118' title='bbox 1172 1587 1205 1645; x_wconf 91' lang='lat' dir='ltr'>in</span> <span class='ocrx_word' id='word_1_119' title='bbox 1226 1584 1414 1664; x_wconf 83' lang='lat' dir='ltr'>temporibus</span> <span class='ocrx_word' id='word_1_120' title='bbox 1441 1582 1604 1665; x_wconf 89' lang='lat' dir='ltr'>quibusdam</span> 
     </span>
     <span class='ocr_line' id='line_1_14' title="bbox 331 1681 1604 1768; baseline -0.002 -21"><span class='ocrx_word' id='word_1_121' title='bbox 331 1687 444 1756; x_wconf 84' lang='lat' dir='ltr'>deficit,</span> <span class='ocrx_word' id='word_1_122' title='bbox 468 1706 526 1766; x_wconf 93' lang='lat' dir='ltr'>quo</span> <span class='ocrx_word' id='word_1_123' title='bbox 549 1691 639 1748; x_wconf 91' lang='lat' dir='ltr'>etiam</span> <span class='ocrx_word' id='word_1_124' title='bbox 661 1690 820 1768; x_wconf 91' lang='lat' dir='ltr'>participio</span> <span class='ocrx_word' id='word_1_125' title='bbox 842 1689 943 1748; x_wconf 82' lang='lat' dir='ltr'>tuturo</span> <span class='ocrx_word' id='word_1_126' title='bbox 971 1695 1061 1748; x_wconf 91' lang='lat' dir='ltr'>caret.</span> <span class='ocrx_word' id='word_1_127' title='bbox 1106 1689 1177 1748; x_wconf 90' lang='lat' dir='ltr'>item</span> <span class='ocrx_word' id='word_1_128' title='bbox 1200 1687 1301 1748; x_wconf 86' lang='lat' dir='ltr'>deficit</span> <span class='ocrx_word' id='word_1_129' title='bbox 1322 1684 1446 1747; x_wconf 80' lang='lat' dir='ltr'>verbum</span> <span class='ocrx_word' id='word_1_130' title='bbox 1468 1681 1522 1765; x_wconf 89' lang='lat' dir='ltr'>per</span> <span class='ocrx_word' id='word_1_131' title='bbox 1541 1692 1604 1746; x_wconf 89' lang='lat' dir='ltr'>tem·</span> 
     </span>
     <span class='ocr_line' id='line_1_15' title="bbox 330 1788 1604 1870; baseline -0.003 -21"><span class='ocrx_word' id='word_1_132' title='bbox 330 1809 418 1869; x_wconf 91' lang='lat' dir='ltr'>pora,</span> <span class='ocrx_word' id='word_1_133' title='bbox 443 1809 501 1850; x_wconf 94' lang='lat' dir='ltr'>uon</span> <span class='ocrx_word' id='word_1_134' title='bbox 524 1790 602 1870; x_wconf 93' lang='lat' dir='ltr'>quod</span> <span class='ocrx_word' id='word_1_135' title='bbox 626 1790 704 1850; x_wconf 86' lang='lat' dir='ltr'>desit</span> <span class='ocrx_word' id='word_1_136' title='bbox 726 1788 927 1859; x_wconf 84' lang='lat' dir='ltr'>declinationi,</span> <span class='ocrx_word' id='word_1_137' title='bbox 951 1789 1003 1848; x_wconf 89' lang='lat' dir='ltr'>sed</span> <span class='ocrx_word' id='word_1_138' title='bbox 1025 1790 1104 1869; x_wconf 95' lang='lat' dir='ltr'>quod</span> <span class='ocrx_word' id='word_1_139' title='bbox 1127 1790 1251 1850; x_wconf 91' lang='lat' dir='ltr'>alterius</span> <span class='ocrx_word' id='word_1_140' title='bbox 1274 1790 1387 1850; x_wconf 86' lang='lat' dir='ltr'>tonnae</span> <span class='ocrx_word' id='word_1_141' title='bbox 1410 1788 1604 1855; x_wconf 87' lang='lat' dir='ltr'>substituatur,</span> 
     </span>
     <span class='ocr_line' id='line_1_16' title="bbox 329 1887 1606 1971; baseline -0.003 -20"><span class='ocrx_word' id='word_1_142' title='bbox 329 1910 416 1970; x_wconf 88' lang='lat' dir='ltr'>quam</span> <span class='ocrx_word' id='word_1_143' title='bbox 449 1894 524 1951; x_wconf 87' lang='lat' dir='ltr'>ratio</span> <span class='ocrx_word' id='word_1_144' title='bbox 557 1899 678 1971; x_wconf 87' lang='lat' dir='ltr'>coeptae</span> <span class='ocrx_word' id='word_1_145' title='bbox 711 1891 919 1952; x_wconf 86' lang='lat' dir='ltr'>declinationis</span> <span class='ocrx_word' id='word_1_146' title='bbox 951 1891 1091 1952; x_wconf 88' lang='lat' dir='ltr'>admittit.</span> <span class='ocrx_word' id='word_1_147' title='bbox 1136 1899 1206 1953; x_wconf 90' lang='lat' dir='ltr'>sunt</span> <span class='ocrx_word' id='word_1_148' title='bbox 1239 1894 1317 1952; x_wconf 92' lang='lat' dir='ltr'>euim</span> <span class='ocrx_word' id='word_1_149' title='bbox 1351 1890 1496 1971; x_wconf 86' lang='lat' dir='ltr'>quaedam</span> <span class='ocrx_word' id='word_1_150' title='bbox 1529 1887 1606 1948; x_wconf 85' lang='lat' dir='ltr'>rerba</span> 
     </span>
    </p>
   </div>
   <div class='ocr_carea' id='block_1_3' title="bbox 221 1991 1635 2073">
    <p class='ocr_par' dir='ltr' id='par_1_4' title="bbox 221 1991 1635 2073">
     <span class='ocr_line' id='line_1_17' title="bbox 221 1991 1635 2073; baseline -0.005 -19"><span class='ocrx_word' id='word_1_151' title='bbox 221 2050 228 2063; x_wconf 88' lang='grc'><em>,</em></span> <span class='ocrx_word' id='word_1_152' title='bbox 330 2012 405 2073; x_wconf 93' lang='lat' dir='ltr'>quae</span> <span class='ocrx_word' id='word_1_153' title='bbox 439 2011 492 2073; x_wconf 90' lang='lat' dir='ltr'>per</span> <span class='ocrx_word' id='word_1_154' title='bbox 527 2001 658 2073; x_wconf 88' lang='lat' dir='ltr'>tempora</span> <span class='ocrx_word' id='word_1_155' title='bbox 691 1995 815 2054; x_wconf 82' lang='lat' dir='ltr'>formam</span> <span class='ocrx_word' id='word_1_156' title='bbox 847 1993 1056 2054; x_wconf 87' lang='lat' dir='ltr'>declinationis</span> <span class='ocrx_word' id='word_1_157' title='bbox 1089 2012 1160 2054; x_wconf 87' lang='lat' dir='ltr'>suae</span> <span class='ocrx_word' id='word_1_158' title='bbox 1192 2001 1323 2062; x_wconf 91' lang='lat' dir='ltr'>mutant,</span> <span class='ocrx_word' id='word_1_159' title='bbox 1352 2011 1446 2072; x_wconf 88' lang='lat' dir='ltr'>caque</span> <span class='ocrx_word' id='word_1_160' title='bbox 1474 1991 1604 2058; x_wconf 86' lang='lat' dir='ltr'>anomala,</span> <span class='ocrx_word' id='word_1_161' title='bbox 1617 2011 1635 2047; x_wconf 78' lang='lat' dir='ltr'>n</span> 
     </span>
    </p>
   </div>
   <div class='ocr_carea' id='block_1_4' title="bbox 322 2093 1637 3909">
    <p class='ocr_par' dir='ltr' id='par_1_5' title="bbox 322 2093 1637 3909">
     <span class='ocr_line' id='line_1_18' title="bbox 329 2093 1604 2174; baseline -0.002 -21"><span class='ocrx_word' id='word_1_162' title='bbox 329 2096 406 2154; x_wconf 93' lang='lat' dir='ltr'>sicut</span> <span class='ocrx_word' id='word_1_163' title='bbox 427 2097 487 2155; x_wconf 90' lang='lat' dir='ltr'>iam</span> <span class='ocrx_word' id='word_1_164' title='bbox 510 2095 652 2163; x_wconf 85' lang='lat' dir='ltr'>diximus,</span> <span class='ocrx_word' id='word_1_165' title='bbox 682 2095 882 2174; x_wconf 89' lang='lat' dir='ltr'>appellantur,</span> <span class='ocrx_word' id='word_1_166' title='bbox 906 2103 936 2156; x_wconf 83' lang='lat' dir='ltr'>et</span> <span class='ocrx_word' id='word_1_167' title='bbox 963 2095 1035 2154; x_wconf 90' lang='lat' dir='ltr'>baec</span> <span class='ocrx_word' id='word_1_168' title='bbox 1063 2095 1127 2154; x_wconf 90' lang='lat' dir='ltr'>lere</span> <span class='ocrx_word' id='word_1_169' title='bbox 1156 2103 1242 2165; x_wconf 91' lang='lat' dir='ltr'>sunt,</span> <span class='ocrx_word' id='word_1_170' title='bbox 1272 2094 1353 2156; x_wconf 88' lang='lat' dir='ltr'>soleo</span> <span class='ocrx_word' id='word_1_171' title='bbox 1375 2094 1470 2156; x_wconf 88' lang='lat' dir='ltr'>audeo</span> <span class='ocrx_word' id='word_1_172' title='bbox 1491 2093 1604 2171; x_wconf 85' lang='lat' dir='ltr'>gaudeo.</span> 
     </span>
     <span class='ocr_line' id='line_1_19' title="bbox 329 2175 1605 2278; baseline -0.002 -22"><span class='ocrx_word' id='word_1_173' title='bbox 329 2175 438 2257; x_wconf 77' lang='lat' dir='ltr'>etenim</span> <span class='ocrx_word' id='word_1_174' title='bbox 463 2205 594 2276; x_wconf 92' lang='lat' dir='ltr'>tempore</span> <span class='ocrx_word' id='word_1_175' title='bbox 617 2193 775 2278; x_wconf 78' lang='lat' dir='ltr'>praesenti</span> <span class='ocrx_word' id='word_1_176' title='bbox 804 2196 885 2258; x_wconf 90' lang='lat' dir='ltr'>soleo</span> <span class='ocrx_word' id='word_1_177' title='bbox 907 2197 986 2257; x_wconf 92' lang='lat' dir='ltr'>soles</span> <span class='ocrx_word' id='word_1_178' title='bbox 1008 2197 1086 2258; x_wconf 91' lang='lat' dir='ltr'>solet</span> <span class='ocrx_word' id='word_1_179' title='bbox 1108 2198 1203 2256; x_wconf 79' lang='lat' dir='ltr'>activo</span> <span class='ocrx_word' id='word_1_180' title='bbox 1225 2197 1313 2256; x_wconf 89' lang='lat' dir='ltr'>modo</span> <span class='ocrx_word' id='word_1_181' title='bbox 1334 2197 1517 2265; x_wconf 89' lang='lat' dir='ltr'>declinatur;</span> <span class='ocrx_word' id='word_1_182' title='bbox 1542 2199 1605 2255; x_wconf 88' lang='lat' dir='ltr'>itcnr</span> 
     </span>
     <span class='ocr_line' id='line_1_20' title="bbox 328 2295 1604 2379; baseline -0.002 -22"><span class='ocrx_word' id='word_1_183' title='bbox 328 2306 461 2378; x_wconf 88' lang='lat' dir='ltr'>tempore</span> <span class='ocrx_word' id='word_1_184' title='bbox 499 2299 665 2379; x_wconf 78' lang='lat' dir='ltr'>inperfecto</span> <span class='ocrx_word' id='word_1_185' title='bbox 699 2297 832 2360; x_wconf 87' lang='lat' dir='ltr'>solebam</span> <span class='ocrx_word' id='word_1_186' title='bbox 865 2298 982 2360; x_wconf 90' lang='lat' dir='ltr'>solebas</span> <span class='ocrx_word' id='word_1_187' title='bbox 1014 2297 1131 2360; x_wconf 88' lang='lat' dir='ltr'>solebat</span> <span class='ocrx_word' id='word_1_188' title='bbox 1162 2317 1257 2378; x_wconf 87' lang='lat' dir='ltr'>aeque</span> <span class='ocrx_word' id='word_1_189' title='bbox 1290 2301 1387 2360; x_wconf 77' lang='lat' dir='ltr'>actito</span> <span class='ocrx_word' id='word_1_190' title='bbox 1423 2298 1519 2359; x_wconf 89' lang='lat' dir='ltr'>modo.</span> <span class='ocrx_word' id='word_1_191' title='bbox 1559 2295 1604 2356; x_wconf 87' lang='lat' dir='ltr'>sed</span> 
     </span>
     <span class='ocr_line' id='line_1_21' title="bbox 329 2398 1604 2480; baseline -0.003 -20"><span class='ocrx_word' id='word_1_192' title='bbox 329 2403 490 2478; x_wconf 89' lang='lat' dir='ltr'>praeterito</span> <span class='ocrx_word' id='word_1_193' title='bbox 513 2402 646 2480; x_wconf 87' lang='lat' dir='ltr'>perlecto</span> <span class='ocrx_word' id='word_1_194' title='bbox 669 2402 793 2462; x_wconf 81' lang='lat' dir='ltr'>formam</span> <span class='ocrx_word' id='word_1_195' title='bbox 815 2419 899 2460; x_wconf 86' lang='lat' dir='ltr'>suam</span> <span class='ocrx_word' id='word_1_196' title='bbox 921 2408 1016 2461; x_wconf 91' lang='lat' dir='ltr'>mutat</span> <span class='ocrx_word' id='word_1_197' title='bbox 1037 2408 1068 2460; x_wconf 92' lang='lat' dir='ltr'>et</span> <span class='ocrx_word' id='word_1_198' title='bbox 1089 2401 1162 2461; x_wconf 90' lang='lat' dir='ltr'>lacit</span> <span class='ocrx_word' id='word_1_199' title='bbox 1182 2401 1289 2462; x_wconf 92' lang='lat' dir='ltr'>solitus</span> <span class='ocrx_word' id='word_1_200' title='bbox 1311 2419 1378 2460; x_wconf 93' lang='lat' dir='ltr'>sum</span> <span class='ocrx_word' id='word_1_201' title='bbox 1400 2408 1514 2468; x_wconf 86' lang='lat' dir='ltr'>esest,</span> <span class='ocrx_word' id='word_1_202' title='bbox 1536 2398 1604 2478; x_wconf 94' lang='lat' dir='ltr'>quod</span> 
     </span>
     <span class='ocr_line' id='line_1_22' title="bbox 327 2501 1636 2582; baseline -0.002 -22"><span class='ocrx_word' id='word_1_203' title='bbox 327 2510 372 2562; x_wconf 88' lang='lat' dir='ltr'>est</span> <span class='ocrx_word' id='word_1_204' title='bbox 400 2505 532 2582; x_wconf 79' lang='lat' dir='ltr'>passivae</span> <span class='ocrx_word' id='word_1_205' title='bbox 561 2503 784 2564; x_wconf 86' lang='lat' dir='ltr'>declinationis:</span> <span class='ocrx_word' id='word_1_206' title='bbox 813 2521 872 2564; x_wconf 92' lang='lat' dir='ltr'>non</span> <span class='ocrx_word' id='word_1_207' title='bbox 901 2503 981 2563; x_wconf 89' lang='lat' dir='ltr'>cuim</span> <span class='ocrx_word' id='word_1_208' title='bbox 1004 2503 1076 2564; x_wconf 87' lang='lat' dir='ltr'>lacit</span> <span class='ocrx_word' id='word_1_209' title='bbox 1097 2502 1175 2563; x_wconf 88' lang='lat' dir='ltr'>solui</span> <span class='ocrx_word' id='word_1_210' title='bbox 1197 2503 1315 2563; x_wconf 88' lang='lat' dir='ltr'>soluisti</span> <span class='ocrx_word' id='word_1_211' title='bbox 1336 2501 1437 2563; x_wconf 90' lang='lat' dir='ltr'>soluit.</span> <span class='ocrx_word' id='word_1_212' title='bbox 1481 2505 1522 2562; x_wconf 90' lang='lat' dir='ltr'>ita</span> <span class='ocrx_word' id='word_1_213' title='bbox 1542 2517 1636 2576; x_wconf 77' lang='lat' dir='ltr'>ergon</span> 
     </span>
     <span class='ocr_line' id='line_1_23' title="bbox 326 2604 1604 2686; baseline -0.002 -24"><span class='ocrx_word' id='word_1_214' title='bbox 326 2606 404 2684; x_wconf 91' lang='lat' dir='ltr'>quod</span> <span class='ocrx_word' id='word_1_215' title='bbox 428 2624 518 2666; x_wconf 94' lang='lat' dir='ltr'>unum</span> <span class='ocrx_word' id='word_1_216' title='bbox 541 2613 628 2686; x_wconf 88' lang='lat' dir='ltr'>atque</span> <span class='ocrx_word' id='word_1_217' title='bbox 651 2605 730 2666; x_wconf 92' lang='lat' dir='ltr'>idem</span> <span class='ocrx_word' id='word_1_218' title='bbox 752 2605 875 2666; x_wconf 92' lang='lat' dir='ltr'>verbum</span> <span class='ocrx_word' id='word_1_219' title='bbox 898 2607 930 2664; x_wconf 92' lang='lat' dir='ltr'>iu</span> <span class='ocrx_word' id='word_1_220' title='bbox 952 2605 1020 2666; x_wconf 91' lang='lat' dir='ltr'>aliis</span> <span class='ocrx_word' id='word_1_221' title='bbox 1040 2612 1128 2683; x_wconf 91' lang='lat' dir='ltr'>atque</span> <span class='ocrx_word' id='word_1_222' title='bbox 1151 2605 1218 2680; x_wconf 84' lang='lat' dir='ltr'>aliis</span> <span class='ocrx_word' id='word_1_223' title='bbox 1242 2604 1428 2682; x_wconf 89' lang='lat' dir='ltr'>temporibus</span> <span class='ocrx_word' id='word_1_224' title='bbox 1449 2622 1526 2664; x_wconf 93' lang='lat' dir='ltr'>nunc</span> <span class='ocrx_word' id='word_1_225' title='bbox 1545 2619 1604 2682; x_wconf 85' lang='lat' dir='ltr'>pas-</span> 
     </span>
     <span class='ocr_line' id='line_1_24' title="bbox 326 2705 1606 2786; baseline -0.003 -21"><span class='ocrx_word' id='word_1_226' title='bbox 326 2708 382 2766; x_wconf 80' lang='lat' dir='ltr'>sivi</span> <span class='ocrx_word' id='word_1_227' title='bbox 405 2705 633 2767; x_wconf 89' lang='lat' dir='ltr'>declinationem</span> <span class='ocrx_word' id='word_1_228' title='bbox 655 2705 760 2775; x_wconf 92' lang='lat' dir='ltr'>babet,</span> <span class='ocrx_word' id='word_1_229' title='bbox 784 2725 862 2767; x_wconf 83' lang='lat' dir='ltr'>nurrc</span> <span class='ocrx_word' id='word_1_230' title='bbox 885 2708 991 2774; x_wconf 82' lang='lat' dir='ltr'>activi,</span> <span class='ocrx_word' id='word_1_231' title='bbox 1014 2707 1170 2785; x_wconf 86' lang='lat' dir='ltr'>inaequale</span> <span class='ocrx_word' id='word_1_232' title='bbox 1193 2707 1370 2786; x_wconf 88' lang='lat' dir='ltr'>appellatur.</span> <span class='ocrx_word' id='word_1_233' title='bbox 1401 2709 1472 2766; x_wconf 88' lang='lat' dir='ltr'>item</span> <span class='ocrx_word' id='word_1_234' title='bbox 1494 2714 1538 2764; x_wconf 88' lang='lat' dir='ltr'>est</span> <span class='ocrx_word' id='word_1_235' title='bbox 1557 2721 1606 2782; x_wconf 90' lang='lat' dir='ltr'>per</span> 
     </span>
     <span class='ocr_line' id='line_1_25' title="bbox 326 2808 1604 2888; baseline -0.002 -20"><span class='ocrx_word' id='word_1_236' title='bbox 326 2815 459 2888; x_wconf 88' lang='lat' dir='ltr'>tempora</span> <span class='ocrx_word' id='word_1_237' title='bbox 486 2812 518 2870; x_wconf 93' lang='lat' dir='ltr'>in</span> <span class='ocrx_word' id='word_1_238' title='bbox 547 2810 745 2871; x_wconf 89' lang='lat' dir='ltr'>declinatione</span> <span class='ocrx_word' id='word_1_239' title='bbox 775 2808 924 2879; x_wconf 87' lang='lat' dir='ltr'>deiectus,</span> <span class='ocrx_word' id='word_1_240' title='bbox 952 2828 1034 2879; x_wconf 90' lang='lat' dir='ltr'>cum,</span> <span class='ocrx_word' id='word_1_241' title='bbox 1061 2817 1097 2870; x_wconf 91' lang='lat' dir='ltr'>ut</span> <span class='ocrx_word' id='word_1_242' title='bbox 1122 2810 1371 2887; x_wconf 83' lang='lat' dir='ltr'>significationem</span> <span class='ocrx_word' id='word_1_243' title='bbox 1401 2810 1542 2887; x_wconf 88' lang='lat' dir='ltr'>temporis</span> <span class='ocrx_word' id='word_1_244' title='bbox 1561 2825 1604 2866; x_wconf 82' lang='lat' dir='ltr'>ex·</span> 
     </span>
     <span class='ocr_line' id='line_1_26' title="bbox 326 2908 1604 2989; baseline -0.002 -19"><span class='ocrx_word' id='word_1_245' title='bbox 326 2910 476 2989; x_wconf 74' lang='lat' dir='ltr'>pleamuS,</span> <span class='ocrx_word' id='word_1_246' title='bbox 500 2912 639 2980; x_wconf 87' lang='lat' dir='ltr'>verbum,</span> <span class='ocrx_word' id='word_1_247' title='bbox 663 2917 696 2970; x_wconf 90' lang='lat' dir='ltr'>ut</span> <span class='ocrx_word' id='word_1_248' title='bbox 718 2912 760 2971; x_wconf 88' lang='lat' dir='ltr'>ait</span> <span class='ocrx_word' id='word_1_249' title='bbox 781 2908 891 2979; x_wconf 87' lang='lat' dir='ltr'>Pausa,</span> <span class='ocrx_word' id='word_1_250' title='bbox 915 2912 1038 2973; x_wconf 90' lang='lat' dir='ltr'>alterius</span> <span class='ocrx_word' id='word_1_251' title='bbox 1060 2914 1182 2989; x_wconf 83' lang='lat' dir='ltr'>generis</span> <span class='ocrx_word' id='word_1_252' title='bbox 1204 2910 1419 2989; x_wconf 83' lang='lat' dir='ltr'>subrogamus,</span> <span class='ocrx_word' id='word_1_253' title='bbox 1443 2918 1476 2969; x_wconf 94' lang='lat' dir='ltr'>ut</span> <span class='ocrx_word' id='word_1_254' title='bbox 1496 2916 1541 2970; x_wconf 89' lang='lat' dir='ltr'>est</span> <span class='ocrx_word' id='word_1_255' title='bbox 1560 2909 1604 2968; x_wconf 90' lang='lat' dir='ltr'>ad-</span> 
     </span>
     <span class='ocr_line' id='line_1_27' title="bbox 326 3012 1637 3093; baseline -0.007 -20"><span class='ocrx_word' id='word_1_256' title='bbox 326 3015 384 3073; x_wconf 87' lang='lat' dir='ltr'>lert</span> <span class='ocrx_word' id='word_1_257' title='bbox 406 3020 436 3072; x_wconf 90' lang='lat' dir='ltr'>et</span> <span class='ocrx_word' id='word_1_258' title='bbox 458 3014 537 3073; x_wconf 86' lang='lat' dir='ltr'>serit.</span> <span class='ocrx_word' id='word_1_259' title='bbox 582 3016 613 3075; x_wconf 92' lang='lat' dir='ltr'>in</span> <span class='ocrx_word' id='word_1_260' title='bbox 640 3012 687 3073; x_wconf 90' lang='lat' dir='ltr'>bis</span> <span class='ocrx_word' id='word_1_261' title='bbox 717 3014 796 3073; x_wconf 89' lang='lat' dir='ltr'>enim</span> <span class='ocrx_word' id='word_1_262' title='bbox 825 3012 965 3073; x_wconf 91' lang='lat' dir='ltr'>dissimili</span> <span class='ocrx_word' id='word_1_263' title='bbox 992 3032 1063 3073; x_wconf 81' lang='lat' dir='ltr'>voce</span> <span class='ocrx_word' id='word_1_264' title='bbox 1091 3014 1340 3091; x_wconf 82' lang='lat' dir='ltr'>significationem</span> <span class='ocrx_word' id='word_1_265' title='bbox 1362 3014 1517 3093; x_wconf 88' lang='lat' dir='ltr'>praeteriti</span> <span class='ocrx_word' id='word_1_266' title='bbox 1539 3018 1637 3071; x_wconf 75' lang='lat' dir='ltr'>teni-s</span> 
     </span>
     <span class='ocr_line' id='line_1_28' title="bbox 324 3114 1604 3193; baseline -0.002 -18"><span class='ocrx_word' id='word_1_267' title='bbox 324 3118 406 3193; x_wconf 90' lang='lat' dir='ltr'>poris</span> <span class='ocrx_word' id='word_1_268' title='bbox 429 3114 654 3176; x_wconf 82' lang='lat' dir='ltr'>declarabimus</span> <span class='ocrx_word' id='word_1_269' title='bbox 700 3115 826 3175; x_wconf 86' lang='lat' dir='ltr'>dicimus</span> <span class='ocrx_word' id='word_1_270' title='bbox 848 3115 929 3175; x_wconf 93' lang='lat' dir='ltr'>enim</span> <span class='ocrx_word' id='word_1_271' title='bbox 951 3115 1048 3175; x_wconf 83' lang='lat' dir='ltr'>adfert</span> <span class='ocrx_word' id='word_1_272' title='bbox 1070 3115 1185 3186; x_wconf 89' lang='lat' dir='ltr'>attulit;</span> <span class='ocrx_word' id='word_1_273' title='bbox 1208 3118 1281 3176; x_wconf 92' lang='lat' dir='ltr'>item</span> <span class='ocrx_word' id='word_1_274' title='bbox 1304 3116 1431 3176; x_wconf 89' lang='lat' dir='ltr'>dicimus</span> <span class='ocrx_word' id='word_1_275' title='bbox 1452 3116 1523 3175; x_wconf 86' lang='lat' dir='ltr'>ierit</span> <span class='ocrx_word' id='word_1_276' title='bbox 1544 3132 1604 3192; x_wconf 92' lang='lat' dir='ltr'>per-</span> 
     </span>
     <span class='ocr_line' id='line_1_29' title="bbox 325 3215 1606 3298; baseline 0.001 -24"><span class='ocrx_word' id='word_1_277' title='bbox 325 3220 417 3278; x_wconf 85' lang='lat' dir='ltr'>cussit</span> <span class='ocrx_word' id='word_1_278' title='bbox 438 3220 601 3296; x_wconf 87' lang='lat' dir='ltr'>praeterito</span> <span class='ocrx_word' id='word_1_279' title='bbox 622 3216 765 3297; x_wconf 89' lang='lat' dir='ltr'>perlecto.</span> <span class='ocrx_word' id='word_1_280' title='bbox 799 3215 858 3277; x_wconf 89' lang='lat' dir='ltr'>tale</span> <span class='ocrx_word' id='word_1_281' title='bbox 882 3224 929 3275; x_wconf 91' lang='lat' dir='ltr'>est</span> <span class='ocrx_word' id='word_1_282' title='bbox 950 3234 1015 3277; x_wconf 91' lang='lat' dir='ltr'>sum</span> <span class='ocrx_word' id='word_1_283' title='bbox 1037 3217 1081 3277; x_wconf 84' lang='lat' dir='ltr'>tui</span> <span class='ocrx_word' id='word_1_284' title='bbox 1104 3236 1166 3277; x_wconf 91' lang='lat' dir='ltr'>ero.</span> <span class='ocrx_word' id='word_1_285' title='bbox 1200 3225 1271 3279; x_wconf 89' lang='lat' dir='ltr'>sunt</span> <span class='ocrx_word' id='word_1_286' title='bbox 1292 3226 1449 3298; x_wconf 88' lang='lat' dir='ltr'>praeterea</span> <span class='ocrx_word' id='word_1_287' title='bbox 1470 3215 1606 3295; x_wconf 88' lang='lat' dir='ltr'>quaedam</span> 
     </span>
     <span class='ocr_line' id='line_1_30' title="bbox 324 3317 1605 3401; baseline -0.002 -22"><span class='ocrx_word' id='word_1_288' title='bbox 324 3317 429 3401; x_wconf 67' lang='lat' dir='ltr'>rerba,</span> <span class='ocrx_word' id='word_1_289' title='bbox 457 3338 532 3398; x_wconf 89' lang='lat' dir='ltr'>quae</span> <span class='ocrx_word' id='word_1_290' title='bbox 562 3338 630 3380; x_wconf 92' lang='lat' dir='ltr'>cum</span> <span class='ocrx_word' id='word_1_291' title='bbox 657 3320 719 3379; x_wconf 92' lang='lat' dir='ltr'>sint</span> <span class='ocrx_word' id='word_1_292' title='bbox 746 3320 914 3397; x_wconf 91' lang='lat' dir='ltr'>praesentis</span> <span class='ocrx_word' id='word_1_293' title='bbox 942 3321 1100 3397; x_wconf 76' lang='lat' dir='ltr'>temporiS,</span> <span class='ocrx_word' id='word_1_294' title='bbox 1128 3322 1260 3398; x_wconf 90' lang='lat' dir='ltr'>speeiem</span> <span class='ocrx_word' id='word_1_295' title='bbox 1283 3320 1439 3399; x_wconf 86' lang='lat' dir='ltr'>praeteriti</span> <span class='ocrx_word' id='word_1_296' title='bbox 1463 3317 1605 3387; x_wconf 81' lang='lat' dir='ltr'>exhibent,</span> 
     </span>
     <span class='ocr_line' id='line_1_31' title="bbox 323 3420 1605 3500; baseline -0.001 -20"><span class='ocrx_word' id='word_1_297' title='bbox 323 3428 357 3480; x_wconf 94' lang='lat' dir='ltr'>ut</span> <span class='ocrx_word' id='word_1_298' title='bbox 379 3426 423 3481; x_wconf 90' lang='lat' dir='ltr'>est</span> <span class='ocrx_word' id='word_1_299' title='bbox 445 3422 567 3481; x_wconf 88' lang='lat' dir='ltr'>memini</span> <span class='ocrx_word' id='word_1_300' title='bbox 590 3423 672 3490; x_wconf 83' lang='lat' dir='ltr'>novi,</span> <span class='ocrx_word' id='word_1_301' title='bbox 697 3438 764 3479; x_wconf 92' lang='lat' dir='ltr'>cum</span> <span class='ocrx_word' id='word_1_302' title='bbox 786 3420 816 3481; x_wconf 95' lang='lat' dir='ltr'>id</span> <span class='ocrx_word' id='word_1_303' title='bbox 840 3422 969 3481; x_wconf 90' lang='lat' dir='ltr'>essentia</span> <span class='ocrx_word' id='word_1_304' title='bbox 992 3438 1134 3500; x_wconf 89' lang='lat' dir='ltr'>praesens</span> <span class='ocrx_word' id='word_1_305' title='bbox 1157 3428 1212 3481; x_wconf 91' lang='lat' dir='ltr'>est.</span> <span class='ocrx_word' id='word_1_306' title='bbox 1257 3429 1327 3483; x_wconf 91' lang='lat' dir='ltr'>sunt</span> <span class='ocrx_word' id='word_1_307' title='bbox 1349 3424 1440 3481; x_wconf 90' lang='lat' dir='ltr'>etiam</span> <span class='ocrx_word' id='word_1_308' title='bbox 1462 3420 1605 3500; x_wconf 86' lang='lat' dir='ltr'>praesenti</span> 
     </span>
     <span class='ocr_line' id='line_1_32' title="bbox 322 3521 1637 3603; baseline 0.001 -22"><span class='ocrx_word' id='word_1_309' title='bbox 322 3524 450 3601; x_wconf 88' lang='lat' dir='ltr'>tempori</span> <span class='ocrx_word' id='word_1_310' title='bbox 484 3529 514 3581; x_wconf 88' lang='lat' dir='ltr'>et</span> <span class='ocrx_word' id='word_1_311' title='bbox 545 3524 708 3603; x_wconf 88' lang='lat' dir='ltr'>praeterito</span> <span class='ocrx_word' id='word_1_312' title='bbox 740 3522 873 3601; x_wconf 89' lang='lat' dir='ltr'>perlecto</span> <span class='ocrx_word' id='word_1_313' title='bbox 906 3521 1051 3602; x_wconf 87' lang='lat' dir='ltr'>quaedam</span> <span class='ocrx_word' id='word_1_314' title='bbox 1083 3522 1174 3583; x_wconf 82' lang='lat' dir='ltr'>verba</span> <span class='ocrx_word' id='word_1_315' title='bbox 1202 3525 1386 3593; x_wconf 88' lang='lat' dir='ltr'>communia,</span> <span class='ocrx_word' id='word_1_316' title='bbox 1419 3530 1455 3583; x_wconf 92' lang='lat' dir='ltr'>ut</span> <span class='ocrx_word' id='word_1_317' title='bbox 1481 3521 1637 3583; x_wconf 71' lang='lat' dir='ltr'>incenditur</span> 
     </span>
     <span class='ocr_line' id='line_1_33' title="bbox 322 3624 1605 3706; baseline 0.001 -23"><span class='ocrx_word' id='word_1_318' title='bbox 322 3625 424 3687; x_wconf 91' lang='lat' dir='ltr'>obruit</span> <span class='ocrx_word' id='word_1_319' title='bbox 445 3624 523 3704; x_wconf 91' lang='lat' dir='ltr'>pluit</span> <span class='ocrx_word' id='word_1_320' title='bbox 544 3626 614 3687; x_wconf 89' lang='lat' dir='ltr'>suit.</span> <span class='ocrx_word' id='word_1_321' title='bbox 659 3626 731 3686; x_wconf 90' lang='lat' dir='ltr'>haec</span> <span class='ocrx_word' id='word_1_322' title='bbox 760 3628 840 3687; x_wconf 89' lang='lat' dir='ltr'>eninr</span> <span class='ocrx_word' id='word_1_323' title='bbox 862 3625 944 3687; x_wconf 89' lang='lat' dir='ltr'>nulla</span> <span class='ocrx_word' id='word_1_324' title='bbox 972 3630 1085 3687; x_wconf 89' lang='lat' dir='ltr'>mutata</span> <span class='ocrx_word' id='word_1_325' title='bbox 1106 3627 1275 3706; x_wconf 87' lang='lat' dir='ltr'>praesentis</span> <span class='ocrx_word' id='word_1_326' title='bbox 1297 3628 1441 3705; x_wconf 88' lang='lat' dir='ltr'>temporis</span> <span class='ocrx_word' id='word_1_327' title='bbox 1464 3626 1557 3685; x_wconf 88' lang='lat' dir='ltr'>torma</span> <span class='ocrx_word' id='word_1_328' title='bbox 1578 3626 1605 3683; x_wconf 90' lang='lat' dir='ltr'>iu</span> 
     </span>
     <span class='ocr_line' id='line_1_34' title="bbox 322 3726 1607 3807; baseline -0.003 -22"><span class='ocrx_word' id='word_1_329' title='bbox 322 3727 520 3788; x_wconf 89' lang='lat' dir='ltr'>declinatione</span> <span class='ocrx_word' id='word_1_330' title='bbox 549 3728 704 3807; x_wconf 89' lang='lat' dir='ltr'>praeteriti</span> <span class='ocrx_word' id='word_1_331' title='bbox 733 3729 875 3805; x_wconf 88' lang='lat' dir='ltr'>temporis</span> <span class='ocrx_word' id='word_1_332' title='bbox 903 3728 1111 3805; x_wconf 84' lang='lat' dir='ltr'>proteruntur,</span> <span class='ocrx_word' id='word_1_333' title='bbox 1144 3731 1175 3789; x_wconf 94' lang='lat' dir='ltr'>in</span> <span class='ocrx_word' id='word_1_334' title='bbox 1210 3735 1325 3788; x_wconf 92' lang='lat' dir='ltr'>tantum</span> <span class='ocrx_word' id='word_1_335' title='bbox 1355 3735 1387 3788; x_wconf 94' lang='lat' dir='ltr'>ut</span> <span class='ocrx_word' id='word_1_336' title='bbox 1416 3730 1508 3787; x_wconf 88' lang='lat' dir='ltr'>etiarn</span> <span class='ocrx_word' id='word_1_337' title='bbox 1536 3726 1607 3805; x_wconf 91' lang='lat' dir='ltr'>pluit</span> 
     </span>
     <span class='ocr_line' id='line_1_35' title="bbox 322 3828 1606 3909; baseline -0.002 -22"><span class='ocrx_word' id='word_1_338' title='bbox 322 3828 481 3909; x_wconf 91' lang='lat' dir='ltr'>utrobique</span> <span class='ocrx_word' id='word_1_339' title='bbox 510 3829 721 3907; x_wconf 91' lang='lat' dir='ltr'>pronuntietur</span> <span class='ocrx_word' id='word_1_340' title='bbox 750 3829 848 3907; x_wconf 91' lang='lat' dir='ltr'>priore</span> <span class='ocrx_word' id='word_1_341' title='bbox 877 3836 1030 3907; x_wconf 91' lang='lat' dir='ltr'>correpta,</span> <span class='ocrx_word' id='word_1_342' title='bbox 1065 3831 1199 3909; x_wconf 86' lang='lat' dir='ltr'>quamvis</span> <span class='ocrx_word' id='word_1_343' title='bbox 1228 3830 1351 3891; x_wconf 86' lang='lat' dir='ltr'>Plautus</span> <span class='ocrx_word' id='word_1_344' title='bbox 1378 3828 1553 3907; x_wconf 84' lang='lat' dir='ltr'>produxerit</span> <span class='ocrx_word' id='word_1_345' title='bbox 1578 3829 1606 3885; x_wconf 91' lang='lat' dir='ltr'>iu</span> 
     </span>
    </p>
   </div>
   <div class='ocr_carea' id='block_1_5' title="bbox 268 4012 1705 4916">
    <p class='ocr_par' dir='ltr' id='par_1_6' title="bbox 319 4012 1607 4291">
     <span class='ocr_line' id='line_1_36' title="bbox 389 4012 1607 4082; baseline -0.003 -18"><span class='ocrx_word' id='word_1_346' title='bbox 389 4016 405 4065; x_wconf 77' lang='lat'>5</span> <span class='ocrx_word' id='word_1_347' title='bbox 425 4030 481 4063; x_wconf 87' lang='lat' dir='ltr'>nam</span> <span class='ocrx_word' id='word_1_348' title='bbox 506 4030 611 4081; x_wconf 83' lang='lat' dir='ltr'>prorsus</span> <span class='ocrx_word' id='word_1_349' title='bbox 635 4028 682 4063; x_wconf 89' lang='lat' dir='ltr'>non</span> <span class='ocrx_word' id='word_1_350' title='bbox 704 4012 800 4063; x_wconf 89' lang='lat' dir='ltr'>nullum</span> <span class='ocrx_word' id='word_1_351' title='bbox 820 4023 858 4062; x_wconf 83' lang='lat' dir='ltr'>est</span> <span class='ocrx_word' id='word_1_352' title='bbox 875 4015 981 4066; x_wconf 86' lang='lat' dir='ltr'>uerbum</span> <span class='ocrx_word' id='word_1_353' title='bbox 1003 4016 1071 4079; x_wconf 88' lang='lat' dir='ltr'>quod</span> <span class='ocrx_word' id='word_1_354' title='bbox 1090 4015 1168 4065; x_wconf 86' lang='lat' dir='ltr'>alicui</span> <span class='ocrx_word' id='word_1_355' title='bbox 1187 4016 1295 4082; x_wconf 83' lang='lat' dir='ltr'>tempori</span> <span class='ocrx_word' id='word_1_356' title='bbox 1315 4024 1342 4065; x_wconf 93' lang='lat' dir='ltr'>ut</span> <span class='ocrx_word' id='word_1_357' title='bbox 1359 4016 1445 4080; x_wconf 85' lang='lat' dir='ltr'>pando</span> <span class='ocrx_word' id='word_1_358' title='bbox 1464 4030 1515 4066; x_wconf 89' lang='lat' dir='ltr'>non</span> <span class='ocrx_word' id='word_1_359' title='bbox 1532 4014 1607 4080; x_wconf 80' lang='lat' dir='ltr'>possit</span> 
     </span>
     <span class='ocr_line' id='line_1_37' title="bbox 320 4083 1606 4153; baseline -0.002 -20"><span class='ocrx_word' id='word_1_360' title='bbox 320 4083 345 4133; x_wconf 86' lang='lat' dir='ltr'><em>B</em></span> <span class='ocrx_word' id='word_1_361' title='bbox 364 4096 420 4132; x_wconf 87' lang='lat' dir='ltr'>nam</span> <span class='ocrx_word' id='word_1_362' title='bbox 438 4100 541 4149; x_wconf 82' lang='lat' dir='ltr'>prorsus</span> <span class='ocrx_word' id='word_1_363' title='bbox 557 4098 606 4134; x_wconf 89' lang='lat' dir='ltr'>non</span> <span class='ocrx_word' id='word_1_364' title='bbox 627 4084 722 4132; x_wconf 85' lang='lat' dir='ltr'>utillum</span> <span class='ocrx_word' id='word_1_365' title='bbox 740 4094 778 4133; x_wconf 83' lang='lat' dir='ltr'>est</span> <span class='ocrx_word' id='word_1_366' title='bbox 793 4086 897 4133; x_wconf 90' lang='lat' dir='ltr'>uerbum</span> <span class='ocrx_word' id='word_1_367' title='bbox 914 4086 982 4147; x_wconf 87' lang='lat' dir='ltr'>quod</span> <span class='ocrx_word' id='word_1_368' title='bbox 1000 4086 1074 4134; x_wconf 84' lang='lat' dir='ltr'>alieni</span> <span class='ocrx_word' id='word_1_369' title='bbox 1090 4088 1213 4153; x_wconf 81' lang='lat' dir='ltr'>temporis</span> <span class='ocrx_word' id='word_1_370' title='bbox 1230 4099 1280 4134; x_wconf 89' lang='lat' dir='ltr'>non</span> <span class='ocrx_word' id='word_1_371' title='bbox 1295 4088 1377 4149; x_wconf 81' lang='lat' dir='ltr'>possit</span> <span class='ocrx_word' id='word_1_372' title='bbox 1389 4086 1414 4135; x_wconf 88' lang='lat' dir='ltr'><em>L</em></span> <span class='ocrx_word' id='word_1_373' title='bbox 1429 4101 1488 4134; x_wconf 86' lang='lat' dir='ltr'>nam</span> <span class='ocrx_word' id='word_1_374' title='bbox 1508 4098 1606 4149; x_wconf 77' lang='lat' dir='ltr'>prorsus</span> 
     </span>
     <span class='ocr_line' id='line_1_38' title="bbox 320 4154 1605 4220; baseline -0.002 -17"><span class='ocrx_word' id='word_1_375' title='bbox 320 4167 370 4203; x_wconf 88' lang='lat' dir='ltr'>non</span> <span class='ocrx_word' id='word_1_376' title='bbox 392 4155 488 4205; x_wconf 90' lang='lat' dir='ltr'>nullum</span> <span class='ocrx_word' id='word_1_377' title='bbox 508 4156 612 4204; x_wconf 79' lang='lat' dir='ltr'>rierbum</span> <span class='ocrx_word' id='word_1_378' title='bbox 631 4164 669 4203; x_wconf 80' lang='lat' dir='ltr'>est</span> <span class='ocrx_word' id='word_1_379' title='bbox 687 4155 754 4215; x_wconf 86' lang='lat' dir='ltr'>quod</span> <span class='ocrx_word' id='word_1_380' title='bbox 770 4154 813 4202; x_wconf 88' lang='lat' dir='ltr'>alii</span> <span class='ocrx_word' id='word_1_381' title='bbox 830 4156 938 4219; x_wconf 88' lang='lat' dir='ltr'>tempori</span> <span class='ocrx_word' id='word_1_382' title='bbox 957 4156 1039 4220; x_wconf 79' lang='lat' dir='ltr'>poerit</span> <span class='ocrx_word' id='word_1_383' title='bbox 1055 4154 1085 4203; x_wconf 89' lang='lat' dir='ltr'><em>M</em></span> <span class='ocrx_word' id='word_1_384' title='bbox 1137 4158 1152 4205; x_wconf 82' lang='lat'><strong>7</strong></span> <span class='ocrx_word' id='word_1_385' title='bbox 1174 4155 1345 4206; x_wconf 82' lang='lat' dir='ltr'>inclinationis</span> <span class='ocrx_word' id='word_1_386' title='bbox 1365 4154 1421 4205; x_wconf 86' lang='lat' dir='ltr'>BL</span> <span class='ocrx_word' id='word_1_387' title='bbox 1490 4154 1605 4220; x_wconf 70' lang='lat' dir='ltr'>tipando</span> 
     </span>
     <span class='ocr_line' id='line_1_39' title="bbox 319 4223 1607 4291; baseline 0 -20"><span class='ocrx_word' id='word_1_388' title='bbox 319 4225 482 4288; x_wconf 88' lang='lat' dir='ltr'>praeteritum</span> <span class='ocrx_word' id='word_1_389' title='bbox 502 4224 678 4291; x_wconf 81' lang='lat' dir='ltr'>imperfectum</span> <span class='ocrx_word' id='word_1_390' title='bbox 699 4223 731 4271; x_wconf 91' lang='lat' dir='ltr'><em>M</em></span> <span class='ocrx_word' id='word_1_391' title='bbox 800 4224 832 4273; x_wconf 81' lang='lat'>12</span> <span class='ocrx_word' id='word_1_392' title='bbox 852 4228 902 4288; x_wconf 75' lang='lat' dir='ltr'>quo</span> <span class='ocrx_word' id='word_1_393' title='bbox 925 4228 955 4287; x_wconf 76' lang='grc' dir='ltr'><strong>(ι’.</strong></span> <span class='ocrx_word' id='word_1_394' title='bbox 972 4242 994 4273; x_wconf 83' lang='lat' dir='ltr'>e.</span> <span class='ocrx_word' id='word_1_395' title='bbox 1014 4224 1148 4289; x_wconf 83' lang='lat' dir='ltr'>quoniam)</span> <span class='ocrx_word' id='word_1_396' title='bbox 1166 4226 1241 4275; x_wconf 87' lang='lat' dir='ltr'>etium</span> <span class='ocrx_word' id='word_1_397' title='bbox 1261 4228 1285 4275; x_wconf 98' lang='lat' dir='ltr'><em>L</em></span> <span class='ocrx_word' id='word_1_398' title='bbox 1357 4225 1391 4274; x_wconf 81' lang='lat' dir='ltr'>tt</span> <span class='ocrx_word' id='word_1_399' title='bbox 1412 4224 1489 4288; x_wconf 80' lang='lat' dir='ltr'>eulml</span> <span class='ocrx_word' id='word_1_400' title='bbox 1511 4223 1607 4273; x_wconf 84' lang='lat' dir='ltr'>itemB</span> 
     </span>
    </p>

    <p class='ocr_par' dir='ltr' id='par_1_7' title="bbox 268 4292 1705 4916">
     <span class='ocr_line' id='line_1_40' title="bbox 389 4292 1705 4357; baseline -0.004 -13"><span class='ocrx_word' id='word_1_401' title='bbox 389 4295 421 4344; x_wconf 80' lang='lat'>15</span> <span class='ocrx_word' id='word_1_402' title='bbox 441 4310 518 4357; x_wconf 87' lang='lat' dir='ltr'>eaque</span> <span class='ocrx_word' id='word_1_403' title='bbox 535 4294 652 4343; x_wconf 86' lang='lat' dir='ltr'>anomala</span> <span class='ocrx_word' id='word_1_404' title='bbox 671 4292 697 4342; x_wconf 91' lang='lat' dir='ltr'>id</span> <span class='ocrx_word' id='word_1_405' title='bbox 717 4300 755 4343; x_wconf 86' lang='lat' dir='ltr'>est</span> <span class='ocrx_word' id='word_1_406' title='bbox 772 4293 917 4357; x_wconf 85' lang='lat' dir='ltr'>inaequalia</span> <span class='ocrx_word' id='word_1_407' title='bbox 935 4305 994 4343; x_wconf 82' lang='lat' dir='ltr'>sunt</span> <span class='ocrx_word' id='word_1_408' title='bbox 1012 4299 1078 4346; x_wconf 83' lang='lat' dir='ltr'>sicut</span> <span class='ocrx_word' id='word_1_409' title='bbox 1094 4297 1144 4344; x_wconf 88' lang='lat' dir='ltr'>iam</span> <span class='ocrx_word' id='word_1_410' title='bbox 1159 4295 1271 4345; x_wconf 83' lang='lat' dir='ltr'>diximus</span> <span class='ocrx_word' id='word_1_411' title='bbox 1288 4295 1352 4345; x_wconf 85' lang='lat' dir='ltr'>haec</span> <span class='ocrx_word' id='word_1_412' title='bbox 1371 4294 1425 4343; x_wconf 86' lang='lat' dir='ltr'>tere</span> <span class='ocrx_word' id='word_1_413' title='bbox 1443 4294 1513 4343; x_wconf 83' lang='lat' dir='ltr'>soleo</span> <span class='ocrx_word' id='word_1_414' title='bbox 1527 4292 1605 4357; x_wconf 83' lang='lat' dir='ltr'>pando</span> <span class='ocrx_word' id='word_1_415' title='bbox 1704 4301 1705 4318; x_wconf 49' lang='grc' dir='ltr'><strong>ι</strong></span> 
     </span>
     <span class='ocr_line' id='line_1_41' title="bbox 319 4362 1546 4429; baseline 0.002 -18"><span class='ocrx_word' id='word_1_416' title='bbox 319 4362 378 4412; x_wconf 91' lang='lat' dir='ltr'>nolo</span> <span class='ocrx_word' id='word_1_417' title='bbox 397 4366 455 4415; x_wconf 82' lang='lat' dir='ltr'>tiolo</span> <span class='ocrx_word' id='word_1_418' title='bbox 474 4373 498 4414; x_wconf 88' lang='lat' dir='ltr'>et</span> <span class='ocrx_word' id='word_1_419' title='bbox 517 4362 676 4429; x_wconf 87' lang='lat' dir='ltr'>temporeM</span> <span class='ocrx_word' id='word_1_420' title='bbox 747 4363 883 4413; x_wconf 78' lang='lat' dir='ltr'>ldetom.</span> <span class='ocrx_word' id='word_1_421' title='bbox 905 4365 959 4415; x_wconf 87' lang='lat' dir='ltr'>BL</span> <span class='ocrx_word' id='word_1_422' title='bbox 1029 4367 1191 4416; x_wconf 78' lang='lat' dir='ltr'>sontemL</span> <span class='ocrx_word' id='word_1_423' title='bbox 1262 4367 1293 4415; x_wconf 86' lang='lat'>17</span> <span class='ocrx_word' id='word_1_424' title='bbox 1313 4364 1471 4414; x_wconf 84' lang='lat' dir='ltr'>declinantur</span> <span class='ocrx_word' id='word_1_425' title='bbox 1491 4364 1546 4414; x_wconf 88' lang='lat' dir='ltr'>BL</span> 
     </span>
     <span class='ocr_line' id='line_1_42' title="bbox 317 4431 1605 4501; baseline -0.001 -20"><span class='ocrx_word' id='word_1_426' title='bbox 317 4432 351 4481; x_wconf 76' lang='lat'>23</span> <span class='ocrx_word' id='word_1_427' title='bbox 368 4450 423 4483; x_wconf 90' lang='lat' dir='ltr'>cum</span> <span class='ocrx_word' id='word_1_428' title='bbox 440 4444 467 4485; x_wconf 91' lang='lat' dir='ltr'>nt</span> <span class='ocrx_word' id='word_1_429' title='bbox 482 4435 667 4499; x_wconf 79' lang='lat' dir='ltr'>signiilcmione</span> <span class='ocrx_word' id='word_1_430' title='bbox 683 4431 716 4480; x_wconf 89' lang='lat' dir='ltr'><em>M</em></span> <span class='ocrx_word' id='word_1_431' title='bbox 732 4448 788 4481; x_wconf 91' lang='lat' dir='ltr'>cum</span> <span class='ocrx_word' id='word_1_432' title='bbox 808 4434 1019 4499; x_wconf 81' lang='lat' dir='ltr'>significationem</span> <span class='ocrx_word' id='word_1_433' title='bbox 1039 4438 1065 4487; x_wconf 90' lang='lat' dir='ltr'><em>L</em></span> <span class='ocrx_word' id='word_1_434' title='bbox 1116 4438 1149 4485; x_wconf 81' lang='lat' dir='ltr'>tt</span> <span class='ocrx_word' id='word_1_435' title='bbox 1169 4447 1269 4501; x_wconf 77' lang='lat' dir='ltr'>apansa</span> <span class='ocrx_word' id='word_1_436' title='bbox 1285 4436 1374 4496; x_wconf 76' lang='lat' dir='ltr'>adeor,</span> <span class='ocrx_word' id='word_1_437' title='bbox 1393 4436 1419 4483; x_wconf 86' lang='lat' dir='ltr'>ia</span> <span class='ocrx_word' id='word_1_438' title='bbox 1436 4449 1518 4499; x_wconf 76' lang='lat' dir='ltr'>marp.</span> <span class='ocrx_word' id='word_1_439' title='bbox 1537 4434 1605 4498; x_wconf 79' lang='lat' dir='ltr'>ungi·</span> 
     </span>
     <span class='ocr_line' id='line_1_43' title="bbox 268 4503 1606 4571; baseline -0.003 -18"><span class='ocrx_word' id='word_1_440' title='bbox 268 4546 270 4553; x_wconf 94' lang='lat'><em>.</em></span> <span class='ocrx_word' id='word_1_441' title='bbox 318 4505 412 4553; x_wconf 81' lang='lat' dir='ltr'>mnsL</span> <span class='ocrx_word' id='word_1_442' title='bbox 467 4504 569 4552; x_wconf 86' lang='lat' dir='ltr'>alterius</span> <span class='ocrx_word' id='word_1_443' title='bbox 587 4518 650 4551; x_wconf 89' lang='lat' dir='ltr'>uoce</span> <span class='ocrx_word' id='word_1_444' title='bbox 669 4505 771 4567; x_wconf 82' lang='lat' dir='ltr'>generis</span> <span class='ocrx_word' id='word_1_445' title='bbox 793 4503 844 4553; x_wconf 88' lang='lat' dir='ltr'>BL</span> <span class='ocrx_word' id='word_1_446' title='bbox 863 4505 966 4553; x_wconf 90' lang='lat' dir='ltr'>alterius</span> <span class='ocrx_word' id='word_1_447' title='bbox 984 4507 1056 4555; x_wconf 84' lang='lat' dir='ltr'>uocis</span> <span class='ocrx_word' id='word_1_448' title='bbox 1077 4505 1322 4571; x_wconf 65' lang='lat' dir='ltr'>perannaturum</span> <span class='ocrx_word' id='word_1_449' title='bbox 1375 4506 1410 4555; x_wconf 78' lang='grc'>’26</span> <span class='ocrx_word' id='word_1_450' title='bbox 1425 4504 1606 4553; x_wconf 82' lang='lat' dir='ltr'>declarabimus</span> 
     </span>
     <span class='ocr_line' id='line_1_44' title="bbox 317 4572 1607 4639; baseline -0.001 -19"><span class='ocrx_word' id='word_1_451' title='bbox 317 4574 450 4623; x_wconf 83' lang='lat' dir='ltr'>Putreltiue</span> <span class='ocrx_word' id='word_1_452' title='bbox 468 4574 652 4623; x_wconf 84' lang='lat' dir='ltr'>deelamuimus</span> <span class='ocrx_word' id='word_1_453' title='bbox 669 4572 725 4622; x_wconf 80' lang='lat' dir='ltr'>BL</span> <span class='ocrx_word' id='word_1_454' title='bbox 743 4573 900 4621; x_wconf 85' lang='lat' dir='ltr'>declinamus</span> <span class='ocrx_word' id='word_1_455' title='bbox 919 4572 952 4621; x_wconf 88' lang='lat' dir='ltr'><em>M</em></span> <span class='ocrx_word' id='word_1_456' title='bbox 1018 4576 1052 4626; x_wconf 77' lang='lat'>28</span> <span class='ocrx_word' id='word_1_457' title='bbox 1073 4576 1148 4624; x_wconf 85' lang='lat' dir='ltr'>verba</span> <span class='ocrx_word' id='word_1_458' title='bbox 1164 4592 1210 4627; x_wconf 87' lang='lat' dir='ltr'>om.</span> <span class='ocrx_word' id='word_1_459' title='bbox 1229 4575 1287 4625; x_wconf 85' lang='lat' dir='ltr'>BL</span> <span class='ocrx_word' id='word_1_460' title='bbox 1340 4576 1375 4625; x_wconf 79' lang='grc'>29</span> <span class='ocrx_word' id='word_1_461' title='bbox 1393 4590 1450 4625; x_wconf 87' lang='lat' dir='ltr'>cum</span> <span class='ocrx_word' id='word_1_462' title='bbox 1466 4573 1607 4639; x_wconf 82' lang='lat' dir='ltr'>praesentis</span> 
     </span>
     <span class='ocr_line' id='line_1_45' title="bbox 317 4642 1606 4707; baseline -0.001 -16"><span class='ocrx_word' id='word_1_463' title='bbox 317 4653 356 4692; x_wconf 79' lang='lat' dir='ltr'>eet</span> <span class='ocrx_word' id='word_1_464' title='bbox 374 4643 406 4691; x_wconf 91' lang='lat' dir='ltr'><em>M</em></span> <span class='ocrx_word' id='word_1_465' title='bbox 475 4642 506 4693; x_wconf 84' lang='lat'>31</span> <span class='ocrx_word' id='word_1_466' title='bbox 522 4644 605 4693; x_wconf 90' lang='lat' dir='ltr'>obruit</span> <span class='ocrx_word' id='word_1_467' title='bbox 623 4642 678 4691; x_wconf 89' lang='lat' dir='ltr'>lluit</span> <span class='ocrx_word' id='word_1_468' title='bbox 698 4644 748 4691; x_wconf 74' lang='lat' dir='ltr'>sirit</span> <span class='ocrx_word' id='word_1_469' title='bbox 762 4643 794 4691; x_wconf 96' lang='lat' dir='ltr'><em>M</em></span> <span class='ocrx_word' id='word_1_470' title='bbox 808 4644 889 4692; x_wconf 74' lang='lat' dir='ltr'>obn-tait</span> <span class='ocrx_word' id='word_1_471' title='bbox 906 4644 970 4707; x_wconf 89' lang='lat' dir='ltr'>pluit</span> <span class='ocrx_word' id='word_1_472' title='bbox 987 4643 1042 4692; x_wconf 86' lang='lat' dir='ltr'>ituit</span> <span class='ocrx_word' id='word_1_473' title='bbox 1060 4643 1200 4694; x_wconf 76' lang='lat' dir='ltr'>Siodarduc</span> <span class='ocrx_word' id='word_1_474' title='bbox 1269 4645 1333 4694; x_wconf 83' lang='lat' dir='ltr'>haee</span> <span class='ocrx_word' id='word_1_475' title='bbox 1349 4646 1416 4697; x_wconf 86' lang='lat' dir='ltr'>enim</span> <span class='ocrx_word' id='word_1_476' title='bbox 1433 4645 1506 4693; x_wconf 85' lang='lat' dir='ltr'>nulla</span> <span class='ocrx_word' id='word_1_477' title='bbox 1523 4646 1606 4692; x_wconf 75' lang='lat' dir='ltr'>damn·</span> 
     </span>
     <span class='ocr_line' id='line_1_46' title="bbox 317 4712 1542 4773; baseline 0.002 -13"><span class='ocrx_word' id='word_1_478' title='bbox 317 4722 368 4761; x_wconf 83' lang='lat' dir='ltr'>tata</span> <span class='ocrx_word' id='word_1_479' title='bbox 387 4714 411 4762; x_wconf 86' lang='lat' dir='ltr'><em>L</em></span> <span class='ocrx_word' id='word_1_480' title='bbox 428 4712 490 4761; x_wconf 85' lang='lat' dir='ltr'>haec</span> <span class='ocrx_word' id='word_1_481' title='bbox 506 4714 571 4761; x_wconf 86' lang='lat' dir='ltr'>enim</span> <span class='ocrx_word' id='word_1_482' title='bbox 591 4712 668 4761; x_wconf 79' lang='lat' dir='ltr'>narba</span> <span class='ocrx_word' id='word_1_483' title='bbox 688 4713 757 4759; x_wconf 88' lang='lat' dir='ltr'>nullu</span> <span class='ocrx_word' id='word_1_484' title='bbox 775 4714 902 4761; x_wconf 85' lang='lat' dir='ltr'>demetata</span> <span class='ocrx_word' id='word_1_485' title='bbox 921 4712 967 4763; x_wconf 90' lang='lat' dir='ltr'>M:</span> <span class='ocrx_word' id='word_1_486' title='bbox 979 4714 1097 4773; x_wconf 73' lang='lat' dir='ltr'>fortunae</span> <span class='ocrx_word' id='word_1_487' title='bbox 1115 4715 1178 4764; x_wconf 84' lang='lat' dir='ltr'>haec</span> <span class='ocrx_word' id='word_1_488' title='bbox 1197 4716 1264 4764; x_wconf 82' lang='lat' dir='ltr'>enlm</span> <span class='ocrx_word' id='word_1_489' title='bbox 1284 4716 1429 4766; x_wconf 81' lang='lat' dir='ltr'>nullatenus</span> <span class='ocrx_word' id='word_1_490' title='bbox 1443 4722 1542 4764; x_wconf 80' lang='lat' dir='ltr'>natitata</span> 
     </span>
     <span class='ocr_line' id='line_1_47' title="bbox 317 4780 1607 4847; baseline 0.003 -16"><span class='ocrx_word' id='word_1_491' title='bbox 317 4780 350 4831; x_wconf 82' lang='lat'>33</span> <span class='ocrx_word' id='word_1_492' title='bbox 373 4783 505 4845; x_wconf 91' lang='lat' dir='ltr'>utrubique</span> <span class='ocrx_word' id='word_1_493' title='bbox 525 4782 558 4831; x_wconf 92' lang='lat' dir='ltr'><em>M</em></span> <span class='ocrx_word' id='word_1_494' title='bbox 577 4783 651 4832; x_wconf 88' lang='lat' dir='ltr'>utribi</span> <span class='ocrx_word' id='word_1_495' title='bbox 676 4781 755 4843; x_wconf 85' lang='lat' dir='ltr'>(corr.</span> <span class='ocrx_word' id='word_1_496' title='bbox 775 4782 869 4847; x_wconf 84' lang='lat' dir='ltr'>utrobi)</span> <span class='ocrx_word' id='word_1_497' title='bbox 899 4783 1005 4844; x_wconf 88' lang='lat' dir='ltr'>quaeL</span> <span class='ocrx_word' id='word_1_498' title='bbox 1106 4787 1130 4834; x_wconf 90' lang='lat' dir='ltr'>in</span> <span class='ocrx_word' id='word_1_499' title='bbox 1157 4787 1295 4836; x_wconf 78' lang='lat' dir='ltr'>menecratis</span> <span class='ocrx_word' id='word_1_500' title='bbox 1320 4787 1343 4836; x_wconf 92' lang='lat' dir='ltr'><em>L</em></span> <span class='ocrx_word' id='word_1_501' title='bbox 1370 4788 1397 4835; x_wconf 90' lang='lat' dir='ltr'>in</span> <span class='ocrx_word' id='word_1_502' title='bbox 1425 4786 1548 4835; x_wconf 81' lang='lat' dir='ltr'>mecemis</span> <span class='ocrx_word' id='word_1_503' title='bbox 1567 4783 1607 4831; x_wconf 87' lang='lat' dir='ltr'>M:</span> 
     </span>
     <span class='ocr_line' id='line_1_48' title="bbox 313 4850 1191 4916; baseline 0.002 -17"><span class='ocrx_word' id='word_1_504' title='bbox 313 4850 429 4916; x_wconf 59' lang='lat' dir='ltr'>proteu</span> <span class='ocrx_word' id='word_1_505' title='bbox 1185 4875 1191 4888; x_wconf 92' lang='lat'>·</span> 
     </span>
    </p>
   </div>
   <div class='ocr_carea' id='block_1_6' title="bbox 0 0 1768 5600">
    <p class='ocr_par' dir='ltr' id='par_1_8' title="bbox 0 0 1768 5600">
     <span class='ocr_line' id='line_1_49' title="bbox 0 0 1768 5600; baseline 0 5"><span class='ocrx_word' id='word_1_506' title='bbox 0 0 1768 5600; x_wconf 95' lang='lat' dir='ltr'> </span> 
     </span>
    </p>
   </div>
  </div>
 </body>
</html>
