3525 5600
331 1430 386 1533 o.
413 1429 707 1534 ananan
732 1431 1163 1566 rannnnonrs
1190 1440 1315 1537 aas
1344 1381 1346 1387 ‘

485 1667 489 1684 '
542 1652 577 1736 Α
617 1652 643 1740 S
684 1657 715 1736 P
754 1655 791 1738 R
832 1656 852 1738 Ι
927 1655 962 1739 A
1004 1657 1043 1742 R
1081 1656 1108 1744 S
1267 1569 1287 1605 “¹

738 1893 904 1903 ———.

263 2023 468 2092 Palaemonis
497 2036 530 2091 et
550 2027 650 2116 Aspri
672 2039 759 2094 artes
781 2028 923 2115 primum
944 2029 1053 2095 editae
1074 2041 1150 2096 sunt
1171 2030 1253 2095 Fani
1276 2055 1361 2097 anno
1386 2033 1467 2098 1503

175 2127 238 2194 hoc
260 2127 373 2211 titulo,
403 2128 461 2210 ‘Q
486 2127 635 2194 Rhcmnii
657 2129 861 2196 Palaemonis
889 2153 942 2196 ars
969 2133 1184 2216 grammatica
1205 2132 1357 2199 secunda.
1401 2137 1466 2200 Ars

176 2232 279 2318 Aspri
306 2231 443 2296 iunioris
471 2232 684 2318 grammatici.
729 2229 817 2296 Aelii
838 2233 960 2300 Donati
986 2232 1087 2300 editio
1114 2234 1230 2320 prima.
1273 2235 1397 2301 Donati
1426 2236 1467 2300 de

177 2342 252 2398 octo
275 2334 425 2419 partibus
448 2333 604 2400 orationis
628 2333 728 2399 editio
751 2335 903 2400 secunda.
933 2335 1083 2401 Donatus
1098 2338 1139 2403 de
1153 2337 1367 2402 barbarismo.
1394 2337 1467 2402 Ser·

176 2435 252 2498 vius
275 2445 308 2498 et
330 2435 462 2520 Sergius
485 2436 519 2499 in
541 2435 717 2500 secundam
732 2437 856 2501 Donati
878 2435 1064 2502 editionem.
1108 2438 1206 2511 Fani,
1229 2439 1364 2504 Hieron.
1388 2440 1466 2505 Son-

175 2539 270 2601 cinus
293 2536 386 2600 nonis
410 2536 499 2623 Sept.
523 2535 635 2604 1503’.
670 2538 705 2602 in
726 2536 819 2604 initio
839 2535 918 2604 libri
939 2548 1015 2604 ante
1036 2538 1241 2605 Palaemonis
1263 2550 1366 2606 artem
1389 2539 1465 2626 legi-

175 2649 232 2704 tur
254 2640 453 2724 epigramma
474 2637 602 2705 Ioviani
624 2639 776 2722 Pontani,

175 2828 316 2876 IOVIANI
343 2826 496 2877 rounam
524 2826 666 2877 cham
693 2828 741 2875 DE
769 2829 861 2877 ARTE
883 2828 1107 2878 Phalanom
1128 2830 1197 2878 Pas
1218 2830 1291 2879 Evm
1313 2832 1466 2879 INVENTA

573 2929 622 2977 An
644 2931 826 2979 ANTONIVM
848 2931 1080 2980 Phnoanmau

331 3035 572 3101 Grammatioae
593 3044 703 3121 partes
726 3056 820 3099 casus
843 3047 876 3101 et
896 3038 1031 3101 nomina
1050 3044 1213 3101 monstrat

380 3160 433 3201 ars
455 3159 543 3219 mea,
567 3159 694 3225 quoque
716 3137 813 3203 modo
836 3137 938 3203 dictio
960 3159 1106 3225 quaeque
1128 3137 1222 3219 fluat,

247 3240 252 3252 '
330 3239 449 3326 quidve
472 3262 609 3326 sequens
632 3239 737 3327 possis
759 3238 936 3305 verborum
956 3261 1091 3305 noscere
1111 3241 1250 3321 formas,

381 3351 438 3407 aut
459 3365 600 3430 quonam
622 3342 745 3406 fuerint
765 3341 868 3407 verba
889 3341 1070 3428 premenda
1090 3342 1179 3427 iugo.

331 3454 459 3509 caetera
481 3456 557 3511 sunt
577 3465 680 3532 parvo
702 3444 841 3530 carptim
862 3453 1043 3509 memorata
1065 3442 1190 3528 libello,

380 3546 508 3633 plenius
530 3557 606 3612 ante
628 3554 714 3611 artes
736 3567 818 3633 quae
839 3546 979 3613 docuere
1000 3567 1102 3611 meae.

331 3662 366 3719 at
386 3674 438 3717 me
460 3648 645 3717 confectum
666 3649 753 3713 carie
774 3651 928 3735 turpique
950 3658 1083 3714 senecta

313 3756 316 3764 '
381 3752 518 3820 rodebat
539 3774 667 3817 murum
689 3751 786 3816 dente
807 3749 954 3816 timenda
975 3750 1106 3831 cohors,

331 3857 548 3943 sensissetque
569 3856 687 3920 iterum
709 3851 854 3918 crudelia
874 3853 947 3918 fata
967 3850 1159 3935 Palaemon,

381 3960 520 4025 iuvisset
540 3959 646 4046 pietas
669 3956 719 4039 ni,
741 3953 896 4036 Ioviano,
919 3963 991 4036 tua,

332 4062 423 4129 cuius
445 4084 531 4127 nunc
552 4058 676 4125 meritis
698 4068 811 4147 optata
832 4058 984 4145 perfruor
1005 4078 1103 4140 aura,

381 4165 506 4232 Antoni
527 4164 638 4229 doctos
660 4163 767 4227 iussus
789 4159 880 4225 adire
901 4159 999 4224 lares.

176 4294 242 4337 non
271 4268 374 4334 multo
402 4266 602 4352 antiquiores
628 4274 736 4329 autem
763 4284 859 4348 quam
886 4260 1010 4327 editum
1036 4262 1202 4348 exemplar
1230 4271 1306 4327 sunt
1337 4262 1465 4327 codices

177 4396 278 4437 manu
302 4370 429 4455 scripti,
452 4368 508 4455 qui
530 4376 704 4453 utrumque
726 4365 843 4429 librum
866 4362 1039 4446 exhibent,
1062 4363 1215 4429 Vaticani
1239 4364 1317 4427 1491
1335 4373 1369 4428 et
1385 4364 1466 4428 1492

178 4487 212 4542 et
234 4472 427 4559 Reginensis
451 4470 532 4535 1818
539 4518 549 4552 ,
572 4468 731 4533 chartacei
754 4488 863 4531 omnes
892 4475 926 4530 et
953 4474 1091 4530 exeunte
1112 4465 1227 4553 quinto
1250 4466 1375 4531 decimo
1397 4489 1464 4533 sae-

177 4578 253 4645 culo
282 4573 414 4662 scripti,
443 4595 484 4638 ex
511 4572 629 4659 quihus
657 4593 696 4636 ea
723 4592 806 4657 quae
831 4568 897 4633 huc
923 4568 1088 4655 pertinent
1109 4566 1295 4633 adscribam
1305 4569 1348 4653 ²²).
1391 4568 1464 4635 cod.

266 4765 291 4832 ¹¹¹)
309 4765 420 4817 Indicas
438 4764 518 4813 trium
536 4762 670 4825 codicum,
689 4774 758 4825 quos
775 4758 841 4819 olim
860 4758 971 4809 exhibui
989 4758 1063 4809 anal.
1081 4773 1192 4825 gramm.
1211 4757 1292 4809 Halia
1310 4775 1335 4808 a.
1355 4758 1420 4810 1848
1439 4776 1463 4824 p.

179 4856 211 4905 15
230 4859 260 4904 et
275 4853 309 4904 ‘35
325 4850 372 4901 hic
390 4853 528 4917 repetam,
548 4851 578 4897 ut
589 4861 682 4898 omnes
699 4860 733 4895 ex
745 4860 797 4896 nno
815 4845 891 4895 fonte
903 4846 997 4897 ductos
1010 4859 1071 4896 esse
1083 4843 1227 4911 adpareat.
1250 4843 1310 4896 cod.
1322 4843 1387 4895 Vat.
1400 4846 1464 4895 1491
1523 4916 1527 4922 ν
