3525 5600
383 421 447 488 492
927 421 1125 487 Avevsrrm

384 607 458 674 fert.
502 631 607 696 neque
633 607 701 673 ulla
727 629 828 672 causa
854 617 905 672 est
930 629 989 672 cur
1015 607 1155 674 alterum
1175 608 1374 693 genuinum,
1397 605 1533 670 alterum
1552 627 1648 693 suppo

384 710 483 776 situm
504 733 574 776 esse
597 709 755 792 dicamus,
770 708 823 776 vel
846 710 961 774 curin
982 709 1169 776 breviatam
1190 719 1293 775 artem
1314 707 1412 796 plura
1425 706 1580 774 translata
1592 731 1649 774 esse

281 829 285 838 ·
384 835 426 878 ex
447 812 586 897 genuino
609 812 694 878 libro
722 821 870 898 putemus
900 834 997 899 quam
1024 812 1059 876 in
1086 811 1227 897 regulas.
1271 835 1348 877 nam
1369 810 1479 899 siquid
1500 811 1532 875 in
1552 809 1648 876 altem·

383 925 432 981 tro
455 913 539 981 libro
560 913 777 1000 probabiliter
797 915 841 980 ad
856 914 1076 1000 Angustinum
1098 913 1215 979 referri
1237 925 1356 1001 potest,
1372 912 1562 978 Africanum
1580 925 1649 978 certe

383 1018 573 1103 scriptorem
596 1015 734 1104 prodere
749 1016 904 1083 videntur
925 1016 1060 1082 nomina
1081 1016 1275 1104 oppidorum
1297 1040 1329 1104 p.
1348 1017 1430 1081 1990
1451 1015 1564 1102 posita,
1583 1039 1648 1102 quae

381 1119 428 1182 ita
449 1117 549 1184 scribi
571 1120 630 1183 vix
655 1127 809 1205 poterant
835 1119 900 1184 nisi
921 1117 965 1182 ab
987 1140 1024 1182 eo
1047 1118 1103 1204 qui
1125 1117 1159 1181 in
1180 1119 1298 1183 Africa
1318 1117 1372 1184 vel
1401 1117 1522 1183 vixerit
1540 1117 1589 1182 vel
1606 1140 1648 1181 na·

383 1230 435 1286 tus
458 1220 568 1285 fuerit.
613 1219 672 1284 sed
700 1219 849 1285 omnibus
877 1221 944 1285 iam
971 1219 1015 1284 ad
1036 1242 1130 1284 usum
1153 1219 1337 1286 scholarum
1359 1232 1393 1286 et
1414 1242 1488 1284 eam
1507 1221 1580 1284 artis
1598 1229 1649 1284 tra

382 1322 521 1387 ctaudae
542 1321 716 1403 rationem,
740 1343 838 1408 quarn
860 1321 992 1386 infimae
1006 1321 1124 1387 aetatis
1145 1322 1322 1409 scriptores
1345 1320 1571 1409 sequebantur,
1591 1344 1648 1386 eon·

382 1425 496 1510 positis
519 1447 585 1489 nou
607 1421 746 1511 amplius
769 1424 991 1510 quaerendum
1013 1435 1072 1506 eet,
1093 1422 1181 1489 unde
1202 1447 1350 1512 quaeque
1372 1424 1478 1510 petita
1498 1425 1568 1488 sint.

467 1525 599 1592 Omissa
620 1527 721 1611 igitur
742 1527 965 1592 controversia
986 1525 1027 1591 de
1042 1536 1174 1591 auctore
1195 1526 1356 1592 librorum
1377 1535 1482 1590 restat
1501 1537 1537 1590 ut
1555 1525 1592 1590 de
1609 1523 1648 1588 his

315 1632 317 1640 ’
380 1627 462 1716 ipsis
494 1637 528 1694 et
560 1627 600 1692 de
628 1636 741 1692 nostra
769 1627 913 1694 editione
946 1649 1052 1715 pauca
1079 1626 1236 1693 dicamus.
1278 1638 1416 1715 uterque
1449 1637 1556 1692 autem
1583 1625 1648 1692 liber

381 1738 512 1817 praeter
526 1729 680 1814 vulgares
696 1729 775 1794 artis
792 1729 923 1815 regulas
944 1752 1050 1818 pauca
1065 1751 1148 1816 quae
1164 1730 1266 1816 digna
1281 1752 1354 1796 esse
1368 1730 1524 1795 memoria
1536 1727 1648 1794 ridean-

381 1841 436 1896 tur
457 1832 613 1897 continet.
650 1852 725 1895 uam
746 1830 779 1894 iu
802 1841 873 1896 arte
894 1831 1045 1898 breviata
1066 1854 1150 1918 quae
1173 1832 1293 1898 dicitur
1314 1833 1425 1920 paucis
1449 1833 1490 1898 de
1510 1830 1648 1896 latinitate

382 1943 415 1999 et
435 1933 585 2020 partibus
608 1932 763 1998 orationis
785 1935 975 2019 praemissis
997 1945 1070 1999 octo
1099 1943 1208 2018 partes
1232 1935 1390 2001 orationis
1412 1955 1452 1998 eo
1474 1933 1540 1999 sere
1560 1933 1648 2013 modo,

382 2057 478 2123 quem
510 2033 640 2122 plurimi
673 2036 792 2099 artium
824 2035 999 2122 scriptores
1033 2049 1107 2121 poet
1138 2036 1306 2102 Donatum
1342 2037 1446 2102 secuti
1477 2045 1564 2117 sunt,
1589 2056 1648 2099 cum

383 2135 541 2223 exemplis
564 2135 817 2202 declinationum
845 2146 1069 2225 exponuntur3
1100 2136 1220 2203 deinde
1247 2139 1395 2205 breviter
1417 2136 1458 2203 de
1480 2136 1647 2204 soloecismo
1716 2194 1717 2213 ,

382 2249 416 2304 et
436 2237 642 2306 barbarismo
664 2247 840 2322 tractatum
865 2251 1029 2326 postremo
1050 2261 1156 2326 pauca
1176 2240 1328 2329 exempla
1348 2263 1486 2306 casuum
1506 2261 1573 2306 cum
1591 2261 1648 2305 rer·

382 2341 433 2408 bis
460 2338 514 2408 vel
542 2340 728 2407 nominibus
757 2342 957 2424 iunctorum,
986 2363 1069 2428 quae
1096 2340 1254 2408 idiomata
1276 2343 1431 2409 dixerunt
1457 2340 1648 2427 grammatici,

383 2441 531 2510 subiecta
557 2453 641 2508 suut.
684 2452 832 2509 veterum
859 2452 969 2509 autem
1001 2445 1197 2531 scriptorum
1223 2445 1382 2533 exemplis
1414 2467 1481 2510 non
1510 2465 1582 2508 usus
1610 2453 1650 2506 est

381 2544 522 2633 scriptor
542 2554 674 2631 praeter
701 2554 856 2631 quattuor
882 2568 996 2611 versus
1019 2545 1158 2633 Vergilii
1186 2555 1220 2611 et
1241 2546 1432 2612 Ciceronem
1458 2546 1510 2611 bis
1534 2565 1650 2610 comme

382 2655 554 2712 moratum.
599 2643 696 2733 paulo
725 2648 856 2712 maioris
886 2647 1054 2714 doctrinae
1084 2646 1207 2714 indicia
1234 2649 1372 2735 praebet
1400 2647 1484 2714 alter
1510 2646 1600 2728 liber,
1623 2647 1651 2709 in

383 2771 447 2837 quo
470 2758 502 2814 et
517 2757 604 2815 artes
620 2746 673 2815 vel
695 2747 814 2817 artium
837 2749 1012 2838 scriptores
1035 2749 1166 2837 saepius
1189 2761 1492 2831 commemorantur,
1515 2761 1547 2817 et
1565 2748 1651 2813 mults

383 2850 533 2938 exempla
554 2850 710 2937 Vergilii,
738 2850 901 2938 quaedam
928 2852 1076 2919 Terentii
1103 2863 1136 2919 et
1163 2854 1349 2937 Ciceronis,
1377 2852 1506 2941 singula
1525 2851 1652 2919 Sallustii

382 2962 415 3021 et
430 2954 556 3021 Lucani
578 2953 621 3019 ad
642 2952 772 3039 regulas
793 2954 1032 3021 confirmandas
1055 2956 1221 3042 adscripta
1242 2968 1334 3042 sunt,
1356 2955 1458 3022 semel
1479 2958 1569 3022 etiam
1582 2952 1651 3017 Var-

382 3058 471 3123 ronis
493 3056 655 3123 sententia
677 3056 804 3142 prolata
832 3066 882 3123 est
903 3081 935 3145 p.
958 3057 1053 3123 2008.
1080 3080 1276 3145 quamquam
1302 3058 1354 3124 his
1382 3057 1528 3145 exceptis
1552 3078 1592 3120 ne
1609 3055 1653 3119 hir

382 3157 514 3247 quidem
547 3156 685 3245 scriptor
716 3156 803 3224 ultra
836 3159 1005 3246 vulgarem
1037 3158 1225 3247 regularum
1260 3161 1507 3227 scribendarum
1538 3156 1653 3224 modun
1715 3177 1716 3182 ¹

381 3260 560 3345 processit,
588 3258 648 3325 sed
671 3270 829 3341 consueto
858 3284 949 3328 more
975 3261 1017 3327 de
1046 3272 1120 3328 octo
1150 3263 1299 3349 partibus
1328 3263 1489 3330 orationis
1509 3260 1654 3327 tractaru.

382 3384 466 3449 quae
493 3383 568 3427 cum
594 3361 643 3429 ita
669 3363 749 3445 sint,
779 3384 899 3451 operae
924 3363 1066 3452 pretium
1092 3388 1158 3431 non
1186 3387 1258 3431 esse
1279 3364 1469 3431 existimavi
1490 3364 1655 3431 breviatam

382 3471 485 3529 artem
507 3463 612 3530 denuo
635 3464 749 3550 edere;
776 3488 881 3555 pauca
903 3476 1028 3549 tamen,
1057 3488 1141 3553 quae
1168 3465 1306 3533 dionius
1328 3468 1486 3533 momenti
1506 3487 1575 3533 esse
1593 3464 1656 3529 risa

383 3576 474 3648 sunt,
498 3587 672 3653 excerpere
694 3565 839 3653 placuit,
862 3569 1039 3655 inquibus
1061 3568 1199 3635 Weberi
1226 3571 1329 3657 copiis
1351 3592 1431 3635 usus
1454 3592 1534 3635 sum.
1575 3587 1655 3651 regu·
1715 3597 1716 3666 ἦ

381 3668 487 3732 larum
509 3676 618 3733 autem
645 3667 781 3753 librum,
809 3692 1005 3758 quamquam
1030 3668 1117 3735 bunc
1142 3693 1271 3759 quoque
1297 3694 1318 3737 a
1338 3693 1426 3737 nova
1446 3670 1654 3757 grammatico

381 3792 455 3833 rum
476 3768 667 3837 collectione
689 3768 766 3836 olim
788 3771 905 3837 abesse
919 3770 1087 3838 volueram
1109 3794 1214 3860 neque
1236 3771 1277 3839 de
1299 3773 1495 3839 emendandi
1515 3768 1655 3839 subsidiis

382 3872 623 3958 quaesiveram,
656 3882 781 3954 tamen,
815 3873 937 3962 nequid
969 3874 1225 3959 desideraretur,
1258 3896 1324 3941 non
1358 3874 1572 3942 omittendum
1595 3894 1655 3936 esse

382 3972 537 4039 iudicavi.
580 3996 657 4040 nam
683 3997 750 4040 non
778 3974 882 4041 solum
910 3976 1071 4065 quaedam
1097 3998 1181 4065 quae
1203 3977 1246 4043 ab
1268 3976 1343 4043 aliis
1364 3975 1490 4042 tradita
1510 3999 1573 4042 non
1592 3982 1655 4039 sunt

382 4076 539 4159 continet,
568 4076 627 4143 sed
654 4076 753 4142 etiam
781 4076 940 4165 exemplis
964 4076 1217 4145 declinationum
1238 4079 1466 4147 auctoritatem
1488 4078 1656 4166 anquina

465 4314 491 4384 ')
515 4317 631 4369 Praeter
654 4332 687 4368 ea
711 4333 781 4385 qnae
804 4318 878 4369 infra
903 4318 1027 4371 exhibita
1049 4325 1114 4372 eunt
1130 4318 1183 4373 duo
1201 4320 1328 4389 exempla
1344 4321 1466 4389 Vergilii
1483 4320 1654 4388 grammaticis
1714 4285 1715 4314 Ξ

382 4404 487 4453 usitata
510 4401 653 4468 adscripta
675 4407 739 4453 sunt
762 4402 795 4455 de
819 4405 1017 4470 conparatione
1041 4406 1179 4457 nominum
1201 4423 1227 4473 p.
1247 4411 1263 4458 9
1282 4406 1324 4461 ed.
1343 4407 1435 4471 Web,
1452 4408 1522 4458 ande
1539 4409 1608 4458 etin
1621 4408 1653 4453 ue
1714 4417 1715 4422 ¹

381 4489 449 4539 mate
471 4482 745 4553 (Verg.Aeu.196)
770 4488 799 4540 ‘o
816 4488 933 4539 Danaum
952 4490 1092 4551 tenaciae
1111 4491 1196 4555 acatia
1216 4490 1336 4556 Μαί,
1360 4498 1389 4542 et
1405 4492 1440 4542 de
1459 4490 1654 4560 praepositioni·
1714 4479 1715 4494 ³

381 4570 432 4623 bue
450 4588 476 4638 p.
489 4572 522 4621 29
540 4570 582 4625 ed.
595 4572 685 4635 Web,
703 4588 790 4638 super,
808 4574 910 4641 meando
927 4574 959 4624 dc
976 4575 1110 4639 &pamm
1128 4576 1204 4626 dead
1219 4584 1259 4627 eat
1276 4578 1370 4644 (Varg.
1388 4576 1457 4627 Aen.
1476 4578 1491 4629 I
1509 4578 1569 4641 tor)
1584 4578 1652 4625 *nuta

381 4658 413 4707 de
435 4657 538 4706 Priusne
563 4654 698 4723 ropitam'.
735 4656 878 4709 Ciceronis
906 4662 999 4709 autem
1024 4674 1122 4710 nomen
1148 4666 1211 4726 post
1237 4660 1453 4713 declinationem
1482 4662 1652 4729 pronominum

380 4745 451 4791 cuiae
475 4748 577 4793 aornar
602 4749 702 4793 eeewaa
727 4744 859 4810 scripturn
886 4746 929 4793 est
951 4759 978 4810 p.
999 4746 1029 4793 t'i
1050 4743 1092 4794 ed.
1111 4745 1203 4808 Web,
1225 4748 1274 4795 red
1293 4746 1366 4797 leina
1388 4754 1531 4807 merear,
1553 4752 1579 4797 ta
1596 4745 1653 4796 ata

381 4826 452 4877 libris
475 4826 630 4887 inueniatur,
657 4842 707 4878 aaa
732 4826 849 4879 labemur
875 4832 942 4879 tanti
962 4830 1099 4895 ponderis,
1122 4838 1150 4879 at
1171 4832 1339 4895 inperitam
1355 4834 1535 4883 comesdin·
1549 4834 1652 4882 nebim

380 4912 513 4963 ratem.
549 4926 606 4961 narr
623 4910 728 4962 duom
744 4915 903 4977 asperiorem
919 4915 975 4978 iprae
997 4912 1092 4966 Mina
1107 4920 1199 4967 ador
1215 4923 1263 4967 est.
