3525 5600
651 404 888 471 3333311331
1352 399 1412 484 133

1228 525 1249 569 1¹·
1264 513 1351 556 xes-ca
1365 513 1386 554 1.

663 625 711 672 DE
733 625 862 674 rtuvux

210 731 313 809 Figura
341 739 392 792 aut
418 731 562 793 naturalis
584 738 644 801 est,
674 740 724 793 aut
744 751 780 794 ex
803 740 867 792 arte
889 731 1052 793 descendit.
1098 749 1173 812 quae
1197 739 1240 792 est
1263 730 1414 801 naturalis,
1427 740 1486 804 408,
1499 741 1532 790 33

138 833 248 913 simplex
270 841 404 902 vocatur:
427 851 503 911 quae
527 853 562 894 ex
585 840 649 895 arte
672 834 839 904 descendit,
863 837 1025 914 conposita.
1057 852 1124 894 narn
1148 834 1266 913 quando
1290 833 1415 896 dicimus
1427 809 1531 871 ‘²94‘34

138 937 240 1005 doctus,
261 935 309 996 tuo
331 935 406 997 nihil
428 955 477 997 ars
501 935 586 1005 valet,
609 936 662 997 serl
684 938 746 1017 ipsa
762 937 870 1016 positio
888 935 1015 1015 simplex
1031 945 1074 1004 est
1097 938 1270 1004 constituta;
1295 935 1413 1017 quando

120 1047 220 1099 sautem
241 1037 365 1100 dicimus
386 1038 537 1108 indoctus
561 1055 598 1098 ex
619 1045 683 1099 arte
706 1037 869 1099 descendit.
915 1045 944 1098 et
964 1036 1013 1098 illa
1036 1057 1111 1117 quae
1135 1037 1260 1117 simplex
1282 1047 1326 1099 est
1349 1037 1414 1098 nul·

137 1139 184 1200 lam
203 1139 287 1200 habet
308 1142 528 1221 quaestionem;
557 1139 607 1200 illa
630 1159 701 1200 vero
730 1156 805 1217 quae
827 1141 980 1219 conposita
1004 1147 1049 1202 est
1070 1159 1125 1219 per
1148 1148 1287 1220 quattuor
1310 1139 1413 1201 dividi·
1520 1213 1527 1231 ι

136 1252 176 1302 tur
195 1250 298 1321 partes.
344 1245 422 1302 nosti
452 1245 531 1303 enim
559 1244 697 1321 quoniam
726 1250 774 1303 aut
803 1249 928 1321 utraque
957 1250 1042 1322 parte
1065 1243 1243 1322 componitur
1265 1244 1413 1320 integrum

136 1352 177 1404 aut
195 1350 316 1421 utraque
345 1352 535 1424 corruptum,
565 1351 616 1405 aut
643 1347 739 1422 prima
767 1354 851 1424 parte
880 1347 994 1422 integra
1024 1353 1053 1405 et
1075 1347 1241 1424 posteriore
1264 1354 1413 1424 corrupta,

136 1453 176 1505 331
194 1452 275 1524 parte
295 1449 464 1524 posteriore
485 1449 602 1525 integra
627 1453 656 1507 et
676 1447 778 1525 priore
801 1455 951 1525 corrupta.
996 1447 1052 1506 lroc
1075 1454 1178 1508 notum
1208 1455 1264 1514 est,
1295 1446 1414 1524 quando

112 1547 213 1607 sehabet
234 1547 306 1608 duas
328 1555 429 1627 partes
457 1549 602 1627 integras
630 1555 664 1608 ut
684 1549 710 1608 si
731 1547 812 1608 dicas
834 1547 1052 1616 suburbanum
1085 1549 1158 1609 duas
1187 1556 1354 1628 corruptas,
1384 1557 1416 1609 ut

138 1651 240 1718 elisan
268 1651 418 1727 integrum
446 1652 542 1730 prima
569 1663 653 1730 parte
680 1658 710 1710 et
737 1652 903 1728 posteriore
932 1658 1118 1729 corruptum,
1149 1658 1181 1710 ut
1208 1651 1350 1719 insulsus:
1380 1669 1415 1711 ex

137 1759 262 1832 corrupto
285 1757 315 1812 et
336 1754 463 1829 integro,
488 1762 520 1813 ut
543 1751 746 1830 nugigerulus.
776 1751 832 1813 alia
855 1750 959 1812 Probi:
983 1750 1033 1812 ille
1056 1753 1097 1812 ait
1119 1752 1175 1813 lroc
1198 1751 1317 1823 dictum,
1342 1769 1415 1830 quo·

136 1853 227 1933 313311
249 1855 344 1930 figura
373 1861 423 1914 331
449 1853 540 1916 rebeus
562 1863 677 1915 coxistat
700 1855 789 1915 certis
811 1861 862 1914 aut
883 1853 975 1914 rebus
996 1854 1132 1915 incertis:
1164 1856 1204 1913 ait
1226 1856 1268 1914 sic
1290 1853 1414 1924 Probus,

137 1954 276 2035 ‘pleraque
305 1974 382 2035 quae
409 1963 479 2017 sunt
506 1957 537 2017 in
566 1958 661 2034 ligura
689 1963 834 2036 apparent
857 1974 922 2016 esse
943 1957 1074 2034 integra,
1099 1954 1240 2036 pleraque
1263 1965 1414 2036 corrupta,

111 2057 260 2137 spleraque
282 2058 347 2118 siue
369 2063 484 2119 sensu’.
530 2065 560 2119 et
587 2061 614 2120 si
641 2059 697 2118 hoc
725 2058 855 2118 volueris
882 2060 981 2137 sequi,
1006 2057 1119 2118 nullum
1142 2077 1251 2119 nomen
1273 2060 1414 2128 invenies

139 2159 201 2238 quod
228 2177 286 2220 non
315 2161 502 2240 conpositum
530 2163 576 2221 sit.
620 2176 688 2222 nam
712 2160 829 2240 quando
852 2160 918 2220 dico
942 2177 1011 2238 ego,
1042 2179 1096 2220 nec
1119 2179 1135 2220 e
1158 2179 1212 2220 nec
1235 2177 1272 2238 go
1294 2177 1415 2220 sensum

139 2259 228 2328 habet;
250 2279 321 2338 ergo
343 2264 531 2342 conpositum
554 2270 608 2323 est.
643 2262 761 2342 quando
785 2261 851 2322 dico
874 2261 979 2330 homo,
1004 2280 1059 2322 nec
1083 2262 1121 2322 lro
1144 2279 1199 2324 nee
1222 2281 1270 2324 nto
1294 2281 1415 2323 sensum

138 2361 225 2431 131313
253 2382 325 2440 ergo
353 2367 539 2444 conpositum
568 2374 621 2426 est.
666 2379 738 2442 ergo
765 2365 875 2443 poterit
903 2363 1066 2434 secundum
1095 2363 1173 2424 illius
1203 2364 1413 2432 definitionem,

138 2467 158 2522 si
175 2483 328 2542 sequamur
356 2484 424 2525 eum
453 2488 473 2523 3
499 2465 530 2525 it
558 2473 604 2526 est
631 2468 656 2526 si
684 2468 778 2526 secuti
807 2464 949 2526 fuerimus
973 2467 1035 2526 eius
1057 2467 1278 2536 auctoritatem,
1303 2464 1415 2526 nullum

111 2584 232 2627 unomen
258 2565 384 2645 simplex
411 2569 571 2629 invenitur.
617 2568 670 2628 sed
698 2567 804 2628 laisum
833 2575 877 2627 est
905 2567 962 2629 hoc
989 2569 1098 2647 ipsum.
1145 2587 1212 2628 narn
1242 2586 1277 2628 ex
1300 2566 1415 2628 duobus

138 2671 269 2748 corruptis
291 2670 478 2748 conpositum
501 2677 598 2750 potest
618 2671 692 2731 lieri.
724 2667 797 2730 illud
819 2678 918 2730 autern
935 2667 1041 2730 dicitur
1064 2688 1098 2730 ex
1122 2669 1239 2731 «luobus
1261 2688 1327 2730 esse
1349 2689 1416 2730 eor·

137 2772 232 2849 ruptis,
260 2770 340 2850 quod
369 2769 534 2833 resolutum
562 2780 659 2853 potest
687 2773 752 2833 sieri
780 2773 945 2851 integrum,
974 2772 1003 2833 111
1033 2779 1078 2833 est
1106 2773 1244 2853 quotiens
1272 2772 1333 2852 ipsa
1358 2771 1416 2832 1133

138 2867 260 2952 corrupta
287 2872 475 2934 resolvuntur
503 2881 533 2935 et
561 2882 685 2954 possunt
712 2893 777 2935 esse
805 2877 929 2952 integre.
974 2882 1099 2953 utputa
1121 2876 1220 2954 opit'ex
1242 2874 1357 2935 videtur
1381 2892 1416 2934 ex

139 2973 237 3034 luobus
263 2977 414 3055 corruptis
442 2994 520 3037 esse:
549 2996 617 3044 naun
646 2996 736 3056 opera
766 2982 796 3036 et
818 2976 943 3045 1331333,
967 2983 1127 3057 utrumque
1149 2978 1298 3054 integrum
1321 2985 1366 3038 est
1389 2984 1418 3037 et

111 3075 197 3136 313311
215 3095 305 3138 uuum
328 3086 501 3157 corruptum
524 3079 633 3158 opitex.
664 3078 818 3157 municeps
840 3086 870 3137 et
892 3078 948 3139 hoc
970 3077 1115 3147 similiter,
1139 3096 1262 3139 munera
1286 3080 1414 3157 capiens.

140 3196 198 3255 ergo
218 3188 284 3240 tunc
305 3187 404 3258 potest
426 3198 462 3240 cx
485 3179 601 3241 duobus
618 3182 765 3261 corruptis
781 3200 890 3242 nomen
914 3198 993 3249 esse,
1017 3182 1155 3259 quotiens
1177 3182 1240 3259 ipsa
1264 3183 1417 3260 corruptio

138 3280 279 3343 resolvitur
302 3281 425 3343 etfacit
448 3276 452 3357 l
475 3283 625 3360 integrum
647 3302 766 3345 nomen.

208 3383 363 3444 Praeterea
390 3386 469 3444 scire
498 3383 642 3446 debemus
670 3404 735 3446 esse
763 3385 860 3465 aliqua
883 3386 1002 3447 nomina
1026 3401 1102 3464 quae
1125 3403 1160 3445 ex
1184 3383 1416 3445 3331333331-

140 3486 227 3543 nauus
246 3486 328 3545 11331.
374 3484 551 3565 plerumque
579 3488 724 3565 contingit
751 3490 830 3548 enim
860 3498 892 3548 ut
921 3506 1011 3547 tinum
1042 3504 1150 3547 nomen
1172 3488 1222 3547 liat
1244 3486 1281 3545 tle
1303 3486 1417 3548 duobus

114 3588 326 3657 enuntiativis,
351 3596 381 3648 et
403 3590 539 3667 quotiens
561 3590 601 3649 ita
625 3590 796 3666 contigerit,
820 3598 947 3667 utraque
969 3596 1054 3669 parte
1077 3587 1255 3656 declinatur,
1288 3596 1320 3647 ut
1346 3596 1415 3667 puta

140 3696 242 3764 praetor
263 3689 402 3751 urbanus.
446 3692 623 3766 contingunt
644 3693 715 3751 item
738 3694 858 3752 nomina
888 3710 963 3771 quae
986 3692 1081 3771 prima
1104 3678 1189 3769 parte
1212 3688 1341 3749 habeant
1363 3710 1415 3750 no-

141 3791 290 3851 minativum
314 3800 343 3852 et
364 3794 532 3872 posteriore
554 3812 629 3863 non,
654 3803 684 3854 et
705 3796 764 3855 iam
786 3812 856 3874 pars
878 3794 973 3873 prima
997 3799 1113 3853 tantum
1136 3791 1310 3853 declinatur.
1346 3812 1416 3853 con·

140 4012 201 4061 etiam
219 4015 312 4064 nomini
332 4028 453 4063 uumerus
475 4030 502 4075 ρ.
524 4015 573 4066 177
594 4016 634 4070 ed.
656 4016 731 4066 Lod.
751 4043 784 4051 -
800 4030 828 4077 p.
853 4014 904 4066 188
928 4015 1082 4064 333133111Ιί
1102 4032 1133 4064 oe
1152 4030 1244 4065 313333
1263 4014 1357 4079 Figura
1374 4022 1418 4062 out

141 4084 243 4132 naturstis
258 4100 285 4146 p.
308 4084 358 4136 luo
376 4110 410 4119 -
423 4100 450 4148 p.
470 4084 520 4135 1118
538 4100 683 4150 conponere
701 4092 749 4147 (on
767 4100 859 4137 rtuuna
876 4086 937 4135 add.
953 4086 989 4147 B)
1008 4086 1100 4151 ligura
1119 4086 1143 4133 in
1164 4084 1310 4133 nominibus
1325 4100 1353 4147 p.
1368 4084 1417 4133 1811

141 4175 165 4183 -
178 4167 202 4213 p.
220 4153 358 4203 1911311133
375 4168 425 4202 non
445 4155 504 4202 11331
522 4168 554 4203 oa
573 4171 676 4207 crotous
694 4156 774 4205 Cusus
794 4156 853 4204 (11311
867 4166 926 4205 3331
938 4172 966 4218 p.
984 4156 1032 4205 lou
1049 4181 1084 4191 -·
1096 4172 1122 4219 p.
1144 4156 1192 4206 177
1212 4154 1319 4203 cladium
1339 4153 1415 4218 (tren

140 4220 187 4273 11111.
204 4222 235 4285 (J)
253 4238 285 4272 ua
303 4239 407 4274 3331333
425 4223 498 4273 Greci
516 4238 592 4275 casus
610 4225 704 4275 liabent
720 4240 746 4287 p.
767 4226 815 4276 lttl
832 4243 887 4289 sqq.
908 4226 965 4278 Bc.
992 4242 1049 4273 3333
1066 4241 1098 4273 ea
1116 4240 1180 4288 perae
1195 4226 1227 4272 tle
1243 4226 1365 4280 numerio,
1386 4226 1418 4273 de

138 4291 225 4352 131311,
241 4295 273 4344 de
288 4293 389 4343 33311333
405 4294 494 4343 iterum
511 4298 649 4358 scriptaet
664 4312 693 4346 eo
708 4297 827 4362 locoque
845 4301 963 4360 leguntur
983 4298 1008 4346 in
1026 4296 1051 4343 Α
1068 4296 1139 4345 editu
1156 4302 1214 4345 sunt
1233 4296 1303 4357 iufra
1320 4310 1347 4356 p.
1367 4294 1416 4345 177

141 4374 183 4424 app.
201 4362 239 4410 ed.
259 4364 334 4415 Lind.
358 4371 451 4413 mutato
470 4364 560 4415 ordine
579 4368 604 4414 iu
621 4365 673 4416 Bc
687 4367 817 4428 priorious
840 4366 991 4416 tractatibus
1016 4366 1048 4414 de
1071 4364 1157 4415 iterim
1176 4366 1252 4415 rebus
1268 4365 1417 4427 interpositu

141 4438 185 4479 1331
249 4434 262 4483 1
282 4435 312 4482 tle
332 4434 422 4496 liguris
439 4434 464 4481 A
536 4434 569 4487 10
587 4438 700 4500 integras
716 4437 737 4485 si
755 4437 827 4486 dicas
845 4435 932 4487 Boc*
953 4436 1066 4502 integras
1083 4450 1190 4488 ...eus
1210 4436 1233 4483 A
1285 4444 1417 4498 corruptas

142 4500 259 4551 utellieux
278 4502 368 4553 noa*
387 4511 520 4568 corruptus
538 4514 597 4554 suut
621 4507 711 4556 ellieax
729 4506 755 4554 A
827 4507 859 4557 tu
877 4506 1044 4570 nugigerulus
1063 4504 1147 4555 ABG
1212 4506 1325 4566 fortusse
1343 4505 1417 4553 aliter

142 4566 222 4620 tactus
240 4575 278 4623 uel
293 4574 343 4621 3113
361 4572 441 4622 habes
461 4574 487 4622 in
506 4584 559 4624 arte
576 4575 665 4626 Probi:
689 4578 724 4639 cs.
742 4578 812 4633 infru
833 4592 862 4639 p.
882 4575 931 4626 187
953 4576 993 4626 ed.
1014 4575 1091 4625 Lino.
1112 4576 1192 4628 Prot.
1215 4576 1294 4627 irretit.
1315 4582 1367 4625 ort.
1386 4590 1414 4637 p.

142 4637 175 4697 53,
193 4639 221 4690 18
271 4642 304 4693 19
321 4646 413 4692 lacuna
426 4660 498 4709 quoru
511 4647 621 4697 indicaui
636 4648 700 4697 llaec
713 4648 771 4708 sere
788 4648 915 4697 excidisse
928 4646 1052 4709 uidentur,
1071 4644 1166 4693 nullum
1187 4660 1277 4693 xrotnen
1298 4646 1414 4703 inveniri,

142 4710 253 4766 33311333
269 4714 301 4761 sit
318 4714 481 4778 conpositum
533 4718 681 4767 auctoritate
699 4717 724 4766 B
784 4716 1020 4767 3313333333
1089 4714 1123 4765 ‘29
1139 4718 1200 4765 liunt
1218 4716 1274 4763 AB
1294 4717 1353 4765 liant
1372 4716 1415 4765 Ga

142 4776 225 4829 turso
245 4784 398 4849 contingerit
416 4794 523 4847 utraque
547 4795 618 4851 parta
642 4788 783 4837 deeltuatur
806 4789 856 4838 nisi
879 4796 985 4849 utraque
1003 4796 1075 4850 parte
1094 4784 1170 4834 luerit
1195 4786 1372 4835 nominatiuus
1391 4795 1418 4834 ut

63 4897 64 4900 ,
143 4851 229 4908 poten
294 4852 326 4903 31
348 4851 420 4919 item]
447 4865 532 4905 eutem
552 4856 636 4906 ABG
705 4856 739 4907 32
759 4872 819 4922 pars
840 4854 935 4923 prima]
960 4855 1417 4921 333333133311313333*13111333

143 4915 433 4983 consecutorum
685 4936 692 4953 ¹
