3525 5600
489 408 702 509 ‘excellere
725 407 929 468 centense-r
957 405 1089 466 11—17
1145 397 1148 410 '
1378 406 1441 470 639

1249 518 1408 569 pfflffld

147 599 247 661 addita
269 617 336 659 mus
357 597 483 677 syllaba,
507 603 585 657 amat
606 615 754 664 amaneus,
778 603 877 655 monet
900 613 1069 664 monemus,
1093 596 1165 673 legit
1187 597 1327 674 legimur,
1359 600 1442 659 audit

146 702 293 762 audimus.
338 699 466 760 secunda
489 717 606 779 quoque
628 716 755 777 persona
777 698 910 757 eiusdenr
934 700 1049 757 numeri
1079 717 1113 756 ex
1137 698 1239 758 eadem
1268 703 1356 761 tertia
1380 703 1439 762 lor-

146 804 292 864 maturis
314 802 411 862 addita
426 801 546 881 syllaba,
570 807 602 860 ut
620 806 697 860 amat
719 801 834 868 amatis,
858 805 959 860 monet
974 801 1109 867 monetis,
1133 799 1205 876 legit
1225 800 1334 878 legitis
1358 803 1441 862 audit

145 905 267 966 auditis.
305 923 361 963 nec
387 921 447 962 non
475 905 564 963 etiam
586 904 675 962 tertia
702 920 832 980 persona
853 900 976 979 pluralis
999 921 1014 960 a
1038 902 1123 960 tertia
1146 903 1356 980 procreabitur
1379 906 1439 964 sin-

119 1008 243 1085 egulari
264 1008 296 1066 in
318 1006 413 1085 prima
435 1005 556 1083 quidem
578 1011 608 1064 et
629 1005 758 1065 secunda
775 1001 1034 1080 coniugationibus
1056 1021 1074 1062 n
1097 1003 1196 1063 littera
1218 1013 1285 1065 ante
1308 1013 1320 1064 t
1342 1009 1438 1068 novis·

144 1112 252 1170 simam
274 1108 456 1186 interposita,
482 1114 514 1166 ut
535 1115 614 1167 amat
635 1115 743 1175 amant,
766 1113 867 1166 monet
889 1112 1024 1174 monent;
1048 1106 1078 1163 ιιι
1101 1107 1189 1165 tertia
1204 1124 1274 1166 vero
1296 1107 1440 1186 producta

144 1219 175 1271 et
198 1212 246 1270 his
266 1209 366 1270 verbis
387 1227 462 1290 quae
486 1211 592 1270 tertiae
614 1215 771 1287 correptae
793 1211 824 1268 ιιι
847 1210 877 1267 io
899 1213 1008 1267 exeunt
1029 1213 1097 1266 ante
1129 1214 1140 1266 l
1162 1207 1291 1268 litteram
1318 1229 1338 1270 ιι
1367 1219 1398 1270 et
1420 1231 1439 1270 ιι

144 1313 347 1392 interpositis
376 1320 410 1372 ut
436 1311 547 1371 dormit
568 1310 734 1380 dormiunt,
759 1313 838 1389 rapit
860 1311 997 1387 rapluot;
1027 1310 1058 1368 ιιι
1093 1310 1179 1368 tertia
1202 1327 1272 1386 vero
1294 1323 1438 1390 correpta,

144 1417 285 1494 quotiens
307 1422 408 1474 anteo
428 1412 588 1473 habuerint
610 1418 829 1479 consonantem,
853 1413 864 1470 i
888 1410 980 1470 vocali
1002 1410 1135 1470 eiusdem
1158 1414 1264 1471 tertiae
1281 1412 1439 1489 singularis

107 1537 132 1575 10
144 1518 177 1576 in
201 1534 221 1577 u
242 1523 273 1576 et
294 1535 315 1576 n
337 1533 480 1598 conversa
501 1513 667 1592 iisdemque
690 1521 758 1574 ante
780 1521 792 1573 t
813 1514 943 1574 litteram
958 1511 1116 1589 collocatis,
1139 1519 1176 1580 ι.
1193 1516 1290 1574 currit
1305 1523 1437 1584 currunt,

143 1619 220 1696 legit
241 1618 354 1694 legunt.
399 1634 485 1676 omne
508 1617 706 1694 praeteritum
729 1617 927 1694 inperfectum
950 1614 1083 1674 eiusdem
1106 1613 1185 1674 modi
1207 1633 1262 1694 per
1276 1618 1439 1701 ¹universas

143 1720 371 1797 coniugationes
393 1718 463 1778 bam
484 1717 595 1797 syllaba
617 1720 806 1786 terminatur,
829 1714 1074 1777 antecedentibus
1097 1716 1129 1774 in
1151 1717 1246 1794 prima
1269 1717 1390 1797 quidem
1412 1739 1437 1786 a,

143 1825 177 1884 ιιι
200 1821 329 1882 secunda
351 1837 422 1881 vero
445 1827 475 1880 et
496 1822 585 1881 tertia
608 1827 746 1898 correpta
768 1838 784 1878 e
805 1817 964 1887 vocalibus,
989 1825 1055 1896 post
1070 1825 1280 1879 consonantem
1302 1819 1439 1881 thematis

143 1926 202 1994 sui,
226 1930 259 1983 ut
281 1941 347 1984 amo
369 1922 513 1991 amabam,
537 1941 642 1982 moneo
664 1920 830 1990 monebam,
855 1921 922 1981 dico
945 1918 1097 1989 dicebam;
1121 1919 1150 1979 in
1174 1921 1261 1980 tertia
1277 1939 1347 1981 vero
1370 1939 1438 2001 pro·

104 2045 128 2082 15
142 2027 244 2096 dueta,
264 2027 318 2099 qed
342 2032 373 2085 et
393 2030 540 2102 correpta,
563 2026 701 2105 quotiens
716 2023 845 2084 vocalem
868 2029 936 2082 ante
958 2041 975 2081 o
998 2021 1114 2090 habeat,
1139 2040 1198 2082 non
1219 2031 1437 2094 consonantem,

142 2129 249 2189 eadem
271 2126 406 2206 quidem,
431 2125 461 2184 id
484 2133 530 2187 est
551 2145 578 2194 e,
601 2127 811 2205 praeveniente
834 2124 942 2193 vor-ali,
977 2125 1029 2185 sed
1051 2131 1117 2204 post
1139 2124 1350 2204 paenultimam
1374 2127 1437 2189 tbe·

110 2273 114 2282 -
142 2233 233 2291 matis
254 2231 301 2289 sui
322 2226 467 2297 vocalem,
491 2233 524 2287 ut
545 2226 635 2288 audio
656 2226 823 2296 audiebam,
846 2229 931 2305 rapio
953 2225 1122 2305 rapiebam,
1147 2243 1238 2303 arguo
1261 2203 1437 2304 arguebam}

141 2335 202 2393 nisi
225 2331 305 2410 quod
327 2332 358 2390 ιιι
381 2330 470 2390 tertia
492 2329 636 2407 producta
658 2347 718 2389 non
740 2348 900 2408 numquam
922 2330 1069 2388 suavioris
1091 2330 1188 2406 gratia
1211 2331 1276 2389 soni
1292 2329 1438 2391 subducta

141 2433 276 2494 evocali
298 2433 459 2511 profertur,
483 2439 516 2489 ut
537 2437 582 2491 est
608 2431 759 2491 nutribam
786 2431 875 2491 ibam.
922 2429 1113 2510 eiusdemque
1142 2434 1286 2509 temporis
1309 2433 1437 2494 secunda

101 2567 127 2605 20
140 2554 271 2615 persona
293 2553 323 2594 ιιι
345 2535 375 2593 in
399 2553 427 2602 s,
456 2535 546 2592 tertia
576 2552 591 2592 s
617 2535 649 2593 in
677 2540 689 2592 t
716 2552 857 2594 conversa
879 2532 1072 2601 formabitur,
1108 2539 1140 2592 ut
1162 2532 1296 2594 amabam
1319 2533 1438 2594 amabas

141 2638 276 2707 amabat,
300 2635 457 2696 monebam
479 2634 621 2696 monebas
649 2634 804 2705 monebat,
832 2634 968 2713 legebam
994 2633 1114 2712 legebas
1141 2634 1268 2710 legebat.
1312 2636 1438 2714 pluralis

141 2748 244 2801 autem
266 2739 383 2798 numeri
411 2755 539 2817 persona
560 2739 657 2817 prima
684 2739 839 2818 exprime
866 2737 1009 2815 singulari
1039 2742 1177 2796 nascetur
1200 2736 1298 2796 addita
1321 2755 1355 2796 us
1378 2737 1436 2817 syl·

138 2842 219 2910 laba,
243 2849 276 2901 ut
297 2840 434 2901 amabam
456 2839 635 2908 amabamus,
656 2840 799 2901 decebam
831 2839 1019 2908 docebamus,
1043 2837 1199 2899 audiebam
1232 2838 1436 2910 audiebamus,

140 2943 279 3022 legebam
301 2941 488 3020 legebamus;
522 2943 652 3003 secunda
673 2961 744 3002 vero
766 2962 802 3002 ex
825 2943 921 3020 prima
943 2950 1008 3001 ntus
1030 2940 1133 3001 ultima
1147 2942 1179 3000 ιιι
1196 2942 1233 3001 tis
1248 2950 1435 3013 commutata,

101 3074 127 3112 ει
140 3046 315 3107 amabamus
340 3042 501 3113 amabatis,
531 3044 710 3105 docebamus
736 3043 903 3113 docebatis,
935 3044 1127 3104 audiebamus
1150 3042 1325 3113 audiebatis,
1356 3041 1435 3121 lege-

141 3148 247 3209 bamus
267 3145 423 3224 legebatis.
460 3148 549 3207 tertia
571 3147 733 3224 singularis
755 3146 902 3225 pluralem
926 3148 1044 3206 tertiam
1067 3144 1182 3204 creabit
1203 3164 1223 3204 ιι
1245 3143 1345 3205 littera
1368 3152 1436 3205 ante

138 3261 152 3312 t
181 3249 301 3310 finalem
331 3250 525 3327 interposita,
559 3256 594 3308 ut
619 3249 738 3310 amabat
764 3247 916 3315 amabant,
951 3247 1077 3308 docebat
1103 3246 1262 3315 docebant,
1296 3246 1437 3307 audiebat

139 3350 312 3418 audiebant,
336 3347 454 3426 legebat
473 3348 620 3426 legebant
647 3348 651 3427 l
675 3369 762 3410 omne
790 3350 986 3429 praeteritum
1018 3350 1183 3429 perlectum
1208 3350 1335 3409 activum
1357 3349 1435 3410 indi-

139 3454 232 3514 cativi
253 3452 332 3513 modi
356 3454 470 3531 primae
493 3471 639 3531 personae
662 3455 694 3512 ιιι
716 3453 727 3511 ι
748 3452 879 3511 litteram
902 3450 1023 3520 desinit,
1048 3454 1096 3511 cui
1120 3451 1244 3511 adiectis
1266 3448 1364 3510 tribus
1386 3451 1434 3511 lit·

98 3584 124 3620 ae
140 3557 218 3616 teris
239 3555 287 3615 sti
308 3554 361 3613 det
380 3555 518 3624 secunda,
542 3561 575 3615 ut
589 3556 671 3615 secui
686 3556 818 3622 secuisti,
841 3554 943 3613 monui
958 3555 1108 3623 monuisti,
1139 3554 1251 3613 nutrivi
1274 3554 1434 3622 nutrivisti,

138 3659 208 3734 lego
236 3656 346 3733 legisti.
396 3656 447 3715 sed
475 3658 629 3717 interdum
655 3658 684 3716 vi
712 3654 837 3734 syllaba,
877 3672 945 3715 cum
974 3655 1071 3715 finalis
1099 3662 1145 3715 est
1172 3672 1295 3733 eamque
1328 3654 1435 3717 vocalis

137 3742 304 3841 praecedit,
327 3756 522 3828 subtrabitur,
545 3765 579 3819 ut
599 3759 750 3817 nutrivisti
772 3742 910 3826 nutristi,
939 3758 1072 3818 amavisti
1094 3758 1208 3817 amasti.
1254 3774 1312 3815 non
1335 3762 1434 3817 tamen

138 3879 260 3941 semper
282 3861 338 3920 boc
360 3860 425 3920 beri
447 3878 569 3920 necesse
592 3870 651 3919 est:
674 3878 743 3919 nam
765 3866 834 3919 sunt
856 3857 966 3939 quibus
989 3850 1141 3938 εὐφωνία
1162 3866 1353 3920 memoratam
1376 3857 1432 3937 syl-

136 3964 238 4025 labam
260 3960 386 4023 subduci
408 3963 531 4023 minime
553 3963 732 4041 patitur,'ut
754 3962 857 4021 cavisti
880 3962 1005 4038 pavisti;
1035 3963 1109 4021 casti
1132 3944 1207 4039 pasti
1231 3978 1289 4020 non
1312 3959 1430 4019 dicitur.

94 4089 122 4127 :aa
137 4066 240 4126 eidem
266 4065 380 4142 primae
408 4070 420 4122 t
446 4062 547 4125 littera
569 4064 683 4123 adiecta
705 4065 756 4122 liet
778 4064 882 4133 tertia,
912 4064 1006 4123 amavi
1033 4064 1155 4131 amavit,
1184 4063 1286 4123 monui
1308 4064 1432 4132 monuit,

137 4168 241 4227 avidivi
264 4164 385 4234 audivit,
408 4165 468 4242 legi
490 4165 572 4242 legit.
618 4184 654 4225 ex
676 4165 779 4225 eadem
802 4166 899 4224 oritur
922 4172 953 4223 et
973 4166 1070 4243 prima
1090 4144 1214 4244 pluralis
1244 4163 1342 4223 addita
1365 4182 1431 4224 mus

137 4267 264 4349 syllaba,
287 4275 321 4327 ut
342 4268 425 4327 secui
447 4268 610 4365 secuimus,
640 4267 727 4327 docui
749 4266 920 4335 docuimus,
945 4266 1044 4327 audivi
1067 4265 1245 4335 audivimus,
1275 4266 1334 4342 legi
1357 4266 1432 4342 legi-

207 4489 409 4553 lprocreabitur
420 4488 446 4535 ln
460 4486 585 4551 singulari
596 4487 622 4536 B
691 4486 723 4537 10
734 4486 875 4548 iisdemque
888 4489 929 4539 ed.
947 4487 1022 4539 Vind.
1037 4486 1201 4549 eiusdemque
1212 4485 1238 4534 B
1301 4487 1331 4534 11
1345 4485 1433 4549 legunt

134 4572 196 4608 amo
208 4571 279 4606 amas
291 4565 359 4605 emat
371 4557 587 4605 amamus-ematis
600 4563 686 4604 amant
696 4569 789 4604 moneo
802 4569 891 4605 mones
905 4564 991 4603 monet
1002 4569 1136 4604 monemus
1150 4554 1258 4603 monetis
1270 4564 1374 4602 monent
1385 4567 1430 4601 an·

135 4627 181 4675 dio
194 4625 268 4674 audie
279 4624 353 4674 audit
363 4621 481 4673 addimus
494 4624 588 4673 auditis
600 4624 706 4673 audiunt
719 4624 775 4688 lego
789 4623 853 4685 legio
866 4623 928 4687 legit
940 4622 1048 4686 legimus
1062 4622 1145 4687 legitis
1159 4622 1246 4684 legunt
1258 4638 1293 4670 ne
1308 4635 1431 4670 enarra·
1524 4642 1529 4655 ι

135 4708 206 4743 mro
224 4706 400 4742 matamoro
418 4707 488 4741 uoor
512 4706 674 4741 morcarum
697 4706 795 4741 acr1u1
814 4690 848 4741 B.
873 4692 1009 4741 eorundem
1025 4691 1155 4741 verborum
1176 4691 1274 4753 formos
1291 4696 1351 4753 poet
1368 4690 1431 4738 reli-

135 4776 243 4827 quorum
265 4777 362 4826 quoque
387 4762 515 4811 modorum
537 4767 563 4809 et
585 4768 721 4824 temporum
744 4760 904 4823 definitiones
924 4760 950 4807 ιιι
968 4759 994 4809 Β
1017 4766 1163 4810 comtanter
1181 4758 1286 4808 additae
1303 4764 1328 4807 at
1347 4758 1432 4807 titulos

134 4830 293 4894 temporibus
316 4830 348 4878 de
370 4829 457 4893 quibam
480 4834 607 4877 tractatur
626 4830 774 4893 plerumque
793 4828 973 4892 praescriptas
1000 4830 1071 4877 ambi
1149 4828 1181 4876 33
1210 4823 1312 4890 qulbus]
1338 4825 1431 4887 quibus

135 4896 267 4959 quibusB
