3525 5600
719 401 892 462 ADllllNlld

161 598 203 653 33,
219 595 247 642 ll
262 587 428 658 penultimae]
440 595 457 642 l.
471 605 486 639 a
500 588 641 654 penultima

219 663 252 710 14
263 661 322 723 quia
335 674 386 709 non
399 659 448 708 nisi
460 659 486 706 in
499 658 581 706 tribua
661 655 666 669 '

220 731 251 779 18
263 729 395 794 peregrina
407 727 509 776 nomina
522 737 547 776 et
559 739 624 788 qaae
636 734 697 774 srrnt
709 725 818 772 barbara

219 799 250 846 19
263 803 382 845 accentus
394 804 476 843 certos
489 793 583 843 babere
595 807 645 842 non
658 802 778 858 possunt,
791 799 819 842 ut
831 791 896 840 heus
909 791 958 840 lreu

218 867 251 915 22
263 872 383 913 accentus
395 863 449 913 sive
462 871 562 911 tenores

218 934 251 983 29
262 941 291 982 at
302 947 372 996 ergo,
385 947 418 980 ne
429 930 574 980 coniunctio
585 928 756 993 intellegatur,
768 943 834 990 quae
846 924 956 976 ‘eausa’
969 926 1103 992 significat,
1122 928 1147 976 in
1161 927 1251 976 ultima
1262 927 1453 977 circumflexum

264 1001 361 1065 recipit,
375 1009 402 1048 ut
414 1014 489 1064 poue,
502 998 559 1047 ideo
572 1012 606 1046 ne
617 996 720 1063 verbum
733 1005 836 1062 putetur
848 994 991 1060 imperativi
1006 994 1083 1058 modi,
1097 997 1122 1044 in
1137 995 1226 1044 ultima
1237 996 1392 1061 producatur

219 1071 250 1120 31
264 1068 443 1129 circumflexus
455 1067 547 1130 longus
561 1065 645 1114 brevis

163 1156 205 1216 34,
219 1153 251 1204 lb
263 1153 411 1203 adverbium
425 1166 490 1213 quae
502 1165 561 1216 pars
574 1151 630 1200 sine
641 1150 719 1199 verbo
733 1163 783 1198 noo
797 1150 907 1214 ponitur,
921 1149 1082 1214 participium
1096 1149 1241 1198 nominibus
1255 1163 1310 1198 cum
1324 1159 1396 1215 parte
1410 1163 1454 1198 no·
1529 1198 1531 1208 ,

264 1222 340 1271 minis
357 1229 382 1269 et
399 1220 469 1270 verbi
485 1219 659 1283 coniungitur3
680 1218 790 1267 nominis
804 1225 829 1265 et
840 1217 911 1266 verbi
925 1219 1025 1282 ponitur
1038 1217 1189 1280 coniunctio,
1203 1217 1358 1283 praepositio
1371 1225 1454 1266 autem

264 1289 361 1338 nomini
373 1288 537 1354 praeponitur
549 1297 573 1335 et
587 1288 662 1336 verbo

219 1361 253 1410 30
265 1357 399 1407 multorum
418 1355 584 1406 vocabulum:
603 1353 667 1404 flurrt
679 1362 704 1404 et
716 1368 799 1402 rernm
814 1354 915 1403 nomina
926 1353 1036 1419 propria,
1056 1353 1180 1417 siquidem
1194 1353 1250 1403 dieo
1263 1354 1344 1403 Roma
1356 1353 1455 1402 Tiberis

163 1428 207 1492 35,
220 1430 235 1476 7
264 1425 415 1489 cognomina
426 1423 545 1484 familiae,
557 1423 695 1487 agnomina
707 1422 806 1471 virtutis

221 1497 251 1544 11
266 1508 324 1542 eece
336 1492 412 1543 modo
425 1505 516 1541 nomen
530 1505 682 1555 cognomen,
694 1489 769 1539 modo
782 1502 922 1554 cognomen
937 1503 1029 1538 nomen
1043 1490 1108 1539 dixit

221 1564 253 1611 14
265 1575 346 1624 aeque
359 1560 475 1609 ridentur
487 1574 546 1621 esse
558 1558 716 1624 principalia,
728 1571 810 1618 aeque
822 1556 972 1606 diminutiva

223 1633 255 1679 19
267 1629 303 1678 sie
315 1628 380 1678 Dido
393 1629 438 1678 sed
451 1627 516 1677 hanc
527 1626 592 1676 Dido

222 1700 254 1748 23
265 1697 325 1746 huic
342 1698 430 1747 botruo
442 1695 511 1744 bnne
523 1696 641 1744 botrnum
654 1708 669 1743 0
681 1694 772 1743 botruo
785 1694 817 1742 ab
830 1692 878 1743 hoc
890 1693 1013 1744 hotruone

222 1768 255 1815 29
266 1775 294 1814 nt
305 1764 398 1830 Apollo
415 1778 461 1828 pro
475 1763 584 1828 apollon
597 1789 629 1798 -
642 1764 826 1827 Agamemnon.
851 1773 912 1811 sunt
929 1761 980 1811 alia
992 1761 1157 1826 homonyma:
1176 1776 1254 1810 unum
1267 1761 1346 1811 multa
1358 1761 1456 1827 signill-

266 1841 333 1883 cant
357 1831 537 1896 homonymum
1111 1879 1116 1898 l

165 1903 206 1960 36,
220 1903 236 1950 2
265 1900 329 1950 haec
341 1901 473 1964 utriusque
485 1898 662 1948 declinationis
674 1898 817 1950 flectuntur.
840 1900 969 1961 pertinent
981 1898 1058 1948 uerba
1070 1899 1106 1947 ad
1117 1898 1157 1956 35,
1170 1898 1203 1946 27
1222 1899 1315 1948 incubo
1329 1900 1417 1948 botruo

222 1971 238 2018 9
267 1979 295 2017 ut
307 1967 417 2019 Nerine?
425 1967 511 2018 Peline
523 1967 611 2016 Atrine
623 1965 723 2026 Nerine,
736 1974 764 2015 nt
776 1965 869 2014 Nerine
881 1965 993 2018 Galatea.
1021 1975 1047 2015 ut
1060 1965 1161 2016 Galatea
1174 1965 1208 2015 itn
1221 1975 1246 2015 ct
1258 1966 1338 2016 Nerea

221 2034 328 2088 rainer
340 2037 429 2085 etiam:
447 2036 570 2085 adlectiva

220 2105 254 2154 20
266 2105 331 2153 inter
347 2103 453 2168 gentilia
471 2102 572 2152 nomina
590 2112 614 2151 et
630 2102 728 2167 patriae
745 2101 847 2151 nomina
866 2101 914 2151 hoe
932 2101 1039 2152 interest
1054 2126 1088 2138 -
1104 2102 1202 2167 patriae
1219 2111 1303 2152 autem
1324 2104 1458 2152 nominas

267 2173 411 2222 civitatibus
466 2170 468 2174 ’

220 2241 254 2289 28
265 2235 395 2305 corrupta]
411 2241 428 2289 l.
441 2246 564 2305 usurpata

215 2309 248 2357 29
261 2309 292 2356 de
304 2307 390 2357 multis
402 2307 518 2372 primurn,
538 2317 565 2356 nt
576 2307 657 2371 prima
670 2307 763 2371 dactyli

150 2411 153 2418 ·
221 2377 253 2426 32
266 2388 317 2424 uon
329 2377 362 2425 ad
374 2389 518 2441 personam.
542 2375 669 2424 dexterior
682 2375 838 2427 sinisterior:
853 2387 904 2423 uon
917 2373 1029 2427 dextrior
1041 2375 1166 2425 sinistrior
1178 2376 1366 2441 comparativus
1379 2383 1417 2425 est

165 2444 208 2506 37,
222 2445 252 2492 11
267 2444 335 2492 unde
347 2443 505 2493 descendant

221 2513 253 2560 12
266 2512 324 2573 quia
336 2510 364 2559 llt
376 2512 408 2560 de
420 2511 498 2560 verbo
517 2525 580 2561 cano

220 2580 254 2630 20
265 2579 376 2628 comedit
388 2589 412 2628 et
423 2579 529 2628 comedo
542 2593 628 2628 comes
640 2589 745 2641 comest,
760 2579 825 2628 sicut
838 2579 886 2628 edo
900 2593 926 2627 es
939 2587 978 2628 est

221 2649 254 2696 25
267 2648 418 2712 deponentia
429 2647 570 2712 imperativi
582 2646 728 2712 speculator

221 2717 253 2765 29
265 2716 344 2764 rerba
356 2715 522 2781 temporibus,
536 2715 670 2781 participia
683 2715 787 2764 casibus
800 2723 824 2763 et
838 2714 995 2779 temporibus

164 2784 235 2842 38,7
265 2783 528 2834 unllamenimhabet

221 2853 253 2902 18
264 2853 326 2915 qnia
338 2853 418 2916 ipsius
431 2858 478 2906 est.
501 2851 628 2917 perlectus
641 2848 722 2915 (Dan.
736 2853 795 2912 374,
810 2850 870 2915 26);
885 2851 954 2915 quod
968 2858 1042 2901 estet
1055 2865 1144 2901 nomen

165 2939 207 3000 39,
221 2938 235 2985 1
266 2936 368 2987 dulcius
380 2951 471 3000 quam:
486 2937 559 2999 qnasi
572 2937 605 2986 sit
617 2936 686 2986 aliud
698 2951 768 2986 mare
780 2936 862 2996 dulae,
876 2951 925 2986 non
939 2951 986 3001 pro
999 2936 1120 2999 dulciore,
1135 2938 1181 2987 sed
1192 2952 1239 3004 pra
1252 2940 1335 2989 minus
1348 2956 1434 2991 amaro

222 3008 238 3054 2
268 3006 393 3055 seniorem
407 3004 447 3053 bic
459 3004 524 3055 dixit
536 3005 620 3053 minus
632 3019 728 3065 senem,
743 3020 794 3055 non
806 3005 889 3070 magis
903 3020 990 3055 senem

226 3075 258 3122 14
270 3075 330 3137 quia
343 3074 374 3123 de
387 3073 490 3122 muliere
502 3072 584 3137 magis
596 3086 662 3121 anus
675 3072 735 3121 iacit

221 3142 254 3190 26
267 3156 357 3207 caepe:
371 3156 449 3206 caepe
461 3142 487 3189 in
500 3141 624 3204 singulari
638 3150 752 3189 neutrum
766 3150 813 3203 est,
831 3142 856 3190 in
870 3140 961 3205 plurali
974 3140 1134 3200 femininum,
1152 3140 1201 3191 hoc
1214 3156 1290 3208 caepe
1303 3152 1328 3194 et
1338 3143 1386 3194 hae
1399 3160 1456 3195 cae·

221 3276 254 3325 28
266 3224 326 3325 pac,
347 3223 457 3324 porrunp1
465 3209 490 3256 in
503 3209 625 3287 singulari
640 3217 763 3266 neutrum,
776 3210 802 3258 in
814 3208 908 3274 plurali
921 3209 1089 3259 masculinum
1103 3208 1129 3258 hi
1142 3210 1210 3275 porri

285 3291 391 3325 rcrocus
404 3286 429 3325 et
458 3290 571 3325 aecroca

164 3345 238 3409 aab
266 3344 345 3409 stirps
362 3344 481 3393 adfinitas
498 3342 611 3393 leminini
629 3345 731 3409 generis
748 3351 795 3403 est,
815 3352 843 3393 ut
860 3344 924 3393 ‘heu
938 3346 1042 3412 stirpem
1056 3347 1175 3410 invisam,
1188 3347 1266 3396 arbor
1274 3348 1417 3407 masculini,
1431 3359 1458 3398 ut

262 3412 321 3462 “sed
334 3438 365 3447 —
379 3409 563 3474 sustuleraut’3
581 3413 627 3462 sed
649 3420 674 3461 et
694 3411 809 3461 feminini
829 3413 931 3477 generis
953 3424 999 3475 est,
1018 3414 1313 3481 Horatius-‘stirpesque
1330 3427 1416 3482 raptas
1433 3426 1458 3466 et

269 3495 348 3545 pecus
361 3490 385 3529 et
396 3478 502 3530 domus*

157 3610 159 3613 Α
220 3550 252 3598 14
263 3547 305 3598 hic
317 3563 399 3614 panus
411 3546 486 3597 huius
497 3543 591 3613 panus]
605 3551 621 3597 l.
635 3547 676 3596 lric
689 3563 780 3598 manus
793 3547 869 3599 huius
882 3564 973 3599 marrus

164 3618 206 3675 41,
221 3618 234 3665 1
265 3617 349 3665 neutri
361 3618 466 3678 buxam,
479 3626 503 3664 et
515 3625 586 3666 torno

221 3686 237 3734 9
266 3684 369 3733 mobilia
381 3694 432 3733 tota
446 3698 495 3733 uon
510 3691 569 3733 sunt

219 3752 252 3802 28
265 3751 393 3801 declinari.
415 3762 458 3801 aut
469 3761 586 3801 uentrem
599 3751 704 3802 latinum
717 3752 798 3814 (Bon.
812 3755 871 3819 376,
889 3752 946 3818 14);
965 3754 1025 3818 quia
1037 3770 1156 3819 graecum
1171 3770 1218 3805 non
1233 3756 1332 3805 invenis
1346 3772 1359 3805 e
1371 3758 1456 3807 termi-

266 3828 362 3878 natum,
377 3820 423 3869 sed
436 3820 540 3870 latinum
613 3864 619 3877 ,

164 3890 206 3947 43,
219 3888 252 3937 23
264 3888 297 3936 ab
309 3888 392 3951 aliquo
406 3889 528 3953 praeponi

163 3957 205 4015 44,
219 3958 252 4006 23
264 3970 340 4006 casus
353 3954 449 4005 similes
461 3955 585 4019 habuerit,
598 3957 721 4021 superflui
735 3967 928 4020 sequestrantur

219 4025 252 4074 30
264 4022 312 4072 boc
323 4039 402 4074 cornu
414 4023 463 4072 boc
475 4038 554 4072 cornu
567 4038 582 4073 o
594 4038 672 4073 cornu

163 4110 205 4166 45,
221 4110 252 4159 13
265 4118 290 4159 et
302 4108 422 4174 deinceps
434 4118 534 4174 praeter
546 4108 623 4168 mille,
637 4108 794 4158 declinamus
806 4118 889 4158 autem
904 4110 928 4159 iu
941 4110 1041 4175 plurali.
1062 4111 1130 4161 mille
1143 4126 1193 4162 non
1206 4120 1253 4165 etc.

164 4178 206 4240 46,
219 4178 252 4228 29
264 4191 336 4226 mous
348 4176 426 4241 (Dea.
439 4177 499 4242 378,
512 4174 571 4240 25);
590 4178 627 4226 sic
641 4187 666 4225 et
677 4176 747 4226 ireos
1296 4176 1306 4186 “

164 4246 205 4302 47,
218 4246 234 4294 9
265 4252 289 4294 et
300 4246 434 4295 Terentius
447 4245 522 4295 domo
536 4260 575 4293 me
588 4246 681 4310 eripuit
693 4247 886 4309 transponenda
897 4254 953 4295 suat
965 4256 1024 4311 post
1038 4250 1069 4298 10
1081 4250 1213 4297 domorum

165 4314 207 4373 48,
220 4314 235 4363 7
265 4322 290 4361 et
307 4312 389 4362 simile
406 4328 486 4377 genus
499 4312 583 4371 luerit,
601 4314 624 4361 id
639 4324 678 4361 est
690 4314 745 4377 pari
756 4314 853 4377 syllaba
866 4316 1000 4364 terminata
1013 4328 1038 4364 et
1050 4332 1126 4365 unum
1139 4332 1220 4380 genus
1234 4334 1264 4367 ex
1283 4334 1311 4368 se
1324 4319 1417 4369 iaciant
1431 4330 1454 4369 et

265 4382 316 4430 sint
328 4380 491 4446 appellativa,
504 4381 599 4430 similes
612 4391 673 4430 sunt
685 4382 841 4444 nominativi,
857 4382 891 4431 ita
903 4397 978 4447 pares
992 4390 1016 4432 et
1027 4383 1132 4448 genitivi
1144 4383 1208 4433 liunt

213 4448 254 4520 ο14
266 4448 306 4497 hie
319 4448 384 4498 silex
397 4472 429 4483 —
442 4457 516 4497 acuta
528 4449 593 4497 silex
604 4451 797 4513 transponenda
808 4457 869 4499 suat
877 4458 938 4515 post
950 4454 992 4515 40,
1006 4454 1021 4501 2
1034 4452 1089 4500 sive
1101 4450 1222 4502 feminino

219 4518 252 4566 24
264 4525 308 4565 aut
320 4512 409 4581 currit]
422 4516 536 4578 sortasse
549 4517 697 4568 auctoritate
710 4526 860 4583 usurpatum

163 4584 204 4641 49,
217 4586 250 4633 22
262 4584 321 4645 quia
334 4584 447 4648 iungitur
459 4582 543 4633 officio
556 4584 664 4633 nominis
677 4587 815 4658 praemisso
830 4587 932 4637 nomine

164 4669 205 4726 bo,
219 4670 234 4716 9
263 4666 383 4734 plurima]
397 4672 414 4719 l.
426 4666 544 4734 plurium.
559 4663 683 4734 [sortasse
701 4670 772 4720 linita
784 4681 844 4720 sunt
856 4672 904 4721 tria
916 4673 1054 4723 secundnm
1071 4650 1213 4725 'linitionem
1226 4690 1360 4740 personae,
1379 4686 1406 4727 ut
1418 4679 1453 4727 ait

264 4734 370 4795 Plinius,
383 4736 481 4785 indulta
493 4736 611 4801 plurima,
625 4753 654 4787 eo
667 4738 734 4801 quod
746 4740 798 4788 sint
808 4736 972 4807 generaliter]

220 4805 251 4853 19
263 4814 323 4851 sunt
334 4804 384 4853 alia
395 4804 500 4863 ordinis,
513 4814 541 4853 nt
554 4815 656 4867 quotus,
670 4806 719 4856 alla
731 4806 860 4867 qualitatis
873 4818 898 4857 et
909 4818 993 4858 cetera

220 4872 253 4919 22
266 4871 317 4919 dno
330 4872 379 4921 ista
391 4886 468 4922 unum
481 4883 541 4921 snnt

1181 4960 1248 5024 44*
