3525 5600
609 402 658 464 DE
681 400 827 462 NOMINE
851 403 984 460 22—32
1382 395 1443 460 561

1256 507 1420 560 emen

157 590 328 668 cuspidem,
357 591 448 650 cassis
474 591 599 650 cassidis
626 590 741 650 casside
770 589 932 658 cassidum,
963 588 1081 648 Samnis
1108 589 1240 648 Samnite
1268 587 1444 656 Samnitum,

156 691 226 751 licet
255 693 402 752 Salustius
430 692 607 752 Samnitium
636 692 753 752 dixerit.
798 693 948 770 excipitur
975 709 1066 750 ιιιιιιιιι
1094 690 1133 750 Ιίε
1160 689 1224 750 litis
1256 690 1307 748 lite
1337 690 1444 759 litium,

156 813 214 854 non
238 795 334 854 litum.
379 795 478 854 onmia
502 796 527 854 is
550 797 706 855 terminata
729 811 850 870 graeca,
879 812 934 853 εει]
955 794 1118 854 masculina
1140 810 1194 851 seu
1215 793 1358 852 leminina
1380 793 1460 875 lue->

155 898 232 964 rint,
257 895 384 956 ablativo
412 897 555 972 singulari
578 915 594 954 e
617 897 760 956 liniuntur
786 915 879 976 eaque
908 898 939 955 in
967 915 1017 956 um
1039 913 1181 956 conversa
1204 894 1334 954 reddunt
1354 913 1391 954 ex
1412 914 1444 954 se

131 999 319 1074 egenitirum
342 997 505 1077 pluralem,
535 1005 566 1058 ut
588 997 672 1058 Paris
700 997 808 1059 Paride
830 997 986 1067 Paridum,
1015 997 1148 1076 llaphnis
1169 996 1333 1076 Daphnide
1346 996 1444 1076 Daph·

154 1101 274 1169 nidum,
298 1100 366 1160 Lais
389 1101 479 1161 Laide
502 1100 640 1170 haidum,
664 1101 755 1161 Thais
778 1100 891 1161 Thaide
910 1099 1070 1168 Thaidum.

239 1203 345 1262 Omnia
368 1205 398 1262 in
421 1221 454 1260 os
477 1203 643 1264 desinentia
666 1203 771 1273 latina,
795 1221 848 1264 sen
869 1203 1033 1264 masculina
1056 1221 1109 1263 seu
1131 1203 1273 1262 feminina
1296 1201 1342 1261 vel
1364 1220 1443 1261 com·

151 1307 271 1374 nrunia,
296 1305 421 1366 ablativo
444 1321 514 1365 casu
537 1304 680 1382 singulari
702 1323 718 1364 e
742 1305 885 1366 liniuntur
911 1323 1005 1384 eaque
1033 1307 1064 1364 in
1092 1323 1143 1366 um
1165 1323 1307 1364 conversa
1329 1305 1444 1364 iaciunt

151 1410 316 1480 genitivum
339 1407 499 1486 pluralem,
524 1415 556 1467 nt
578 1413 676 1467 custos
698 1407 818 1468 custode
841 1408 1013 1477 custodum,
1034 1407 1089 1467 ilos
1111 1407 1183 1467 ilore
1206 1407 1327 1476 ilorum,
1351 1425 1443 1486 nepos

117 1523 137 1560 ιι]
152 1517 261 1588 nepotc
285 1517 435 1588 nepotum.
480 1518 585 1570 neutra
612 1512 732 1570 omnine
761 1509 820 1570 duo
848 1516 918 1570 suut
943 1527 1019 1588 quae
1047 1512 1080 1569 in
1102 1528 1135 1569 os
1156 1510 1291 1578 veniant,
1315 1510 1442 1570 alterum

151 1611 311 1689 producte,
341 1611 468 1672 alterum
495 1619 648 1691 correpte,
678 1619 711 1672 ut
738 1631 771 1672 os
799 1614 861 1672 oris
888 1613 933 1670 ori
955 1630 988 1671 os
1010 1610 1048 1671 ab
1071 1630 1122 1671 ore
1145 1630 1196 1671 ora
1219 1629 1305 1671 orum
1328 1610 1441 1681 oribus,

151 1715 226 1774 item
248 1733 282 1773 os
303 1715 378 1774 ossis
401 1715 460 1772 ossi
483 1732 516 1772 os
540 1713 577 1774 ab
593 1733 658 1774 osse
674 1733 738 1774 ossa
754 1731 874 1774 ossuum
890 1712 1019 1773 ossibus.
1049 1716 1081 1774 in
1096 1732 1129 1773 es
1144 1713 1310 1774 desinentia
1325 1731 1441 1791 graeca,

150 1819 176 1876 si
199 1823 336 1876 crescant
363 1817 394 1875 in
421 1817 551 1892 genitivo
579 1816 737 1893 singulari,
769 1835 857 1894 supra
880 1816 978 1876 dictae
999 1817 1120 1894 regulae
1142 1817 1290 1884 serviunt,
1314 1823 1348 1874 ut
1368 1815 1443 1875 Eros
1527 1820 1552 1901 '¹

151 1917 252 1978 Erotis
274 1917 363 1977 Erote
386 1917 523 1988 Eretum,
548 1918 635 1978 horos
657 1918 759 1977 herois
781 1917 872 1978 heroe
895 1919 1034 1988 heroum;
1058 1920 1083 1978 si
1099 1937 1158 1978 non
1174 1924 1324 1986 crescant,
1348 1920 1442 1995 magis

115 2036 135 2072 n
149 2021 290 2097 propriae
314 2019 432 2096 regulae
455 2039 543 2099 quam
571 2019 678 2080 latinae
707 2018 918 2088 subiacebunt,
948 2028 981 2081 nt
1001 2021 1146 2081 Peneleos
1167 2020 1288 2080 Penelei
1311 2039 1364 2079 seu
1386 2019 1441 2080 l‘e-

149 2119 252 2189 neleo,
285 2119 484 2200 Androgeosl
515 2122 663 2199 Androgei
698 2140 751 2182 scu
774 2122 945 2200 Androgeo:
980 2125 1215 2202 ‘prImusque
1253 2121 1441 2183 Coroebus

148 2223 305 2283 Penelei
329 2223 476 2284 dextra'
501 2231 566 2293 aut,
590 2231 622 2284 ut
644 2223 694 2283 alii
718 2223 918 2294 tradiderunt,
948 2225 1091 2294 Peneleo;
1121 2227 1193 2284 item
1215 2225 1270 2284 ‘in
1294 2223 1442 2284 loribus

149 2325 265 2384 letum
287 2325 492 2403 Androgei’
516 2335 581 2395 aut,
604 2333 638 2386 ut
660 2325 726 2386 aliis
748 2327 859 2406 placet,
884 2328 1050 2405 Androgeo.
1081 2329 1176 2404 magis
1197 2334 1269 2387 tnnc
1292 2326 1439 2386 secundae

147 2445 239 2506 quam
262 2429 366 2488 tertiae
389 2428 596 2488 declinationis
618 2435 707 2488 erunt
727 2429 816 2490 huius
839 2430 919 2490 modi
941 2433 1076 2500 nomina,
1099 2447 1167 2489 curn
1189 2429 1226 2489 ad
1248 2427 1368 2490 latinam
1391 2447 1439 2488 ve-

110 2549 132 2585 ι]
146 2532 250 2590 norint
272 2529 415 2608 regulam.

237 2631 341 2692 Omnia
369 2651 404 2694 us
430 2635 588 2693 terminata
614 2633 718 2703 latina,
748 2634 910 2694 masculina
932 2641 983 2694 aut
1011 2635 1171 2704 feminina,
1195 2636 1363 2694 communia
1386 2654 1439 2695 seu

146 2741 269 2804 neutra,
294 2733 421 2795 ablativo
443 2733 587 2813 singulari
611 2753 627 2795 e
652 2737 794 2796 finientur
816 2755 909 2817 eaque
931 2738 963 2796 in
987 2757 1036 2796 xxm
1058 2755 1201 2796 conversa
1221 2737 1333 2796 lacient
1354 2739 1438 2815 geni-

147 2839 243 2897 tivum
266 2837 426 2916 pluralem,
451 2846 483 2897 ut
505 2856 571 2899 mxxs
593 2856 676 2899 neure
700 2856 832 2909 murum,
856 2840 940 2919 palus
955 2840 1062 2919 palude
1085 2840 1240 2919 paludum,
1264 2841 1328 2900 laus
1350 2840 1438 2901 laude

145 2938 296 3009 laudum,
315 2940 413 3000 Venus
442 2941 556 3000 Venere
589 2941 751 3011 venerum,
787 2960 856 3003 crus
889 2961 978 3003 crure
1011 2960 1146 3011 crurum,
1180 2950 1285 3020 pectus
1316 2949 1438 3020 pectore

107 3056 131 3095 es
144 3048 320 3129 pectorum,
350 3042 443 3102 vellus
471 3042 579 3102 vellere
607 3044 764 3113 vellerum,
793 3064 866 3122 grus
887 3064 959 3122 grue
982 3064 1104 3123 gruum,
1128 3052 1213 3105 vetus
1234 3052 1334 3105 vetere
1357 3050 1437 3103 vete·

144 3160 226 3202 rum.
272 3144 385 3204 nullum
413 3146 561 3223 excipitur
588 3148 718 3207 omnino.
763 3150 834 3225 quin
863 3150 954 3207 immo
981 3150 1071 3208 etiarn
1097 3165 1219 3224 graeca,
1253 3164 1321 3205 cum
1348 3146 1438 3205 buius

144 3246 227 3303 erint
255 3244 478 3315 declinationis
509 3246 604 3306 eidem
634 3247 753 3325 regulae
783 3248 995 3318 subiacebunt,
1019 3248 1150 3328 Oedipus
1171 3248 1324 3328 Oedipode
1347 3247 1435 3308 Oedi·

143 3346 270 3425 podum‚
295 3347 458 3427 llelampus
478 3349 661 3428 Melampode
684 3350 909 3430 llelampodum.

233 3448 336 3510 Omnia
359 3451 487 3519 nomina,
511 3470 586 3529 quoe
610 3451 854 3513 bconsonantem
877 3439 945 3513 ante
967 3473 982 3513 s
1004 3454 1210 3513 semivocalem
1232 3451 1386 3512 habebunt
1407 3460 1438 3511 et

105 3566 129 3604 :n
145 3550 351 3629 monosyllaba
379 3560 484 3622 erunt,
514 3560 544 3612 et
566 3554 693 3614 ablativo
716 3574 732 3613 e
755 3556 896 3615 linientur
919 3574 1012 3635 eaque
1034 3557 1064 3615 in
1087 3558 1097 3615 i
1121 3572 1263 3615 conversa
1285 3564 1314 3614 et
1335 3554 1435 3615 addita

143 3669 196 3710 nm
212 3651 325 3730 syllaba
341 3655 452 3714 l'acicnt
468 3657 630 3731 genitivum
646 3656 806 3736 pluralem,
831 3664 863 3716 ut
885 3657 959 3719 haec
981 3658 1064 3718 trabs
1086 3657 1123 3718 ab
1146 3657 1201 3717 hac
1223 3656 1307 3717 trabe
1330 3656 1434 3716 harum

143 3752 292 3823 trabium,
317 3755 390 3815 bace
412 3756 498 3835 plebs
522 3756 559 3817 ab
581 3758 636 3818 hac
659 3758 746 3838 plebe
769 3758 874 3819 harum
897 3760 1041 3838 plebium,
1064 3762 1090 3821 si
1111 3768 1212 3821 tamen
1235 3760 1265 3818 in
1289 3758 1434 3837 pluralem

141 3872 302 3915 numerum
331 3858 474 3927 ilectitnr,
504 3860 577 3919 haec
605 3859 677 3919 urbs
706 3859 742 3919 ab
771 3860 825 3921 hac
852 3860 927 3921 urbe
950 3862 1055 3922 harum
1077 3862 1213 3930 urbium,
1237 3860 1310 3919 haec
1332 3860 1435 3919 scrobs

141 3955 181 4014 ab
210 3955 266 4016 hac
295 3957 400 4017 scrobe
431 3960 535 4020 harum
559 3962 720 4023 scrobium.
765 3970 795 4021 et
817 3966 956 4025 universa
978 3964 1051 4025 haec
1073 3971 1212 4043 quattuor
1234 3968 1323 4022 erunt
1344 3980 1434 4040 snpra

100 4056 242 4127 edicta,
271 4060 404 4137 quamvis
431 4062 551 4140 quidam
579 4065 626 4124 his
654 4064 849 4125 adnumerent
877 4065 955 4125 nubs
985 4062 1115 4146 [νέφος]
1145 4064 1233 4125 corbs
1262 4058 1432 4144 [κόφινος]

140 4158 230 4227 orbs,
255 4160 307 4220 sed
330 4160 458 4223 absurde
481 4182 546 4224 meo
569 4166 725 4235 iudiciolo,
749 4185 816 4227 cum
840 4174 920 4227 tanta
944 4176 1096 4229 anctorum
1119 4168 1313 4229 adversentur
1335 4184 1433 4225 exem·

141 4260 205 4339 pla,
230 4262 394 4341 inquibus
422 4264 470 4324 bic
500 4266 599 4327 corbis
622 4274 652 4327 et
679 4268 728 4328 hie
756 4268 838 4329 orbis
860 4277 891 4329 et
913 4269 986 4330 haec
1009 4269 1104 4329 nubes
1125 4270 1262 4347 legimus.
1306 4287 1374 4329 nam
1397 4268 1433 4328 de

140 4360 242 4422 scobis
273 4356 324 4442 [τὸ
347 4364 490 4446 metopo]
521 4372 700 4430 nominativo
728 4368 896 4440 dubitatur,
926 4389 962 4431 an
990 4372 1063 4432 haec
1090 4371 1177 4432 scobs
1204 4380 1234 4432 et
1257 4390 1315 4431 non
1337 4373 1433 4448 magis

139 4464 215 4524 haec
239 4464 338 4525 scobis
360 4466 468 4528 habeat
490 4472 703 4531 nominativum
725 4490 820 4532 suum.
866 4474 938 4532 item
960 4478 1057 4535 emnia
1080 4478 1207 4545 nomina,
1231 4494 1306 4555 quae
1329 4492 1432 4533 conso·

97 4572 262 4625 tonantem
292 4574 360 4626 ante
389 4586 403 4627 s
430 4571 637 4632 semivocalem
665 4572 817 4635 habebunt
844 4594 900 4634 nec
929 4584 1016 4637 erunt
1039 4579 1222 4647 communia,
1252 4583 1283 4636 ct
1304 4575 1432 4637 ablativo
1487 4608 1491 4618 ·

229 4752 262 4803 16
287 4754 447 4821 primusque]
473 4758 550 4822 Verg.
572 4758 637 4810 Aen.
658 4758 677 4806 ll
697 4760 748 4808 424
837 4760 869 4809 17
889 4762 1042 4813 tradederint
1061 4765 1086 4814 B
1171 4765 1198 4813 in
1215 4760 1323 4829 loribus]
1349 4764 1429 4828 Verg.

138 4821 205 4871 Aen.
225 4822 258 4870 Vl
277 4823 312 4873 20
397 4824 429 4877 19
447 4826 477 4875 ad
498 4828 575 4877 latina
591 4826 616 4875 B
698 4826 732 4880 35
750 4830 920 4881 adnumerene
939 4832 964 4881 B
1040 4834 1074 4885 36
1088 4836 1132 4884 sed
1149 4832 1269 4899 absurde!
1288 4834 1369 4883 idest
1386 4834 1430 4884 ab·

137 4892 215 4943 sorde
233 4908 362 4956 strperrcr.
382 4912 432 4947 nou
449 4898 584 4948 inobsorde
599 4899 624 4949 B
693 4898 727 4949 37
745 4900 771 4949 in
789 4915 833 4949 one.
854 4902 878 4951 B
