3525 5600
282 375 344 441 382
824 375 1028 438 CONSENTH

308 499 328 538 p.
342 489 399 530 icto.
413 490 436 528 tt
453 486 474 526 P.

283 569 502 647 coniugatiouis
527 569 737 636 iuverriuntur,
768 574 801 627 ut
829 585 899 627 ecce
929 569 1024 628 activa
1051 568 1269 644 significatione
1296 568 1463 630 declinatur
1494 585 1567 628 uunc

281 671 346 732 lavo
368 671 461 732 lavas:
491 689 558 731 nam
581 678 612 731 et
632 671 707 731 lavis
729 672 814 740 iacit,
847 669 927 750 quod
949 677 995 729 est
1017 670 1134 729 tertiae.
1178 688 1233 731 nec
1256 671 1389 732 dissonat
1410 673 1481 734 huic
1502 691 1567 733 cou-

285 773 395 834 dioioni
422 773 452 833 id
480 773 559 852 quod
587 793 602 832 a
631 775 748 852 passiva
777 773 976 833 declinatione
1008 771 1178 842 descendit,
1202 774 1351 853 siquidem
1373 774 1430 835 lroo
1451 773 1568 836 verbum

284 879 415 937 incertae
445 875 672 953 significationis
700 875 744 935 vel
773 874 905 952 ambigui
933 876 1054 952 generis
1081 881 1142 935 est:
1171 894 1239 936 nam
1261 875 1343 936 lavor
1363 877 1437 937 iacit
1457 876 1568 945 lavaris,

284 978 362 1058 (quod
386 985 431 1038 est
452 979 567 1057 primae
590 980 823 1055 coniugationis,
852 978 925 1037 lacit
946 984 976 1036 et
996 976 1119 1046 laveris,
1150 978 1228 1057 quod
1257 987 1303 1040 est
1323 981 1441 1039 tertiae.
1486 997 1592 1060 quae-s

286 1081 353 1142 darn
375 1079 463 1140 aliam
485 1082 725 1157 coniugatiouem
747 1079 860 1140 habent
875 1078 912 1140 ab
928 1080 1022 1140 activa
1045 1080 1277 1157 significatione,
1301 1080 1389 1142 aliam
1411 1099 1428 1141 a
1450 1083 1570 1160 passiva,

285 1189 319 1244 ut
339 1200 409 1243 eece
431 1181 499 1243 labo
526 1181 608 1243 labas
635 1183 708 1243 iacit
735 1183 861 1263 primam
892 1183 1147 1260 coniugationem,
1170 1181 1254 1242 labor
1275 1201 1346 1243 vero
1369 1180 1449 1262 (nam
1472 1190 1502 1242 et
1520 1183 1572 1243 hoc

285 1288 418 1346 incertae
442 1286 668 1364 significationis
690 1285 745 1362 est)
769 1284 880 1346 laberis
901 1286 989 1354 iacit,
1013 1303 1072 1345 uon
1094 1283 1215 1344 labaris.

370 1387 454 1448 Nunc
484 1389 624 1468 quoniam
652 1387 769 1448 abunde
800 1387 836 1447 de
865 1387 1074 1464 coniugatione
1104 1386 1217 1447 dictum
1245 1395 1306 1456 est,
1336 1388 1496 1449 dicendum
1522 1397 1572 1457 est,

285 1509 344 1571 quo
366 1490 454 1551 modo
476 1492 507 1550 in
530 1488 791 1568 coniugationibus
813 1489 904 1549 verba
927 1488 1076 1549 deficiant.
1122 1489 1251 1549 diximus
1273 1497 1372 1550 autem
1394 1492 1572 1569 coniugatio·
1585 1513 1606 1550 ιυ

286 1612 354 1654 nem
383 1595 415 1654 in
443 1592 572 1653 secunda
605 1589 739 1674 perlsona
768 1591 847 1653 modi
875 1591 1030 1652 indicativi
1061 1593 1206 1670 temporis
1238 1595 1406 1670 praesentis
1438 1594 1574 1654 inveniri.

288 1713 360 1774 ergo
382 1695 557 1777 plerumque
580 1695 647 1755 talis
669 1693 828 1756 verborum
856 1695 888 1754 in
917 1691 1178 1771 coniugationibus
1204 1692 1339 1754 deiectus
1366 1702 1427 1765 est,
1456 1702 1491 1756 ut
1516 1697 1576 1774 ipsa

287 1798 417 1859 secunda
440 1815 582 1876 persona,
606 1799 637 1860 in
660 1815 717 1876 qua
740 1797 854 1875 requiri
878 1795 953 1855 solet
975 1796 1158 1873 coniugatio,
1183 1813 1241 1855 non
1264 1804 1362 1866 extet,
1385 1805 1419 1857 ut
1441 1805 1488 1858 est
1509 1798 1577 1858 cedo

288 1902 356 1962 taxo
379 1898 484 1960 amabo
515 1900 581 1960 inttt
607 1902 729 1979 inquam
757 1901 804 1958 aio
832 1915 953 1977 quaeso.
999 1900 1029 1957 in
1052 1897 1100 1956 liis
1122 1899 1203 1972 enim
1224 1897 1365 1958 omnibus
1386 1919 1446 1960 non
1468 1907 1514 1962 cst
1534 1919 1576 1961 se·

290 2003 386 2064 cunda
408 2020 554 2082 persona,
578 2019 653 2082 quae
678 2003 702 2061 si
725 2001 823 2070 deest,
848 2017 938 2080 quem
961 2000 997 2059 acl
1020 1999 1139 2060 modum
1162 2002 1193 2060 iu
1209 2019 1244 2060 ea
1259 2000 1359 2062 littera
1381 2022 1457 2083 quae
1480 2006 1609 2064 conio-n

289 2107 438 2183 gationem
465 2104 573 2184 prodat
598 2106 710 2184 poterit
737 2102 886 2166 inveniri?
914 2101 989 2162 alter
1017 2101 1195 2163 deiectionis
1221 2103 1328 2164 modus
1354 2110 1413 2175 est,
1443 2124 1511 2165 eum
1537 2114 1579 2164 est

290 2206 412 2286 quidem
434 2205 563 2266 secunda
586 2223 729 2285 persona,
754 2205 805 2265 scd
829 2207 860 2265 in
883 2223 919 2264 ea
942 2203 1017 2264 aliae
1032 2204 1150 2264 litterae
1172 2206 1382 2275 inveniuntur,
1406 2226 1495 2287 quam
1516 2208 1578 2269 illae

290 2308 399 2389 quibus
426 2307 604 2386 coniugatio
626 2309 795 2368 continetur
804 2297 820 2378 ,'
841 2313 874 2368 ut
901 2316 947 2368 est
967 2307 1030 2367 fers
1051 2307 1214 2366 meministi
1238 2309 1357 2369 novisti.
1389 2309 1482 2386 ⁴nulla
1504 2312 1579 2369 enim

290 2410 447 2472 ex'trihus
469 2409 529 2471 illis
551 2409 716 2481 vocalibus,
745 2427 819 2488 quae
843 2411 1068 2485 coniugationes
1090 2410 1263 2479 ostendunt,
1289 2417 1357 2471 ante
1380 2411 1515 2471 ultimam
1534 2412 1579 2471 lit-

291 2521 385 2574 teram
415 2512 593 2593 syllabamve
622 2511 867 2591 deprehenditur.
912 2512 1020 2572 tertius
1048 2511 1225 2572 delectionis
1252 2512 1360 2572 modus
1382 2521 1442 2582 est,
1465 2531 1533 2574 cum
1552 2522 1612 2573 etro

292 2615 421 2678 secunda
450 2633 578 2695 persona
607 2622 702 2684 extat,
732 2621 762 2674 et
788 2617 819 2674 in
848 2633 882 2673 ea
912 2613 1063 2674 sollemnis
1084 2614 1183 2674 littera
1205 2617 1426 2693 coniugatiouis
1453 2624 1580 2695 apparet,
1653 2603 1658 2614 ’

293 2719 344 2780 sed
374 2737 408 2778 ea
438 2726 537 2779 tamen
567 2717 690 2777 alterius
717 2718 861 2797 temporis
889 2725 949 2785 est,
977 2735 1067 2796 quam
1094 2719 1172 2776 ratio
1199 2721 1421 2796 coniugationis
1443 2720 1580 2798 exposcit,

293 2830 326 2883 ut
348 2840 414 2881 sum
443 2840 475 2881 es
503 2826 563 2890 est,
593 2820 696 2881 adsum
727 2820 798 2881 ades
825 2820 922 2889 adest,
952 2838 1071 2900 possum
1098 2828 1184 2899 potes
1204 2828 1313 2900 potest.
1358 2829 1405 2882 est
1426 2822 1581 2902 quideme

292 2926 409 2993 littera,
433 2942 491 3004 qua
522 2923 650 2984 diximus
679 2924 917 3000 coniugationem
940 2923 1154 2992 demonstrari,
1182 2924 1233 2984 sed
1256 2942 1291 2984 ea
1314 2923 1415 2985 brevis
1437 2932 1496 2993 est,
1520 2942 1583 2983 curn

294 3030 325 3088 in
354 3026 536 3087 ostendenda
564 3027 773 3103 coniugatione
801 3024 888 3102 longa
921 3044 986 3084 esse
1015 3024 1132 3085 debeat.
1177 3033 1300 3104 quartus
1332 3026 1438 3087 modus
1470 3043 1616 3105 quoquest

295 3130 472 3190 delectionis
494 3127 543 3188 ille
567 3136 612 3188 est
634 3129 685 3207 qui
709 3126 817 3187 bifarie
841 3126 998 3197 dividitur,
1023 3127 1102 3207 quod
1125 3126 1269 3207 quaedam
1291 3127 1396 3199 rerba,
1424 3128 1498 3188 licet
1518 3145 1583 3186 con·

295 3230 499 3309 iugationibus
521 3232 667 3300 serviant,
691 3236 790 3290 tamen
813 3230 859 3289 vel
881 3228 939 3290 sibi
962 3232 994 3290 in
1023 3228 1221 3290 declinatione
1243 3248 1303 3290 uon
1326 3236 1463 3291 constant
1483 3229 1530 3290 vel
1551 3246 1584 3288 ex

297 3333 394 3413 aliqua
421 3338 505 3412 parte
534 3330 685 3391 deliciunt.
730 3331 928 3392 declinatione
959 3350 1018 3392 nou
1045 3337 1195 3399 constant,
1231 3338 1264 3391 ut
1296 3340 1342 3392 est
1369 3333 1449 3393 soleo
1479 3330 1584 3391 audeo:

296 3436 457 3517 praeterito
490 3436 569 3494 enim
601 3434 734 3511 perlecto
768 3440 798 3493 et
829 3433 1120 3513 plusquamperfecto
1152 3433 1376 3494 transferuntur
1402 3436 1434 3495 in
1462 3435 1585 3495 formam

296 3538 430 3618 passivae
458 3535 679 3604 declinationis,
709 3536 786 3595 sicut
813 3544 843 3596 et
869 3537 903 3595 in
930 3535 988 3595 alio
1015 3536 1080 3595 loco
1101 3535 1247 3605 diximus,
1271 3536 1375 3597 solitus
1397 3553 1463 3598 sum
1486 3536 1618 3597 solitusu
1714 3547 1716 3568 ³

285 3658 394 3710 eram,
424 3656 513 3699 ausus
542 3656 607 3698 sum
638 3656 727 3699 ausus
754 3656 846 3698 eram.
892 3655 927 3696 ex
956 3637 1053 3716 aliqua
1081 3644 1167 3716 parte
1194 3638 1352 3710 deficiunt,
1381 3648 1414 3700 ut
1441 3646 1488 3699 est
1514 3639 1586 3698 serio

298 3741 369 3801 edo:
392 3740 465 3801 haec
488 3742 567 3799 enim
590 3758 648 3800 uon
670 3758 726 3820 per
752 3742 849 3800 omnia
879 3747 1013 3819 tempora
1044 3741 1225 3818 figmentum
1255 3759 1352 3820 neque
1374 3744 1455 3802 enim
1477 3742 1588 3801 iaciunt

298 3845 369 3905 terii
392 3850 443 3903 aut
465 3843 595 3903 ederam.

383 3945 420 4005 Et
446 3946 585 4025 quoniam
613 3946 686 4005 satis
713 3932 868 4005 collectum
898 3953 944 4003 est
971 3946 1212 4023 coniugationem
1244 3948 1275 4005 in
1304 3946 1437 4005 secunda
1462 3962 1588 4025 persona

299 4048 452 4109 indicativi
479 4046 559 4107 modi
587 4047 754 4125 praesentis
781 4048 926 4125 temporis
952 4048 1066 4126 requiri
1089 4046 1215 4118 debere,
1239 4046 1314 4107 illud
1336 4050 1415 4108 scire
1438 4046 1621 4114 debemusp
1714 4061 1715 4068 ¹

372 4235 381 4283 l
404 4234 597 4299 coniugationes
618 4233 641 4282 L
712 4242 738 4282 ut
756 4249 787 4283 ex
806 4234 889 4282 actius
911 4232 1097 4301 significatione
1116 4249 1183 4284 nuuc
1202 4234 1260 4283 lano
1278 4249 1336 4283 uam
1355 4243 1380 4283 et
1399 4234 1464 4284 lauis
1483 4231 1545 4282 iacit
1560 4232 1591 4281 M

301 4316 328 4353 ut
345 4312 383 4353 εει
408 4306 432 4354 ἰιι
454 4305 537 4353 actius
565 4303 749 4370 significatione
777 4304 914 4354 declinatio
932 4304 1006 4353 Nunc
1033 4305 1090 4354 locro
1116 4320 1175 4353 uam
1194 4314 1218 4353 ει
1238 4303 1302 4353 lauis
1320 4302 1345 4351 t
1363 4312 1391 4352 ut
1409 4303 1489 4353 estin
1506 4302 1589 4353 aetina

301 4372 490 4439 significatione
513 4374 647 4425 declinatio
667 4374 723 4423 labo
748 4372 819 4423 labae
839 4388 897 4423 nam
916 4384 940 4423 et
960 4375 1024 4425 labis
1045 4375 1070 4425 B
1153 4376 1253 4437 2quae
1269 4374 1352 4437 (corr.
1373 4374 1408 4427 al.
1427 4388 1492 4427 man.
1512 4374 1589 4436 quodt

302 4454 340 4494 est
357 4440 382 4492 B
451 4442 494 4493 hic
511 4444 661 4494 condicione
677 4458 747 4496 corr.
766 4445 846 4495 -niL
918 4443 1029 4507 3idque
1048 4443 1106 4493 aB
1176 4443 1284 4493 tiator
1302 4443 1364 4493 lacit
1385 4442 1479 4493 labaris
1500 4443 1525 4491 B

301 4514 512 4577 alabertsqma
531 4516 610 4573 (corr.
630 4516 665 4566 al.
685 4528 750 4564 maa.
770 4514 852 4579 qood)
871 4514 953 4563 estB
1023 4514 1122 4561 inam
1141 4512 1232 4562 hoeB
1301 4512 1335 4564 10
1353 4512 1473 4563 deficiant
1489 4512 1591 4563 statar-

303 4585 350 4634 dua
368 4584 489 4633 deficiunt
507 4582 572 4633 ΒΜ
577 4585 601 4634 L
689 4584 801 4634 diximus
829 4583 1034 4649 coniugatiouem
1053 4582 1196 4633 Siclordua
1217 4584 1330 4634 diximus
1353 4582 1387 4633 de
1412 4583 1591 4649 coniugatione

304 4653 394 4704 BML
466 4653 498 4703 12
517 4653 543 4703 in
562 4654 742 4720 coniugatione
758 4654 818 4703 ML
889 4654 921 4704 13
937 4648 1043 4719 requiri]
1065 4654 1152 4716 quaeri
1168 4653 1223 4703 BL
1293 4654 1326 4704 14
1344 4668 1483 4704 amarorr.
1502 4653 1591 4703 amabo

303 4721 337 4781 B,
354 4738 400 4776 om,
421 4722 454 4771 M
522 4722 555 4774 16
573 4724 658 4790 prodit
677 4724 736 4773 ML
806 4723 839 4774 19
857 4722 994 4773 ostendunt
1007 4732 1031 4771 et
1046 4733 1103 4773 ante
1123 4723 1156 4773 M
1216 4724 1249 4771 22
1269 4738 1298 4773 ea
1317 4740 1363 4773 ora.
1385 4724 1419 4773 M
1467 4733 1592 4789 exposcat

305 4792 334 4842 M
405 4792 559 4855 aequorcus
577 4808 677 4858 quoqne
696 4792 787 4843 modus
803 4803 841 4843 est
857 4793 1007 4843 deiectionis
1021 4792 1065 4841 ille
1084 4793 1171 4856 quiin
1189 4792 1309 4844 bilariam
1323 4794 1356 4844 M
1406 4792 1438 4843 32
1453 4790 1515 4859 edo]
1534 4792 1590 4841 edio

306 4864 330 4912 L
379 4859 437 4909 iacit
451 4861 652 4913 ieruiBLlecit
667 4863 712 4912 ieri
726 4862 759 4911 M
799 4863 832 4915 34
845 4865 907 4913 satis
920 4863 979 4913 inde
992 4862 1123 4913 collectum
1136 4869 1173 4912 est
1183 4862 1233 4912 BL
1275 4862 1309 4914 35
1321 4860 1427 4927 requiri]
1441 4864 1531 4927 quaeri
1544 4861 1591 4912 BL
