3525 5600
315 367 379 431 401)
859 368 1062 432 consentit

279 507 286 514 .
341 477 490 531 pao-aaa.
1468 490 1487 518 e.
1504 480 1578 519 tata

316 561 470 628 eveniunt,
499 559 618 618 evertite
647 568 744 619 tarrren
773 565 911 636 possunt,
946 558 1074 638 exernpli
1107 577 1195 619 causa
1228 557 1361 618 breviter
1389 559 1601 622 demonstrabi-

315 681 391 721 mus.
436 681 469 721 ac
496 663 626 740 primum
653 662 732 720 seire
760 659 904 721 debemus
927 661 1135 740 rrtetaplasmos
1158 661 1211 722 lies
1235 662 1279 722 vel
1301 681 1317 722 a
1340 663 1438 742 poetis
1460 665 1534 742 ipsis
1555 683 1601 742 po

316 765 389 823 sitos
417 765 476 824 iam
504 765 535 822 in
565 765 631 842 ipsa
660 763 809 842 scriptura
832 765 913 832 fieri,
938 763 982 823 vei
1005 761 1102 832 nobis,
1126 783 1193 824 cnm
1216 767 1259 825 ita
1281 763 1445 825 scandendi
1468 771 1519 825 aut
1539 784 1602 844 pro·

316 865 471 927 rnnttiandi
495 867 657 926 necessitas
680 863 815 941 urgebit,
840 865 994 926 iaciendos
1016 865 1159 946 relinqui.
1189 874 1294 946 poetae
1317 868 1433 928 iaciunt
1454 867 1602 947 metaplas-

316 987 388 1037 mos,
410 986 477 1027 enm
493 969 551 1045 ipsi
575 969 633 1027 iam
656 969 836 1046 scripturam
860 969 1033 1047 relinquunt
1054 976 1239 1048 corruptam,
1264 976 1295 1028 nt
1318 976 1365 1029 est
1386 968 1623 1050 ‘relliquiass

316 1069 491 1130 Dananm'
514 1076 544 1128 et
566 1069 713 1130 ‘tanton
737 1087 789 1129 me
812 1073 973 1131 erimine
1001 1070 1153 1146 dignum
1175 1070 1354 1131 duxisti’:
1392 1071 1508 1132 addidit
1528 1075 1603 1133 enim

317 1190 404 1232 nnarn
419 1170 548 1232 litteram
564 1191 618 1251 per
632 1171 857 1253 metaplasmum
873 1172 899 1242 l;
922 1174 994 1232 item
1016 1180 1120 1233 eontra
1143 1175 1270 1250 dempsit
1290 1190 1381 1234 unam
1402 1176 1533 1234 litteram
1548 1193 1603 1251 per
1709 1164 1717 1231 ,j

315 1277 542 1351 metaplasmum
570 1292 601 1349 c,
633 1276 711 1335 sicut
738 1273 871 1334 Lucilius
899 1275 980 1334 ‘ore
1004 1277 1196 1354 corupto’:
1225 1274 1355 1354 dempsit
1376 1277 1457 1336 enim
1484 1270 1493 1357 ]
1522 1295 1603 1337 unam

316 1377 446 1438 litteram
467 1394 523 1456 per
545 1377 774 1456 metaplasmum
798 1395 828 1436 r:
851 1385 880 1436 et
903 1375 1017 1437 annus

468 1478 555 1539 buia
578 1487 738 1540 statuam
761 1481 877 1540 statui
901 1482 1082 1541 maiorum
1104 1477 1218 1540 obatu
1240 1479 1407 1549 athenis;
1615 1503 1636 1537 a
1716 1510 1717 1529 ι

316 1591 346 1642 et
361 1581 409 1642 hie
425 1600 542 1660 «petoque
565 1601 620 1660 per
642 1580 867 1660 metaplasmum
889 1582 1019 1662 dempsit
1041 1582 1171 1643 litteram
1195 1600 1219 1642 r.
1250 1581 1307 1642 boc
1329 1600 1396 1642 cum
1420 1584 1533 1650 evenit,
1555 1602 1605 1643 nos
1716 1566 1717 1569 Ἴ

315 1687 347 1745 in
370 1683 539 1745 scandendo
561 1683 785 1763 metaplasmum
808 1702 868 1745 uon
890 1684 1033 1746 iacimus:
1063 1683 1152 1745 babet
1180 1685 1343 1745 animiam
1367 1683 1449 1746 illurn
1472 1685 1604 1746 lectionis

316 1789 410 1866 Ipsius
438 1786 662 1865 metaplasmum
691 1787 856 1866 scriptura,
885 1803 961 1866 qnae
989 1788 1034 1847 sic
1062 1807 1078 1848 a
1107 1795 1195 1867 poeta
1223 1786 1328 1846 relicta
1357 1792 1412 1846 est.
1458 1789 1546 1867 atque
1576 1791 1603 1848 in

315 1891 381 1949 istis
403 1889 499 1949 modis
523 1888 699 1948 adiectionis
721 1897 750 1948 et
777 1889 985 1958 detractionis,
1009 1891 1069 1949 nisi
1094 1890 1151 1968 ipsi
1173 1898 1280 1967 poetae
1296 1891 1489 1968 corruperint
1503 1889 1603 1949 dictio
1716 1962 1717 1969 ἵ

318 2010 394 2061 nem,
418 2011 472 2051 ntis
495 2009 558 2051 eam
582 2007 774 2070 corrumpere
797 1991 982 2070 metaplasmi
1005 1999 1151 2070 potestate
1174 2009 1232 2051 non
1255 2009 1424 2070 pessumus
1469 1998 1538 2051 sunt
1557 1991 1605 2051 alii
1618 2012 1638 2048 a
1716 1978 1717 2005 l

317 2093 411 2162 modi,
441 2095 471 2152 in
499 2092 608 2172 quibus
636 2101 722 2172 poeta
751 2101 892 2173 corrupte
921 2093 1042 2173 quidem
1070 2092 1142 2170 legit
1166 2095 1244 2172 ipse,
1268 2093 1322 2152 sed
1345 2093 1426 2153 banc
1443 2095 1604 2171 cormtptio·

317 2214 384 2256 nem
408 2197 556 2274 scriptura
574 2213 632 2254 non
655 2195 780 2265 indicat,
805 2202 838 2256 ut
858 2194 1028 2256 ‘Italiam
1051 2197 1128 2254 tato
1150 2195 1353 2274 prolngus’
1381 2202 1412 2255 et
1434 2195 1606 2274 ‘aquosus

318 2297 450 2358 Orion’
474 2304 504 2356 et
526 2295 688 2358 ‘labitur
711 2296 848 2358 infelix
870 2297 1101 2357 studiornm'
1118 2297 1248 2376 et‘qua
1265 2294 1606 2357 summalabentes’.

316 2401 377 2460 sive
406 2400 486 2458 enim
516 2399 734 2478 producantur,
764 2401 826 2460 sive
855 2395 961 2459 breves
989 2401 1050 2459 sint
1078 2402 1140 2459 iet
1168 2418 1185 2458 o
1214 2407 1243 2459 ct
1266 2419 1297 2468 a,
1328 2397 1416 2458 aliter
1437 2398 1531 2459 scribi
1552 2417 1606 2459 non

316 2503 481 2581 potuerint,
512 2507 541 2560 et
569 2503 599 2560 in
629 2504 778 2581 scriptura
808 2519 866 2563 non
896 2500 1052 2580 apparebit
1083 2504 1140 2562 ista
1162 2502 1331 2580 corruptio,
1354 2499 1408 2560 sed
1430 2519 1485 2561 nos
1507 2501 1640 2578 dirigi-so
1716 2490 1717 2525 ³

317 2621 384 2663 mur
407 2605 438 2662 in
461 2601 629 2663 scandendo
653 2602 689 2662 atl
712 2603 932 2664 defendendum
953 2623 1073 2664 versum
1088 2602 1274 2682 metaplasmi
1295 2609 1457 2682 potestate,
1480 2605 1608 2682 quierit
1716 2610 1717 2679 1

317 2712 368 2766 aut
394 2704 504 2784 systole
533 2713 584 2764 ant
613 2707 730 2766 ectasis.
775 2704 882 2766 sitnilis
909 2708 985 2767 ratio
1014 2708 1045 2765 in
1073 2705 1205 2766 diaecesi
1232 2712 1262 2764 et
1284 2705 1502 2784 episynaliphe.
1546 2725 1606 2765 nam

318 2808 397 2889 qnod
420 2807 559 2869 Horatius
582 2811 623 2869 ait
645 2808 840 2888 ‘seraeque
864 2812 1021 2879 stratae’,
1045 2816 1075 2868 et
1095 2808 1232 2869 Lucanus
1254 2808 1297 2868 ait
1318 2808 1481 2868 ‘dixisse
1498 2807 1607 2868 rhoe-

321 2910 408 2980 bos',
443 2918 471 2970 et
494 2910 635 2988 Virgilius
665 2907 670 2993 Ι
701 2914 755 2970 ‘et
789 2914 885 2972 votis
917 2914 988 2971 iam
1022 2929 1117 2972 trunc
1151 2910 1332 2982 adsuesce
1360 2912 1513 2980 vocari',
1541 2912 1608 2971 item

319 3014 551 3091 ‘aeripedem
585 3016 756 3081 cervam’,
787 3015 848 3074 sive
878 3011 1065 3090 conglutinas
1092 3010 1234 3092 syllabas,
1269 3014 1331 3071 sire
1360 3012 1490 3081 dividas,
1518 3012 1641 3072 isdcme
1716 3019 1717 3056 1

320 3113 430 3175 litteris
454 3112 622 3182 scribetur,
645 3113 770 3193 plusque
793 3112 965 3175 intellectus
987 3114 1167 3175 defendendi
1190 3132 1295 3174 versus
1317 3116 1394 3175 ratio
1416 3114 1530 3175 inducit
1551 3132 1607 3175 me·
1716 3105 1717 3108 '

322 3217 456 3298 taplasmi
480 3224 641 3294 potestate,
666 3223 754 3295 prout
777 3216 850 3276 ltaec
873 3220 937 3295 ipsa
960 3217 1037 3276 ratio
1059 3218 1256 3295 persuaserit.

406 3318 578 3397 Sequuntur
600 3318 658 3377 dut)
681 3319 866 3397 metaplasmi
890 3320 1082 3397 quorumvis
1103 3330 1132 3378 et
1154 3325 1284 3397 potestas
1306 3319 1337 3378 in
1361 3318 1531 3379 scandendo
1551 3338 1608 3379 ma·
1716 3329 1717 3400 ᾗ

321 3422 399 3480 xime
423 3419 514 3489 valet,
540 3419 693 3499 synalipbe
717 3428 747 3479 et
770 3419 935 3499 ecthlipsis.
980 3420 1016 3479 de
1040 3420 1088 3480 bis
1110 3418 1167 3479 hoc
1189 3418 1294 3480 ordine
1317 3422 1551 3500 praecipiemus,
1579 3428 1606 3479 ut

392 3624 401 3675 1
430 3624 659 3673 demonstrauimus
678 3624 711 3673 M
779 3623 856 3675 3nel
881 3624 988 3673 anobis
1009 3623 1039 3671 M
1108 3624 1263 3690 durgnebit
1281 3623 1413 3674 iaciettdos
1431 3639 1489 3673 esse
1507 3624 1609 3687 relinqui

322 3694 351 3743 M
400 3690 571 3757 emittentes]
588 3694 814 3759 Verp.Aea.130
864 3691 997 3759 dtamen]
1017 3693 1275 3759 repetentiam
1325 3694 1612 3759 idempsit—-eamM
1716 3693 1717 3706 ¹

321 3764 433 3829 dempsit
454 3764 563 3812 litteram
587 3780 632 3831 per
652 3764 843 3828 metaplasmum
862 3780 876 3813 e
894 3766 955 3814 add.
972 3764 1147 3815 haebraeam
1166 3768 1192 3814 ia
1209 3764 1312 3815 Laeret.
1334 3765 1368 3813 ut
1388 3765 1455 3815 11:35
1506 3763 1610 3813 8Luci-
1716 3761 1717 3774 ³

322 3882 381 3951 lius]
408 3884 442 3947 cf.
461 3882 563 3933 Lemni.
588 3886 614 3933 in
632 3884 735 3938 haeret.
755 3886 772 3933 1.
791 3900 813 3934 ο.
905 3882 937 3934 10
954 3886 1078 3934 maiorum
1101 3887 1188 3940 obatu,
1208 3883 1308 3935 athenis
1331 3884 1369 3949 (et
1389 3888 1424 3938 ai,
1442 3901 1510 3935 nan.
1529 3900 1610 3948 saper·
1716 3913 1717 3934 1

321 3952 432 4019 scaa'pto)
450 3955 484 4005 M
500 3954 623 4005 maiorum
643 3966 667 4005 et
686 3954 717 4003 ab
737 3964 779 4005 otu
798 3955 877 4005 edidit
894 3953 1069 4015 antemnas,
1092 3960 1136 4022 qui
1151 3956 1276 4005 maiorum
1295 3955 1405 4006 abitretu
1426 3954 1539 4005 Athenis
1553 3960 1611 4004 sesi-

321 4025 425 4075 deadum
443 4016 548 4075 doaiecit
565 4026 590 4073 in
607 4025 739 4087 addendis,
759 4032 786 4074 ιιι
803 4026 913 4074 abitratu
934 4025 1025 4075 dictam
1043 4035 1109 4076 esset
1129 4041 1180 4089 pro
1196 4025 1335 4089 arbitratu,
1349 4025 1398 4075 bae
1411 4026 1517 4076 aecem
1533 4028 1611 4090 aepli-
1716 4033 1717 4088 ]

321 4097 420 4144 catione
445 4094 585 4143 ‘rusiorum
609 4104 690 4145 autem
712 4094 834 4144 arbitratu
853 4111 901 4146 noa
922 4096 1005 4158 inepte
1020 4096 1072 4145 dtas·
1091 4097 1191 4147 uidetur
1208 4097 1277 4158 fieri,
1293 4097 1361 4160 qaod
1376 4098 1487 4146 maiores
1503 4097 1611 4158 exemplo
1716 4103 1717 4150 1

321 4181 382 4228 sao,
401 4167 426 4213 ia
447 4164 552 4229 Solone,
571 4168 596 4216 ia
618 4165 758 4215 Harmodio
782 4174 807 4216 et
824 4164 1014 4229 Aristcpitoae,
1032 4168 1096 4217 velut
1112 4169 1256 4217 imemnt’.
1283 4166 1405 4215 maiorem
1420 4165 1494 4215 boeto
1515 4180 1611 4215 samm
1716 4175 1717 4206 t

322 4235 411 4284 ahenis
431 4235 607 4285 declamemus
626 4237 642 4283 1.
663 4250 685 4289 c.
711 4235 794 4298 magis
821 4248 966 4286 mansuram
991 4251 1089 4303 auguro
1115 4235 1204 4286 ahenis
1227 4234 1355 4300 Ilberpiaa
1380 4236 1453 4297 apud
1479 4237 1612 4285 Vedium
1716 4255 1717 4262 ι

324 4306 389 4358 Ean.
407 4320 477 4367 paee.
499 4306 546 4357 rel.
563 4320 590 4369 p.
606 4304 634 4353 81
696 4304 725 4355 11
746 4302 805 4369 hoe]
826 4302 890 4354 base
907 4304 941 4355 M
992 4307 1024 4355 14
1041 4306 1272 4371 eorrumperintM
1324 4306 1356 4355 15
1374 4302 1442 4371 eam]
1464 4306 1519 4355 iem
1537 4306 1567 4355 M
1716 4321 1717 4330 ¹

324 4376 354 4425 17
375 4372 483 4441 ltaliam]
505 4375 583 4439 Verp.
598 4374 663 4423 Aea.
683 4376 692 4423 1
712 4376 728 4423 2
778 4374 899 4438 aquosus]
924 4377 1002 4439 Verp.
1017 4376 1083 4429 Aea.
1100 4376 1144 4425 1111
1162 4376 1197 4426 52
1251 4374 1284 4425 18
1302 4372 1405 4441 labitur]
1429 4377 1513 4440 Vei-9.
1531 4389 1611 4441 paorp.
1716 4405 1718 4420 t

324 4444 421 4495 1111118
473 4441 534 4511 qus]
557 4444 636 4511 Ver-p.
657 4445 721 4497 Aen.
745 4442 832 4494 11463
892 4446 924 4495 at
944 4446 976 4493 ad
998 4445 1135 4495 defenduat
1154 4460 1259 4496 nonum
1278 4445 1312 4495 M
1358 4447 1392 4496 22
1409 4446 1517 4497 iaetssis
1534 4446 1567 4496 M
1716 4445 1717 4510 ξ

322 4516 410 4565 disrisi
429 4514 462 4563 M
513 4512 546 4565 23
564 4512 690 4580 Horatius]
712 4521 762 4563 sat.
782 4514 791 4563 1
810 4514 842 4577 8,
862 4514 895 4565 17
947 4524 1033 4563 saetae
1053 4516 1086 4566 M
1102 4516 1185 4565 laetae
1203 4515 1282 4566 edidit
1300 4516 1467 4566 Batiam
1517 4517 1614 4565 baean

322 4586 468 4649 semiplum,
487 4586 555 4649 qued
567 4594 658 4647 postea
676 4586 797 4635 adiectum
810 4600 865 4635 esee
876 4585 988 4635 additam
998 4600 1021 4638 a.
1034 4589 1069 4635 ait
1086 4586 1189 4652 mdicat,
1206 4601 1242 4635 ea·
1256 4586 1370 4636 tlemus
1383 4588 1489 4649 petitam
1504 4586 1611 4638 eanba-
1716 4581 1718 4616 t

322 4655 425 4719 dataque
442 4670 499 4705 ease
514 4654 610 4705 dixisse
630 4655 749 4704 Phoeben
770 4656 875 4705 coniecit
894 4654 925 4705 lt.
946 4656 1063 4719 Vaperas
1080 4657 1112 4705 de
1130 4656 1232 4706 Lacasi
1252 4656 1366 4706 Heliacie
1382 4654 1462 4721 (Noai
1477 4657 1612 4707 Brandee·
1716 4663 1718 4690 ²

324 4724 395 4788 berpi
413 4739 438 4773 a.
461 4722 542 4785 18118)
555 4740 583 4788 p.
605 4724 639 4775 ta
696 4726 730 4776 ⁰24
746 4733 772 4774 et
791 4722 865 4791 votis]
892 4726 972 4790 Verp.
987 4740 1077 4791 peorp.
1098 4728 1108 4775 1
1128 4728 1162 4776 ta
1217 4725 1252 4776 25
1268 4724 1424 4793 aeripedem]
1449 4727 1530 4790 Verp.
1549 4726 1610 4775 Aeta
1716 4709 1718 4756 l

323 4794 357 4841 111
376 4792 427 4843 802
492 4794 651 4857 conglutinas
667 4796 700 4845 M
761 4792 794 4843 26
808 4810 900 4845 uersus
915 4798 1012 4845 ratione
1029 4796 1124 4845 inducit
1138 4796 1298 4861 metaplasmi
1313 4796 1512 4861 potestatemM
1579 4794 1612 4843 ’111

324 4860 466 4931 ecthlipsis]
483 4863 614 4914 iactlimsis
634 4863 676 4914 M:
696 4863 830 4948 isctlinisis¹
850 4873 875 4915 et
891 4865 932 4915 bic
948 4874 972 4916 et
986 4866 1056 4928 infra
1074 4868 1153 4917 edidit
1166 4867 1330 4917 Bmanannee
1393 4866 1565 4932 percipiemus
1583 4860 1611 4913 M
