3525 5600
329 407 392 473 aec
593 385 594 388 ‘
804 408 1079 491 ¹conserua

352 529 374 572 p.
388 517 463 558 23-25
477 517 501 559 B.
1523 531 1541 558 e.
1554 521 1581 560 11.

271 631 290 650 ·.
327 597 525 660 tractionibus
547 598 651 657 vitium
673 597 719 667 fit,
743 597 938 658 soloecismus
952 597 1085 677 plurium
1100 614 1203 659 rerum
1218 596 1468 678 contemplatione
1490 597 1602 660 dicetur.

328 699 379 762 ubi
401 720 472 762 vero
494 698 676 760 adiectiones
699 697 936 762 detractionesve
959 707 989 759 et
1011 706 1111 760 cetera
1126 717 1202 779 quae
1225 701 1256 758 in
1278 699 1406 778 singulis
1428 700 1502 760 liunt
1520 704 1603 780 parti·

327 801 383 863 bus
405 804 544 884 imperite
567 802 644 886 lacta
661 808 744 872 sunt,
768 800 813 863 ibi
835 799 1040 863 barbarismus
1063 808 1123 871 est;
1146 800 1198 862 ubi
1221 803 1318 880 perite
1340 819 1408 862 cum
1431 804 1602 871 auctoritate,

326 903 369 964 ibi
392 903 601 983 metaplasmus
630 911 694 966 est?
731 902 767 963 de
790 903 842 964 illo
864 907 1034 984 quaeritur,
1062 911 1177 972 utrum,
1208 905 1234 964 si
1256 922 1290 964 ea
1313 921 1389 984 quae
1412 921 1528 982 semper
1547 904 1603 983 plu·

325 1004 401 1067 ralia
435 1013 504 1067 sunt
540 1006 732 1082 singulariter
764 1007 973 1086 proferuntur,
1007 1006 1097 1066 veluti
1125 1007 1220 1084 siquis
1248 1005 1328 1065 dicat
1357 1023 1477 1085 scopam
1508 1006 1624 1068 scalena

325 1107 444 1168 sordem
475 1106 665 1187 quadrigam,
696 1114 746 1168 aut
774 1110 846 1168 item
874 1110 970 1188 siquis
998 1107 1077 1168 dicat
1105 1107 1187 1168 luces
1208 1125 1313 1187 paces,
1343 1108 1550 1169 soloecismum
1574 1129 1604 1170 an

325 1208 545 1270 barbarismum
567 1210 667 1270 iaciat.
700 1216 744 1269 est
767 1212 846 1271 enim
869 1209 925 1270 hoc
948 1209 1093 1270 dissimile
1109 1209 1146 1270 ab
1162 1228 1198 1268 eo
1220 1209 1356 1289 exemplo
1378 1210 1457 1290 qnod
1481 1213 1604 1290 superius

325 1315 456 1392 positum
479 1319 535 1371 est.
566 1313 700 1391 namqui
723 1311 796 1372 dicit
819 1312 1001 1372 nominativo
1024 1331 1094 1374 casn
1116 1312 1165 1373 bic
1188 1313 1293 1382 lontis,
1316 1312 1366 1372 hic
1389 1313 1498 1382 dentis,
1520 1315 1606 1392 ipsum

259 1397 262 1408 ⁸
325 1433 432 1476 nomen
462 1415 552 1474 lontis
581 1421 610 1474 et
638 1413 736 1474 dentis
763 1413 822 1474 talo
851 1414 981 1494 profert,
1021 1420 1053 1476 ut
1082 1417 1146 1476 sine
1176 1433 1262 1476 casus
1288 1415 1529 1476 consideratione
1554 1414 1605 1474 dici

325 1535 411 1596 posse
434 1514 585 1576 rideatur:
609 1532 677 1576 nam
699 1517 731 1576 in
753 1517 886 1593 genitivo
908 1523 1024 1577 rectum
1046 1523 1092 1578 est
1114 1517 1205 1578 lontis
1228 1526 1258 1578 et
1280 1517 1379 1578 dentis
1402 1517 1523 1578 dixisse.
1562 1517 1605 1576 bic
1618 1537 1634 1575 a

317 1603 439 1688 autern,
463 1618 541 1697 quod
570 1637 694 1698 prorsus
722 1617 782 1678 dici
809 1618 919 1678 melius
945 1638 1002 1698 per
1024 1619 1203 1680 latinitatem
1225 1638 1285 1680 non
1305 1626 1404 1698 potest
1426 1619 1605 1696 singulariter

327 1730 375 1783 aut
397 1721 572 1800 pluraliter,
596 1720 678 1781 nullo
701 1739 804 1780 errore
828 1720 951 1780 alterins
978 1719 1150 1781 intellectus
1178 1722 1274 1800 accipi
1296 1728 1405 1800 potest.
1449 1722 1548 1802 itaque
1568 1723 1606 1781 di·

326 1831 411 1893 cunt,
435 1826 504 1904 quia
527 1841 586 1884 non
602 1828 740 1884 secuturo
757 1839 879 1883 casuum
895 1823 1081 1902 dispectione
1103 1825 1204 1884 statim
1225 1823 1416 1903 repudietur,
1440 1841 1509 1884 cum
1525 1819 1532 1906 1
1548 1826 1608 1903 quis

325 1924 404 1986 dicat
426 1925 601 2006 quadrigam
631 1933 681 1986 aut
708 1925 805 1995 luces,
834 1923 1054 1986 barbarismum
1083 1944 1150 1986 eum
1173 1927 1281 1986 fecisse
1302 1943 1358 2005 per
1380 1928 1606 1988 immutationem

324 2026 447 2088 ultimae
477 2027 593 2088 litterae
623 2027 669 2087 vel
697 2025 838 2106 syllabae.
884 2027 936 2088 sed
964 2027 1021 2087 hoc
1048 2046 1108 2088 non
1134 2023 1293 2108 probalilll
1316 2031 1431 2090 ratione
1453 2030 1637 2109 proserius
1715 2034 1717 2095 ἕ

323 2147 392 2190 nam
414 2147 481 2189 eum
509 2129 597 2190 huius
625 2127 705 2188 modl
734 2125 989 2190 barbarismorum
1018 2131 1123 2191 vitium
1150 2131 1279 2191 divisum
1301 2133 1341 2191 sit
1362 2134 1443 2192 inter
1466 2131 1606 2192 barbaris·
1715 2108 1717 2122 ι

324 2249 405 2290 mum
437 2238 467 2290 et
499 2229 710 2291 barbarolexin
744 2250 778 2292 ea
811 2233 941 2302 ratione,
976 2239 1010 2291 ut
1038 2231 1245 2292 barbarismus
1273 2232 1349 2292 illud
1378 2233 1509 2305 dicatur,
1537 2232 1606 2314 quad

323 2334 473 2410 cognitum
501 2334 532 2392 in
561 2333 653 2393 latina
682 2331 783 2410 lingua
810 2333 979 2413 prolatione
1008 2340 1121 2396 tantum
1148 2342 1269 2414 peccat,
1297 2333 1506 2396 barbarolexis
1531 2335 1605 2402 illud,

323 2435 400 2514 qnod
424 2452 464 2496 ece
486 2433 609 2494 alterius
631 2437 730 2512 gentis
752 2435 853 2512 lingua
876 2438 1052 2506 arcessitur,
1075 2436 1132 2496 lroc
1154 2436 1189 2496 ad
1212 2444 1354 2497 neutrum
1374 2437 1487 2498 referri
1509 2444 1607 2518 potest.

322 2555 389 2598 nam
418 2535 623 2598 barbarolexis
651 2555 710 2597 uon
738 2544 798 2606 ost,
827 2537 896 2617 quia
924 2557 984 2598 raon
1006 2537 1120 2598 alienae
1143 2540 1241 2616 gentis
1262 2537 1440 2600 vocabulum
1463 2548 1524 2610 est;
1546 2538 1637 2600 bar-n

323 2638 472 2700 barismus
495 2657 555 2698 non
577 2644 636 2708 est,
661 2639 800 2718 quoniam
815 2658 873 2699 nora
889 2640 950 2700 dici
972 2648 1070 2720 potest
1092 2640 1202 2701 melius
1224 2640 1316 2702 latine
1338 2643 1370 2702 in
1393 2644 1458 2721 ipso
1480 2661 1606 2703 numero.

322 2749 455 2803 remanet
477 2758 548 2820 ergo
571 2749 603 2801 ut
625 2741 818 2802 soloecismus
841 2743 879 2803 sit
902 2741 1102 2824 disputatione
1125 2742 1310 2821 regularum,
1332 2747 1471 2823 quoniam
1495 2744 1606 2825 quidem

320 2845 447 2923 prolatio
480 2844 549 2904 talis
581 2849 686 2923 peccat
718 2844 750 2902 in
783 2846 927 2904 numeris.
972 2865 1008 2906 er
1036 2865 1094 2926 quo
1122 2848 1181 2906 iam
1209 2854 1333 2925 apparet
1360 2849 1450 2908 etiam
1480 2845 1555 2908 illud
1578 2849 1606 2907 in

321 2946 552 3027 disputationem
575 2947 692 3013 venire,
715 2952 816 3006 utrum
840 2946 932 3005 dictio
954 2966 1013 3008 una
1034 2948 1130 3027 possit
1152 2955 1182 3008 et
1205 2945 1428 3009 barbarismum
1449 2949 1560 3011 habere
1580 2956 1606 3007 et

262 3072 265 3079 ’
321 3046 537 3115 soloecismum.
560 3047 617 3107 boc
640 3050 684 3107 sic
707 3046 987 3109 animadvertamus:
1010 3051 1063 3127 qui
1085 3049 1158 3109 dicit
1180 3068 1276 3119 ossna,
1301 3049 1522 3111 barbarismum
1542 3052 1639 3111 [scits
1715 3047 1717 3070 ’

321 3169 375 3231 per
404 3149 599 3211 adiectionem
622 3149 759 3219 litterae;
789 3152 860 3210 item
882 3152 934 3230 qui
957 3150 1032 3211 dicit
1052 3158 1199 3223 strenuas,
1223 3152 1444 3213 barbarismum
1466 3153 1539 3213 iacit
1558 3170 1608 3233 per
1715 3138 1717 3199 Ϊ

322 3252 519 3313 adiectionem
542 3250 676 3311 eiusdem
700 3249 833 3311 litterae:
858 3252 962 3313 debuit
984 3254 1063 3313 onitu
1086 3252 1187 3314 dicere
1209 3273 1276 3316 ossa
1298 3261 1329 3315 ct
1351 3264 1478 3316 strenas.
1523 3274 1608 3335 porro
1715 3263 1717 3316 t

320 3356 371 3433 qui
394 3354 467 3415 dicit
490 3359 656 3423 strenuam,
692 3352 803 3413 dicitur
831 3361 860 3413 et
887 3352 1107 3416 barbarismum
1134 3357 1234 3417 lacere
1262 3364 1292 3417 et
1320 3357 1531 3418 soloecismum
1558 3376 1607 3437 per
1715 3417 1717 3421 ,

320 3458 394 3517 artis
421 3455 554 3533 regulas,
583 3454 661 3534 quod
688 3461 805 3515 strenae
833 3455 980 3533 singulari
1008 3476 1133 3518 numero
1159 3476 1219 3518 non
1246 3459 1397 3519 dicuntur.
1443 3468 1474 3521 et
1498 3460 1536 3519 ad
1556 3460 1607 3519 boc

319 3558 408 3619 talem
436 3560 581 3617 rationem
609 3556 748 3617 adferunt
776 3559 951 3637 scriptores,
987 3576 1111 3638 capaces
1139 3578 1206 3620 esse
1233 3578 1287 3640 per
1314 3568 1452 3621 naturam
1479 3561 1639 3639 singulasa
1715 3550 1717 3613 ζ

320 3666 419 3739 partes
442 3661 599 3728 orationis,
631 3668 663 3719 ut
684 3661 754 3721 vitia
783 3659 978 3739 multiplicata
1000 3662 1173 3740 suscipiant.
1219 3680 1287 3722 nam
1309 3660 1531 3723 barbarismum
1552 3680 1607 3722 non
1715 3651 1717 3718 J

318 3780 377 3822 uno
404 3762 491 3823 modo
519 3763 550 3821 in
579 3778 637 3821 una
666 3761 796 3822 dictione
823 3780 912 3841 posse
939 3764 1019 3833 fieri,
1043 3772 1076 3824 ut
1098 3765 1193 3843 siquis
1220 3764 1277 3825 hoc
1307 3767 1407 3845 ipsum
1434 3765 1512 3845 quod
1534 3765 1606 3826 dixi·
1715 3827 1717 3830 ,

319 3882 398 3933 mus,
422 3882 523 3933 ossua,
548 3862 691 3943 producta
713 3866 813 3944 priore
837 3864 949 3943 syllaba
971 3863 1163 3946 pronunstiat.
1209 3869 1267 3926 erit
1295 3868 1376 3927 enlm
1405 3865 1607 3927 barbarismus
1715 3912 1717 3924 2

318 3983 372 4044 per
399 3964 596 4026 adiectionem
625 3968 768 4045 temporis
795 3968 826 4027 in
854 3968 952 4046 prima
978 3967 1090 4047 syllaba
1118 3975 1148 4029 et
1176 3987 1231 4048 per
1258 3968 1458 4029 adiectionem
1491 3968 1606 4029 litterae

318 4069 349 4126 in
372 4066 500 4127 secunda
523 4065 646 4145 syllaba.
691 4070 762 4129 item
784 4086 871 4149 apse:
900 4088 967 4130 nam
990 4090 1006 4131 a
1028 4070 1106 4149 quod
1130 4079 1195 4132 erat
1217 4071 1354 4132 ultimum
1376 4078 1638 4133 transmutamusa
1715 4117 1717 4146 ‚

528 4238 618 4245 ......—.-.

387 4340 447 4389 lllt
465 4339 632 4389 Buttmannus
647 4340 679 4389 sit
697 4339 728 4389 M
797 4338 907 4407 tuoni]
925 4351 983 4391 sunt
999 4342 1032 4393 M
1101 4342 1218 4395 illectae
1238 4342 1319 4394 ibiM
1386 4343 1494 4411 iiipsud
1508 4344 1541 4396 M

319 4408 351 4458 13
370 4422 476 4457 casuum
492 4408 655 4460 Batbnaaaas
674 4424 761 4461 casum
780 4410 810 4461 M
870 4411 903 4461 14
921 4427 979 4461 enm
999 4412 1132 4463 eram
1150 4415 1216 4463 enim
1235 4414 1269 4464 M
1336 4413 1369 4466 17
1386 4414 1562 4465 barbaralexin
1576 4414 1605 4463 M

385 4492 415 4526 es
432 4479 496 4527 ratio
514 4488 553 4529 est
570 4489 598 4530 nt
612 4480 723 4531 Clemens
777 4479 808 4531 18
827 4474 1001 4531 barbaralexis
1019 4482 1082 4531 illud
1101 4484 1169 4547 quod
1187 4483 1291 4533 alterius
1310 4484 1421 4535 Cim
1434 4484 1605 4535 barbarolexis

319 4545 381 4595 illud
394 4556 432 4597 est
450 4548 517 4611 quod
539 4547 642 4599 alterius
659 4548 689 4601 M
760 4550 792 4601 19
811 4550 901 4601 relerri
921 4553 1030 4603 Clemens
1048 4552 1144 4603 adferri
1163 4553 1194 4603 M
1263 4553 1297 4603 20
1315 4553 1486 4605 barbarolexis
1503 4554 1538 4604 M

317 4616 349 4667 21
366 4619 484 4679 quoniam
504 4632 554 4668 non
573 4618 624 4669 dici
643 4628 727 4685 potest
746 4618 835 4669 melius
855 4622 932 4672 latine
948 4622 1005 4686 ipso
1025 4636 1139 4676 numero.
1176 4631 1291 4673 remanet
1309 4640 1371 4690 ergo
1389 4634 1418 4673 nt
1434 4625 1467 4678 sit
1483 4625 1604 4675 soloecis-

318 4699 373 4734 mus
392 4687 562 4753 disputatione
587 4689 732 4755 regularum
751 4689 825 4740 habet
844 4692 946 4755 quidem
965 4692 1074 4757 prolatio
1092 4692 1149 4742 talis
1168 4694 1238 4756 quod
1256 4704 1343 4759 peccet
1368 4694 1394 4743 in
1420 4695 1531 4744 numeris
1550 4696 1604 4745 Cle-

317 4770 384 4803 meaa
438 4759 471 4807 25
487 4756 535 4825 sic]
551 4760 572 4807 si
589 4758 623 4807 M
671 4758 859 4827 assuescam]
880 4771 990 4813 strenam
1009 4776 1078 4813 carr.
1093 4764 1205 4818 almon.
1223 4774 1351 4814 strenuam
1367 4764 1399 4813 M
1449 4764 1567 4813 dieantur
1577 4764 1606 4811 M

368 4826 561 4876 bicantiorum
580 4828 613 4878 M
663 4828 834 4879 barbarismus
853 4830 886 4879 M
952 4830 986 4880 32
1005 4832 1080 4898 ipsud
1099 4832 1132 4881 M
1199 4834 1233 4885 35
1250 4850 1313 4900 apsa
1328 4850 1378 4899 pro
1397 4850 1470 4900 eapse
1483 4838 1605 4896 seriptum

314 4903 420 4959 propter
440 4896 606 4961 definitionem
624 4898 775 4949 barbarismi
790 4916 855 4965 paee
872 4904 985 4967 sequitur
1001 4906 1087 4954 errori
1101 4906 1259 4967 gramatici
1272 4904 1426 4955 imbuenda
1439 4904 1537 4954 videtur
