3525 5600
514 415 715 542 EXPERPTA
738 415 941 479 contulisti
962 411 1100 504 ati-43
1387 412 1450 477 645

1260 533 1283 574 p.
1297 523 1385 563 1ct—ct
1399 521 1426 561 V.

162 623 223 665 non
251 623 352 684 posse,
382 605 451 681 quia
480 602 713 679 significationes
741 610 907 683 temporum
936 605 966 662 in
995 600 1136 672 adverbio
1165 619 1224 662 non
1252 600 1287 660 dc
1317 602 1450 662 eiusdem

161 709 229 767 soni
248 706 292 766 rel
308 707 388 765 vocis
403 703 562 764 inflexione
577 709 749 773 nascuntur,
773 705 835 773 sed,
858 711 893 765 ut
914 711 1046 782 tempora
1062 709 1229 771 mutentur,
1253 719 1341 762 voces
1363 705 1451 762 etiam

160 814 384 887 permutantur,
408 824 487 868 nunc
508 805 596 865 modo
618 824 714 886 nuper
735 806 805 868 olim
828 804 939 866 dudum
960 813 1044 866 antea
1067 811 1185 882 postem
1209 807 1240 864 in
1263 805 1378 864 inlinito
1401 823 1450 864 ao·

161 918 222 972 tem
243 929 299 969 vox
321 909 424 969 eadem
445 907 598 988 paululum
619 908 697 968 ilexa
718 916 836 988 tempus
858 908 1013 974 immutat,
1038 904 1172 965 scribere
1195 907 1351 984 scripsisse
1375 907 1451 966 scri-

134 1021 246 1091 aptum
268 1014 331 1080 ire,
358 1010 437 1091 quod
465 1017 512 1070 est
537 1012 692 1089 proprium
720 1008 815 1070 verbi.
859 1008 915 1069 alia
939 1025 1014 1087 quae
1042 1007 1078 1067 de
1101 1007 1156 1067 boc
1179 1007 1265 1068 modo
1288 1015 1451 1069 tractantur

161 1112 426 1192 praetermittenda
448 1113 632 1182 existimavi,
655 1131 693 1172 ne
716 1109 877 1191 superfluis
899 1113 1076 1170 inmorarer.

246 1214 340 1275 Omne
367 1215 515 1274 inlinitum
544 1215 673 1273 activum
700 1215 868 1292 praesentis
890 1213 1035 1292 temporis
1056 1213 1087 1271 in
1110 1230 1126 1270 e
1149 1211 1274 1283 desinit,
1298 1219 1331 1272 ut
1352 1231 1450 1275 amare

161 1335 284 1376 monere
308 1315 411 1376 audire
433 1315 545 1393 legere.
577 1315 654 1376 unde
676 1317 768 1375 etiam
790 1334 805 1375 a
828 1315 867 1374 lio
889 1315 962 1374 liare
984 1331 1049 1374 csse
1073 1313 1214 1385 deberet;
1238 1321 1268 1374 et
1289 1314 1359 1374 licet
1382 1333 1451 1374 usus
1511 1366 1518 1378 .

160 1419 249 1479 aliter
275 1419 441 1498 optinuerit
469 1416 548 1495 (fieri
570 1418 650 1477 enim
671 1435 751 1477 nunc
773 1414 914 1496 dicitur),
943 1413 1057 1475 Ennius
1079 1422 1176 1476 tamen
1199 1417 1230 1476 in
1253 1416 1278 1476 X
1302 1416 1450 1476 annalium

120 1541 147 1577 ιο
161 1522 260 1581 liere
282 1520 371 1587 dixit,
395 1537 453 1578 noo
475 1519 552 1578 lieri.
588 1519 691 1596 regula
715 1525 812 1578 autem
836 1520 894 1577 iam
918 1518 1059 1595 superius
1081 1515 1168 1598 diluta
1190 1525 1251 1577 est:
1274 1535 1341 1578 nam
1364 1536 1450 1577 omne

160 1623 370 1701 imperativum
398 1623 525 1681 activum
554 1620 654 1681 addita
681 1638 714 1679 re
742 1619 856 1699 syllaba
885 1619 918 1679 tit
944 1619 1108 1687 infinitum,
1138 1638 1203 1680 ama
1225 1637 1340 1688 amare,
1364 1639 1450 1680 mone

160 1741 298 1792 monere,
327 1721 397 1782 audi
423 1721 542 1791 audire,
571 1721 637 1799 lege
664 1721 773 1798 legere.
819 1737 905 1780 omne
936 1721 1129 1799 praeteritum
1153 1721 1300 1782 inlinitum
1323 1724 1450 1782 activum
1469 1737 1551 1795 seat

160 1827 192 1884 in
215 1843 247 1884 se
271 1823 413 1904 syllabam
436 1823 561 1893 desinit;
584 1824 731 1883 litantem
746 1841 782 1882 ex
797 1823 960 1902 praeterito
976 1822 1110 1901 perlecto
1132 1822 1292 1882 indicativo
1314 1825 1324 1883 i
1347 1823 1452 1883 ultimo

160 1929 226 1986 eius
248 1926 362 1986 adiecta
384 1944 398 1984 s
420 1924 518 1984 littera
543 1931 573 1985 et
599 1925 754 2004 adsumpta
781 1943 813 1984 se
842 1922 968 2003 syllaba,
993 1926 1075 1984 secui
1097 1925 1243 1993 secuisse,
1267 1925 1367 1984 monui
1390 1943 1451 1984 rno-

119 2049 146 2086 15
159 2030 277 2096 nuissc,
301 2027 398 2088 audiri
423 2027 586 2096 audivisse,
615 2026 674 2104 legi
703 2026 820 2104 legisse.
865 2045 952 2086 omne
974 2027 1107 2087 laturum
1131 2027 1258 2087 activum
1281 2044 1335 2106 per
1358 2029 1451 2086 socie·
1480 2068 1484 2080 .

158 2136 250 2190 tatem
282 2129 435 2209 participii
470 2146 523 2191 seu
555 2128 682 2206 gerundi
710 2127 769 2192 sibi
800 2127 900 2188 addito
929 2130 974 2187 ire
1002 2129 1219 2198 conformatur,
1249 2135 1379 2189 amatum
1406 2130 1451 2186 ire

159 2234 306 2292 monitum
329 2233 374 2291 ire
397 2231 531 2291 auditum
553 2232 598 2290 ire
620 2231 731 2290 lectum
754 2232 809 2290 ire.

245 2333 338 2393 Omne
360 2333 509 2393 inlinitum
531 2335 682 2411 passivum
704 2336 871 2411 praesentis
894 2333 1038 2412 temporis
1060 2337 1099 2391 ex'
1119 2349 1172 2392 suo
1195 2333 1293 2392 reniet
1315 2333 1411 2393 activo
1433 2351 1450 2392 c

159 2437 192 2494 in
216 2437 226 2494 i
249 2441 427 2495 commutata
449 2442 571 2514 praeter
592 2436 713 2494 tertiam
735 2441 913 2514 correptam,
937 2441 970 2494 ut
991 2453 1090 2495 amare
1113 2435 1220 2503 amari,
1244 2451 1365 2493 monere
1388 2452 1449 2494 mo·
1530 2503 1532 2509 Ι

116 2561 145 2598 so
159 2539 245 2606 neri,
269 2536 372 2597 audire
395 2535 500 2597 audiri.
547 2553 581 2596 ea
603 2554 674 2596 aero
696 2553 772 2615 quae
794 2539 901 2597 tertiae
924 2543 993 2596 sunt
1015 2542 1186 2616 correptae,
1210 2535 1359 2614 siquidem
1381 2553 1450 2595 con-

158 2645 314 2699 sonantem
341 2637 501 2699 habuerint
528 2658 546 2698 o
573 2638 709 2698 ultimum
737 2638 981 2717 praecedentem,
1012 2638 1109 2718 ipsum
1138 2639 1208 2696 oin
1232 2639 1242 2696 i
1264 2644 1449 2706 convertunt,

159 2748 193 2801 ot
219 2740 286 2819 lego
313 2740 386 2819 legi,
416 2739 483 2801 dico
510 2740 585 2812 dici;
614 2741 640 2801 si
667 2755 737 2801 vcro
763 2739 909 2811 vocalem,
938 2741 1056 2821 quando
1085 2743 1095 2800 i
1123 2739 1228 2809 luerit,
1252 2757 1269 2797 o
1292 2741 1450 2800 novissima
1503 2721 1512 2740 ’

158 2842 367 2911 subtrahetur,
391 2849 425 2903 ut
444 2846 530 2923 rapio
552 2846 632 2921 rapi,
656 2846 741 2922 capio
763 2845 847 2923 capi;
869 2844 988 2923 quando
1009 2862 1038 2912 u,
1062 2862 1079 2901 o
1102 2842 1197 2903 linaiis
1220 2844 1251 2902 in
1273 2843 1283 2901 i
1307 2842 1449 2902 transier-

160 2954 226 3014 tur,
255 2954 288 3004 ut
315 2962 407 3022 arguo
435 2947 535 3022 argui,
566 2962 639 3004 acuo
666 2947 744 3005 acui.
789 2962 876 3005 omne
906 2947 1101 3023 praeteritum
1128 2946 1278 3005 inlinitum
1300 2947 1450 3023 passivum

118 3070 146 3107 os
160 3065 216 3125 per
237 3049 409 3107 societatem
431 3047 583 3125 participii
598 3046 738 3107 adiuncto
753 3064 818 3107 esse
833 3046 880 3106 vel
903 3047 995 3105 luisse
1017 3045 1109 3106 aerbo
1131 3047 1298 3125 protertur,
1322 3054 1450 3107 amatum

159 3167 226 3209 esse
248 3149 357 3216 luisse,
381 3151 525 3210 monitum
547 3149 742 3218 emeruisse,
766 3148 900 3209 auditum
915 3166 980 3208 esse
995 3148 1104 3217 luisse,
1127 3148 1236 3207 lectum
1259 3166 1324 3207 esse
1346 3150 1448 3208 luisse.

159 3268 247 3310 omne
270 3251 403 3310 loturum
425 3252 573 3311 inlinitum
596 3252 746 3329 passivum
773 3269 828 3330 per
850 3250 975 3311 eandem
997 3250 1147 3329 participii
1170 3250 1232 3309 sive
1254 3251 1381 3327 gerundi
1405 3270 1450 3310 so-

160 3355 300 3412 cietatem
328 3350 444 3411 adiecto
472 3354 511 3413 iri
540 3355 764 3430 pronuntiatur,
793 3360 922 3413 amatum
952 3353 990 3411 iri
1018 3354 1163 3411 monitum
1186 3353 1224 3411 iri
1254 3352 1387 3413 auditum
1410 3354 1449 3411 iri

159 3452 269 3513 lectum
292 3449 370 3533 iri!
1255 3438 1258 3449 ¹

117 3579 145 3616 so
245 3555 343 3615 Latini
365 3555 548 3634 peculiarius
569 3557 694 3617 infinitis
717 3559 781 3617 ini
804 3556 982 3617 exeuntibus
1006 3555 1117 3645 addunt
1139 3574 1172 3615 er
1195 3542 1349 3635 syllabam,
1374 3564 1407 3616 ut
1429 3560 1448 3627 i,
1468 3574 1568 3627 aaran

159 3656 240 3737 quod
262 3656 381 3734 longum
410 3659 522 3728 luerat,
552 3658 642 3719 breve
666 3660 811 3728 efficiant,
835 3668 868 3719 ut
889 3660 1101 3735 ‘accingier
1123 3660 1239 3717 cnse'.
1284 3676 1341 3717 non
1365 3676 1449 3719 num·

159 3778 249 3839 quam
281 3759 398 3819 infinito
430 3778 486 3839 pro
518 3760 679 3822 indicativo
714 3769 854 3822 utuntur:
892 3760 1050 3823 Sallustius
1082 3761 1162 3838 ‘qui
1196 3758 1257 3818 ubi
1291 3762 1448 3838 primum
1502 3802 1505 3809 .

160 3861 339 3930 adolevit,
373 3862 520 3942 pollens
547 3863 713 3932 viribus,
742 3863 876 3924 decora
906 3864 1018 3931 facie,
1048 3880 1119 3921 non
1148 3878 1183 3920 se
1206 3860 1308 3921 luxui
1331 3880 1448 3942 neque

159 3966 328 4023 inertiae
362 3965 675 4044 corrumpendum
708 3965 826 4035 dedit,
860 3963 939 4033 sod,
974 3966 1027 4024 uti
1062 3980 1139 4023 mos
1172 3964 1297 4040 gentis
1326 3962 1448 4033 illius,

117 4068 353 4144 esequitare,
376 4067 551 4136 iaculari,
575 4085 687 4127 cursu
709 4085 788 4127 cum
810 4064 1036 4147 aequalibus
1058 4068 1233 4126 certare'.
1273 4065 1450 4143 aliquotiens

88 4150 93 4159 ’
160 4186 216 4247 pro
232 4170 420 4228 coniunctim
441 4178 572 4247 ponunt:
596 4169 701 4230 Cicero
723 4187 778 4247 pro
793 4168 894 4229 Sextio
917 4169 988 4228 ‘rei
1012 4166 1187 4246 publicae
1211 4166 1376 4244 dignitas
1398 4186 1448 4227 me

160 4270 204 4329 ad
227 4288 264 4329 se
287 4272 387 4348 rapit
409 4277 446 4329 et
467 4270 557 4331 baec
580 4273 726 4331 minora
749 4272 969 4349 relinquere
999 4270 1188 4331 bortatur'
1216 4287 1270 4349 pro
1298 4270 1450 4329 ‘bortatur

161 4380 195 4429 ut
217 4371 410 4450 relinquam',
433 4372 583 4449 Vergilius
605 4374 758 4434 ‘bortor
781 4390 901 4433 amare
924 4374 1045 4432 loeos'
1068 4390 1123 4451 pro
1145 4372 1266 4431 ‘hortor
1282 4374 1449 4466 uttament'.

228 4626 485 4677 2r¹oeesed.Vind.
504 4626 611 4675 niceeB
678 4627 922 4680 liareedfflinci.
992 4622 1156 4690 8et]sedB
1224 4624 1450 4676 accersiantur?

229 4697 260 4744 31
274 4691 411 4759 accingier]
428 4696 506 4759 Verp.
521 4695 588 4746 Aen.
602 4696 647 4743 llll
658 4698 709 4745 493
721 4696 848 4759 accingier
859 4705 920 4753 arte,
935 4710 984 4759 qao
1001 4698 1118 4757 exemplo
1135 4708 1195 4743 rmus
1212 4701 1250 4743 est
1269 4694 1404 4745 Diomedes
1421 4712 1450 4759 p.

158 4764 220 4823 341,
237 4764 276 4815 14,
293 4764 432 4827 aecingitur
449 4766 622 4827 enselept'tor
640 4764 718 4825 Verp.
736 4764 804 4813 Aen.
822 4762 869 4811 Vll
887 4764 937 4811 640
1004 4764 1037 4811 32
1055 4756 1203 4825 Sallustius]
1219 4762 1276 4824 Iup.
1291 4764 1347 4821 ss,1
1417 4766 1450 4813 34

158 4832 272 4879 euertiae
293 4830 318 4879 B
387 4832 419 4881 36
441 4828 528 4881 Cicero
550 4846 595 4897 pro
618 4828 714 4897 Sextio]
736 4833 798 4891 a,‘1
868 4829 998 4894 dignitatis
1018 4829 1042 4878 B
1111 4828 1262 4894 achobor]
1287 4832 1448 4897 Verp.Aen.
