3525 5600
377 368 439 432 612
934 371 1115 434 uacuum!

403 492 424 531 p.
438 481 496 520 aare
511 481 536 520 ιε
550 479 574 519 r.

271 567 321 618 148
333 567 363 617 v.
377 561 466 620 tertia
493 561 529 621 ad
557 560 716 620 secundam
742 559 889 639 loquitur;
919 567 985 639 apte
1013 579 1130 640 quoque
1153 579 1169 620 a
1191 557 1334 636 singulari
1357 575 1494 626 numero,
1522 553 1577 617 καί
1595 552 1648 636 γὰρ

377 661 442 734 πᾶς
468 648 610 743 ἀριθμὸς
639 657 676 722 ἐκ
703 656 863 741 μονάδων
885 657 1057 740 σύγκειται
1078 655 1101 744 ή
1124 659 1161 724 ἐκ
1184 655 1329 742 μονάδος
1351 654 1546 739 κατάγεται,
1572 667 1600 720 et
1627 664 1649 724 si

302 787 306 796 ¹
377 767 474 826 omnis
494 763 652 825 multitudo
674 772 847 825 constater
869 764 1004 843 singulis,
1033 775 1114 826 recto
1143 772 1189 824 est
1210 764 1371 844 praemissa
1394 763 1491 823 unitas
1512 769 1543 822 et
1563 771 1650 822 secuta

377 866 569 947 populositas.
614 868 691 926 iuste
719 868 808 927 etiam
836 885 852 927 a
880 870 1045 946 praesenti:
1080 887 1115 928 ex
1138 869 1261 928 instanti
1283 867 1363 926 enim
1386 871 1519 942 ternpore
1541 873 1651 942 possim

376 968 491 1048 reliqua
519 970 667 1046 cognosci,
690 986 749 1028 non
772 970 887 1030 instans
908 969 1064 1050 apparebit
1085 989 1122 1030 ex
1145 969 1283 1048 reliquis,
1313 967 1460 1048 siquidem
1485 957 1564 1045 [ἀπό
1585 960 1671 1045 corda

378 1067 478 1148 λείβω
501 1068 623 1149 λείβεις
645 1075 737 1131 ποιεῖ
755 1061 914 1150 ἀόριστον
934 1069 1060 1150 ἔλειψα,
1083 1065 1249 1152 μέλλοντα
1272 1067 1391 1148 λείψω,
1424 1071 1497 1130 item
1519 1054 1653 1128 ἀπὸτοῦ

377 1171 481 1232 λείπω
504 1173 537 1232 lit
558 1164 714 1250 ἀόριστος
735 1170 851 1245 ἔλειψα
873 1169 930 1234 καὶ
946 1169 1079 1254 μέλλων
1094 1171 1208 1247 λείψω.
1238 1191 1305 1233 cum
1321 1189 1393 1250 ergo
1408 1170 1475 1231 dico
1490 1168 1536 1230 rel
1550 1167 1653 1243 ἕλειψα

376 1273 422 1334 νεῖ
445 1272 567 1353 λείψω,
589 1275 668 1354 quod
690 1293 757 1335 esse
779 1276 868 1338 velim
889 1276 979 1338 huius
1001 1295 1144 1357 praesens
1166 1273 1250 1336 verbi
1273 1281 1402 1354 tempus,
1437 1275 1585 1334 incertum
1602 1281 1653 1342 σου

378 1394 446 1436 cum
469 1385 568 1436 autem
583 1377 651 1436 dico
673 1375 777 1437 λείπω
799 1385 851 1439 aut
866 1377 981 1458 λείβω,
1005 1379 1041 1439 de
1063 1379 1187 1458 reliquis
1210 1379 1276 1438 eius
1297 1374 1483 1456 temporhhus
1504 1393 1589 1435 nemo
1610 1375 1653 1434 du·

377 1478 461 1539 bitat.
505 1471 655 1559 ήρχόμην
677 1480 875 1558 inperfectum
897 1488 1013 1562 tempus
1035 1489 1080 1542 est
1103 1501 1119 1542 a
1142 1483 1292 1560 praesenti
1313 1477 1463 1559 ἔρχομαι,
1491 1476 1622 1538 similiter
1640 1491 1683 1536 au

378 1583 528 1660 praesenti
550 1574 704 1661 ἄρχομαι.
750 1601 817 1644 cum
844 1601 917 1662 ergo
944 1583 1011 1644 dico
1032 1575 1201 1664 ἠρχόμην,
1224 1584 1371 1642 incertum
1393 1581 1540 1659 relinquo,
1567 1587 1654 1639 riuum

378 1683 532 1744 veniebam
558 1701 595 1744 an
622 1684 803 1765 incipiebam
832 1685 967 1764 intellegi
996 1685 1099 1755 velim,
1123 1692 1153 1745 et
1175 1684 1242 1745 ideo
1266 1677 1409 1755 decernis
1436 1684 1501 1743 eius
1524 1684 1555 1742 in
1577 1680 1655 1742 dubio

358 1792 433 1857 est,
456 1783 593 1867 ἔρχομαι
615 1788 713 1848 sitan
735 1779 893 1867 ἀρχομαιε
917 1806 984 1848 cum
1006 1805 1078 1848 vero
1099 1787 1166 1848 dico
1188 1781 1331 1866 ἄρχομαι
1353 1792 1404 1846 aut
1421 1782 1571 1864 ἔρχομαι,
1593 1783 1656 1844 nihil

378 1889 414 1949 de
444 1890 609 1969 inperlecto
635 1887 831 1950 dubitabitur.
876 1891 1117 1968 coniugatiouum
1145 1907 1262 1969 quoque
1291 1887 1479 1948 diversitates
1508 1889 1540 1946 in
1561 1904 1656 1964 graeco

378 1991 528 2070 latinoque
556 1991 647 2051 verbo
674 2009 817 2070 praesens
842 1992 929 2062 lacit,
964 1998 1070 2064 ποιεῖς
1094 1991 1191 2073 τιμᾷς
1218 1995 1410 2069 στεφανοῖς;
1445 2008 1504 2049 non
1532 1991 1588 2050 nisi
1619 1991 1682 2047 inu

379 2095 485 2153 stantis
507 2093 637 2154 sectanda
659 2111 786 2174 persona
808 2093 968 2164 discernit;
992 2101 1124 2155 ceterum
1147 2098 1178 2154 in
1201 2091 1367 2173 cenodoxa
1388 2099 1418 2152 et
1439 2089 1614 2172 τετίμηιια,
1633 2093 1657 2150 in

378 2189 507 2275 ποιήσω
530 2201 560 2254 et
581 2191 725 2276 τιμήσω,
747 2199 819 2257 item
842 2199 874 2256 in
898 2191 1037 2257 ἐποίουν
1059 2204 1089 2256 et
1119 2184 1287 2275 ἐχρόσουν
1312 2193 1391 2255 nulla
1420 2193 1574 2254 discretio.
1615 2192 1658 2252 sed

379 2303 409 2356 et
430 2299 461 2357 in
483 2293 685 2377 βαρυτόνοις
705 2295 819 2359 τύπτω
842 2301 955 2378 primae
979 2317 1044 2360 esse
1067 2298 1284 2375 coniugationis
1301 2296 1415 2358 iaciunt
1430 2313 1455 2355 π
1470 2291 1528 2356 καὶ
1543 2313 1573 2374 τ,
1595 2313 1657 2374 quae

379 2401 410 2460 in
433 2401 600 2479 praesentis
620 2401 717 2479 prima
740 2420 866 2481 persona
890 2421 916 2462 ω
939 2400 1066 2462 litteram
1090 2399 1277 2468 antecedunt,
1299 2417 1374 2477 quae
1397 2400 1482 2475 signa
1498 2399 1606 2460 desunt
1618 2405 1641 2455 et

379 2503 410 2562 in
432 2495 560 2581 ιὲτυφα
582 2504 664 2562 etin
687 2501 793 2577 ἔτυψα
815 2512 845 2564 et
868 2505 899 2563 in
920 2497 1025 2578 τόψω.
1055 2497 1140 2580 λέγω
1161 2508 1284 2581 propter
1305 2501 1490 2580 ysecundae
1513 2509 1570 2568 est,
1591 2498 1688 2578 quode

380 2605 498 2680 signum
525 2603 637 2664 babere
666 2605 776 2665 desinit
798 2607 828 2667 iu
852 2599 971 2685 λέλεχα
992 2597 1087 2678 ἔλεξα
1109 2598 1207 2676 λέξωε
1241 2605 1285 2664 sic
1318 2605 1346 2663 in
1381 2602 1509 2682 reliquis
1531 2604 1658 2677 coniuga-

380 2704 522 2766 tionibus.
566 2724 708 2786 praesens
735 2714 851 2788 tempus
879 2707 1010 2769 ostendit
1037 2713 1067 2766 et
1094 2723 1204 2784 genera
1228 2705 1396 2766 verborum.
1441 2723 1510 2764 nam
1544 2705 1659 2764 activum

379 2815 430 2869 aut
451 2816 589 2869 neutrum
611 2809 742 2870 Graecus
762 2809 923 2889 intellegit,
952 2814 977 2871 si
1007 2812 1037 2872 in
1066 2828 1092 2869 ω
1119 2826 1261 2889 praesens
1287 2808 1412 2877 desinat,
1441 2808 1591 2886 passivum
1622 2804 1659 2864 cel

275 2918 534 2972 150V.communc
561 2906 666 2991 ethis
691 2912 815 2982 similia,
845 2915 871 2974 si
900 2914 929 2974 in
957 2932 1026 2994 μαι.
1071 2910 1240 2972 declinandi
1268 2918 1366 2971 autem
1389 2908 1474 2970 verbi
1496 2910 1591 2969 series
1611 2924 1659 2965 non

379 3014 438 3073 nisi
459 3031 527 3073 cum
548 3011 585 3073 de
607 3014 703 3074 modis
725 3022 868 3076 tractatur
891 3022 1022 3095 apparet.
1056 3014 1126 3075 lrinc
1148 3013 1253 3075 modus
1274 3012 1349 3094 apud
1374 3010 1504 3073 Graecos
1527 3008 1688 3091 Eruimus*

380 3122 577 3194 nuncupatur,
602 3115 631 3175 id
654 3123 699 3176 ost
722 3111 760 3178 ἐν
782 3102 810 3197 ᾧ
830 3109 851 3197 ή
873 3116 991 3190 κλίσις.

463 3216 506 3277 lle
529 3216 725 3279 declinatione
747 3219 910 3280 indicativi.
955 3238 1041 3280 omne
1070 3218 1148 3298 apud
1170 3218 1299 3279 Graecos
1319 3216 1444 3277 verbum
1478 3214 1660 3275 indicatitum

379 3321 410 3379 in
434 3338 460 3379 ω
483 3319 636 3389 desinens,
665 3338 719 3381 sen
742 3320 903 3401 barytonon
932 3340 987 3382 seu
1009 3322 1248 3401 porispomenum
1272 3322 1325 3387 sit,
1355 3338 1407 3380 seu
1430 3319 1596 3398 praesentis
1616 3333 1660 3375 seu

380 3422 484 3490 luturi,
507 3423 587 3481 omni
608 3422 695 3482 niodo
718 3424 749 3483 in
771 3423 918 3484 secundae
941 3442 1085 3503 personae
1108 3424 1165 3483 fine
1182 3422 1395 3502 diphthongum
1418 3420 1529 3481 habeat
1550 3438 1660 3480 necesse

381 3531 435 3592 est,
459 3523 489 3583 id
513 3531 558 3584 est
580 3520 661 3585 ἰῶτα
683 3524 728 3586 vel
751 3542 818 3585 cum
843 3544 870 3603 ε,
893 3532 926 3585 ut
948 3531 1066 3604 ποιεῖς,
1089 3523 1134 3584 vel
1158 3542 1225 3584 cum
1247 3542 1280 3603 α,
1304 3532 1335 3583 ut
1356 3523 1465 3604 τιμᾷς,
1489 3522 1536 3583 rel
1557 3540 1622 3581 cunr
1636 3539 1685 3593 aa

381 3632 414 3685 ut
436 3622 564 3705 όηλοῖς;
587 3628 619 3685 in
641 3628 721 3687 omni
745 3635 843 3687 autern
864 3628 966 3688 lutura
989 3645 1057 3687 cum
1080 3643 1107 3704 ε,
1130 3632 1163 3686 ut
1184 3620 1317 3707 νοήσεις
1336 3620 1472 3705 βοήσεις
1488 3618 1661 3705 χρυσείους

381 3721 484 3801 λέξεις
504 3723 631 3801 τόψεις.
675 3730 746 3789 item
768 3730 799 3789 in
821 3732 902 3791 omni
924 3747 1031 3809 graeco
1055 3727 1145 3788 verbo
1167 3730 1251 3789 cuius
1274 3729 1369 3808 prima
1391 3729 1502 3806 positio
1525 3728 1555 3787 in
1579 3744 1605 3785 ω
1618 3723 1659 3782 de

381 3829 452 3889 sinit
478 3829 607 3889 secunda
633 3848 760 3909 persona
788 3834 896 3892 amisso
925 3829 1026 3911 σίγμα
1052 3832 1172 3893 tertiam
1200 3832 1281 3892 lacit.
1324 3847 1410 3889 omne
1433 3827 1557 3889 verbum
1592 3830 1659 3885 ino

381 3931 520 3993 desinens
545 3934 757 4013 cuiuscumque
785 3935 1004 4011 coniugationis
1032 3942 1063 3995 et
1095 3933 1239 4012 temporis
1266 3928 1488 4009 denuntiabat
1511 3932 1543 3989 in
1574 3929 1658 4007 prima

380 4032 509 4093 secunda
538 4040 568 4093 et
590 4036 678 4095 tertia
699 4052 842 4114 persona,
872 4034 959 4096 ποιῶ
981 4041 1086 4109 ποιεῖς
1108 4040 1211 4111 ποιεῖ,
1236 4028 1303 4111 doci
1325 4028 1405 4112 ἐρᾷς
1428 4028 1501 4113 ε’ρςί,
1534 4024 1689 4109 ἀργυρεῖα

380 4127 541 4215 ἀργυροῖς
561 4128 715 4216 ἀργυροῖ,
738 4132 824 4215 λέγω
846 4131 953 4215 λέγεις
976 4132 1075 4215 λέγει,
1098 4132 1180 4211 λίξω
1203 4130 1306 4209 λε’ξεις
1327 4129 1430 4212 λε’ξει,
1456 4129 1569 4213 νοήσω
1590 4124 1660 4209 νοή-

381 4250 451 4309 σεις
471 4232 596 4317 νοήσει.
635 4240 667 4299 in
689 4238 789 4300 verbis
812 4242 843 4301 in
866 4258 893 4300 ω
915 4237 1122 4301 desinentibus
1144 4240 1242 4319 prima
1264 4236 1387 4317 pluralis
1410 4256 1426 4296 a
1449 4238 1546 4315 prima
1568 4230 1660 4309 singu·

382 4339 501 4409 laridi,
524 4358 650 4419 operose
672 4347 770 4401 tamen
793 4360 827 4403 ac
849 4344 941 4403 varie.
986 4345 1017 4403 in
1040 4342 1189 4421 praesenti
1212 4342 1292 4401 enim
1314 4346 1448 4418 tempore
1470 4356 1534 4417 μεν
1559 4332 1661 4415 syllaba

381 4459 499 4522 semper
526 4442 672 4513 adicitur;
703 4444 756 4504 sed
783 4444 870 4505 modo
898 4444 972 4506 nihil
1001 4442 1119 4505 additur
1141 4443 1187 4504 vel
1208 4448 1405 4523 permutatur,
1434 4448 1467 4501 ut
1488 4442 1520 4500 in
1541 4436 1661 4499 monada

449 4732 463 4780 1
476 4728 526 4782 nal
538 4723 603 4813 peip]
618 4748 643 4784 ει
655 4748 711 4811 ppo
722 4718 775 4797 Ρή
788 4726 842 4799 γάρ
854 4734 936 4783 Ianua
1003 4735 1018 4782 2
1038 4720 1056 4797 ή
1068 4723 1098 4783 ἐκ
1111 4724 1238 4796 μονάδος
1250 4726 1405 4799 κατάγεται
1417 4730 1498 4781 Inuus
1508 4724 1661 4794 ηρματαῦκ

380 4814 536 4862 παταγεται
548 4800 573 4849 P
583 4816 601 4866 η
613 4817 704 4868 μονοις
716 4800 891 4867 καθηγεῖται
907 4804 1015 4852 contem
1027 4800 1176 4865 Opaopoeur
1243 4802 1260 4850 4
1271 4796 1441 4867 populositas]
1457 4800 1569 4861 sortasse
1583 4794 1659 4863 plura·

381 4866 439 4921 litua
507 4868 577 4924 26id
590 4878 629 4919 eat
641 4884 717 4921 τνωι
731 4871 836 4931 anianae
848 4872 874 4920 P
939 4872 970 4921 31
985 4868 1115 4932 δελοχςΡ
1182 4869 1214 4919 ³8
1231 4868 1326 4935 μηνΡ
