3525 5600
355 410 418 476 488
481 397 485 416 ‘
904 415 1087 477 svuscurs

381 533 402 574 p.
416 523 454 562 ree
467 520 488 561 1.
1500 535 1523 576 ρ.
1536 525 1603 568 nor.

355 602 414 661 rito
435 601 584 680 perlecto,
612 600 690 680 quod
719 607 764 660 est
793 597 911 680 [sedeo]
936 600 999 662 sedi
1022 601 1167 681 producta
1188 602 1383 681 paenultima,
1407 621 1516 663 nomen
1537 604 1621 666 iecisse
1708 608 1709 611 ’

355 701 441 764 haec·
455 702 541 762 sedes
570 702 672 762 eadem
701 702 784 764 verbi
806 702 991 780 longitudine
1014 705 1104 765 etiam
1126 706 1158 764 in
1180 707 1301 765 nomine
1324 711 1450 764 servata.
1495 713 1529 765 ut
1547 705 1621 768 abeo

355 803 433 883 quod
460 812 505 864 est
532 821 637 884 rumpo
664 807 732 884 rupi
761 822 866 883 rupes,
895 812 997 864 sterno
1024 807 1115 865 stravi
1144 812 1274 884 strages,
1304 807 1348 865 sic
1376 824 1393 865 a
1415 808 1536 867 nomine
1555 809 1620 870 sedes

355 905 519 966 derivatum
546 903 669 966 verbum
697 906 846 984 generalis
875 905 978 984 regula
1011 907 1166 967 nominum
1191 909 1258 968 iure
1291 909 1406 987 primae
1439 910 1619 986 coniugationi

354 1007 471 1069 dedisse
499 1006 660 1068 verborum
687 1007 820 1077 videtur,
850 1007 921 1067 sedo
949 1007 1044 1068 sedas.
1088 1027 1105 1068 a
1135 1011 1255 1070 nomine
1282 1028 1401 1090 quoque
1426 1010 1537 1090 plurali
1559 1014 1636 1090 quode

354 1118 399 1170 est
427 1109 482 1172 hae
510 1109 614 1170 sordes
643 1110 750 1170 sordeo
778 1109 881 1170 sordes
910 1109 1057 1171 secundae
1085 1112 1302 1188 coniugatiouis
1325 1109 1451 1171 verbum
1473 1110 1619 1183 deductum,

353 1229 420 1272 eum
441 1212 563 1272 lecisset
590 1229 626 1272 ex
654 1230 686 1272 se
709 1229 816 1273 nomen
839 1209 949 1272 mobile
971 1211 1124 1282 sordidus,
1155 1210 1192 1272 ab
1214 1230 1251 1272 eo
1272 1211 1395 1274 verbum
1419 1212 1554 1274 derivans
1571 1233 1619 1274 sor·

352 1313 422 1374 dido
444 1313 580 1375 sordidas
607 1316 714 1374 merito
736 1315 852 1393 primae
882 1312 965 1374 dedit
985 1312 1058 1374 illud
1081 1311 1241 1374 verborum
1262 1307 1477 1392 coniugationi.
1519 1315 1553 1376 dc
1571 1337 1619 1378 no

352 1414 503 1495 nosyllabo
530 1422 629 1476 autem
658 1415 762 1485 verbo,
791 1414 870 1496 quod
898 1423 943 1475 est
969 1416 1085 1495 primae
1114 1423 1234 1494 praeter
1256 1415 1390 1494 regulam
1412 1418 1618 1494 coniugationis,
1708 1398 1709 1401 Ἴ

352 1517 390 1578 do
417 1518 469 1579 das
497 1517 561 1587 dat,
595 1525 626 1578 et
653 1515 919 1597 compositionibus
951 1519 1016 1577 eius
1048 1516 1268 1578 rationabiliter
1301 1536 1360 1578 nou
1388 1518 1645 1598 respondentibusn

352 1622 504 1700 primitivo
520 1621 558 1698 ¹in
582 1637 672 1699 supra
695 1620 783 1681 dictis
805 1618 923 1681 abunde
946 1636 1015 1678 reor
1036 1636 1102 1679 esse
1123 1626 1331 1680 monstratum.

438 1719 558 1802 [Omnia
580 1721 757 1801 deponentia
779 1721 825 1782 vel
847 1721 1015 1780 communia
1040 1728 1221 1782 consonante
1250 1721 1447 1783 antecedente
1468 1739 1502 1786 or
1522 1725 1619 1802 prinae

350 1831 421 1886 sunt
448 1825 682 1900 coniugationis.
710 1831 744 1884 ut
771 1824 908 1902 suspicor
936 1822 1065 1903 praedor
1092 1823 1216 1901 indagor
1239 1824 1322 1903 palor
1343 1825 1438 1884 rimor
1459 1828 1561 1903 opinor
1578 1845 1618 1886 au·

350 1945 444 2007 cupor
471 1943 565 2007 aquor
593 1943 694 1987 moror
721 1925 862 1987 adversor
888 1931 1006 1985 scrutor
1033 1926 1172 1985 convivor
1200 1925 1366 2005 amplexor,
1401 1928 1532 2007 exceptis
1555 1927 1620 1988 llllll
1708 1926 1709 1979 ἶ

350 2030 456 2089 tertiae
479 2029 710 2105 commeationis
739 2026 824 2088 labor
850 2027 959 2106 fungor
985 2045 1095 2106 sequor
1122 2027 1220 2107 liquor
1246 2027 1352 2108 loquor
1381 2046 1491 2108 queror
1519 2037 1646 2092 erectore
1708 2064 1709 2113 1

348 2137 416 2190 utor
443 2131 536 2200 nitor,
567 2136 597 2190 et
625 2129 684 2190 illis
712 2131 843 2209 exceptis
874 2147 950 2208 quae
978 2136 1046 2188 ante
1073 2147 1125 2190 cor
1154 2147 1187 2190 as
1214 2130 1259 2190 vel
1282 2147 1314 2190 es
1335 2130 1381 2190 vel
1409 2132 1436 2192 is
1457 2117 1574 2200 babent,
1593 2140 1618 2191 ut
1708 2116 1709 2207 1

350 2234 463 2293 irascor
489 2249 595 2292 nascor
623 2249 726 2292 vescor
753 2233 889 2311 paciscor
918 2232 1089 2300 nanciscor,
1118 2238 1148 2290 et
1169 2231 1314 2311 quidquid
1337 2231 1436 2292 simile
1458 2235 1618 2302 inveniatur,

349 2353 424 2414 quae
447 2336 512 2395 iure
535 2335 642 2395 tertiae
665 2341 748 2404 sunt,
771 2335 841 2414 quia
864 2331 938 2393 haec
958 2334 1069 2402 torma,
1091 2332 1123 2392 id
1145 2340 1192 2394 est
1213 2335 1245 2394 in
1266 2351 1318 2394 sco
1339 2334 1493 2406 desinens,
1516 2337 1618 2411 tertiam
1708 2350 1710 2389 1

350 2438 588 2514 coniugationem
610 2435 740 2496 vindicat
761 2432 846 2516 sibi]

897 2723 1079 2786 munem
1625 2727 1645 2765 n
1708 2807 1709 2810 Ν

453 2846 465 2908 l
494 2846 536 2907 De
559 2843 819 2923 coniugationibus
835 2845 1018 2906 Graecorum
1032 2852 1063 2904 et
1078 2843 1275 2905 dissimilibus
1296 2864 1331 2906 ae
1353 2844 1501 2906 similibus
1522 2845 1619 2927 regitis

502 2966 606 3009 eorum
627 2966 662 3008 ac
683 2946 856 3009 Latinorum
878 2954 909 3007 et
930 2948 1101 3024 cognitione
1123 2948 1367 3025 coniugationum
1389 2966 1426 3008 ex
1447 2950 1541 3027 prima
1559 2966 1618 3028 per·

499 3068 571 3111 sona
594 3057 624 3109 et
645 3049 788 3111 anomalis
810 3049 911 3111 verbis
929 3045 1002 3119 447,
1028 3044 1066 3109 l'l

439 3152 466 3214 ll
495 3151 537 3213 De
565 3158 704 3231 quattuor
732 3152 836 3212 formis
863 3149 1023 3211 verborum
1054 3157 1085 3211 et
1111 3150 1148 3211 de
1176 3149 1275 3212 verbis
1302 3168 1379 3231 quae
1401 3170 1419 3211 e
1445 3151 1490 3212 rel
1511 3169 1530 3212 u
1551 3152 1618 3211 reli

499 3253 546 3315 vel
568 3261 780 3315 consonantem
802 3260 869 3313 ante
892 3272 911 3312 o
932 3253 979 3314 vel
1000 3270 1034 3313 or
1056 3248 1261 3323 baben1448,
1283 3248 1327 3313 24
1625 3271 1645 3311 s

428 3356 469 3420 lll
498 3356 540 3417 De
568 3355 759 3435 generalibus
787 3354 1050 3417 terminationibus
1071 3356 1224 3415 nominum
1245 3354 1476 3416 derivativorum
1497 3374 1514 3415 a
1533 3357 1617 3435 prim
1708 3349 1709 3364 ²

497 3477 625 3539 persona
646 3458 815 3537 praesentis
837 3460 980 3536 temporis
1002 3455 1162 3517 verborum
1182 3453 1255 3527 451,
1276 3453 1318 3517 31
1708 3527 1709 3530 Ἴ

413 3562 467 3622 1111
496 3560 539 3621 lle
560 3559 740 3639 specialibus
760 3558 1022 3620 terminationibus
1042 3557 1079 3618 ab
1095 3559 1199 3619 eadem
1213 3560 1330 3635 origine
1345 3558 1488 3619 derivatis
1499 3555 1569 3628 461,
1583 3553 1617 3617 13
1708 3545 1709 3584 ³

443 3664 466 3723 V
496 3663 538 3724 De
566 3660 756 3740 generalibus
784 3658 1046 3721 terminationibus
1072 3680 1089 3721 a
1117 3664 1280 3741 praeterito
1307 3663 1444 3741 perlecto
1465 3662 1508 3721 vel
1529 3662 1617 3720 verius

496 3764 533 3825 ab
556 3765 702 3824 infinitivo
723 3765 824 3825 luturo
845 3760 919 3834 455,
943 3760 983 3825 13
1625 3776 1646 3814 θ)

429 3867 467 3929 Vl
495 3866 536 3927 De
560 3864 660 3926 serbis
681 3866 822 3927 derivatis
843 3886 860 3927 a
882 3864 1052 3926 nominibus
1071 3862 1145 3935 456,
1167 3862 1210 3927 36

416 3968 467 4030 vll
496 3969 538 4030 Do
561 3967 731 4029 nominibus
753 3970 862 4029 iterum
885 3968 1025 4029 derivatis
1048 3986 1064 4027 a
1087 3965 1186 4028 verbis
1206 3963 1279 4037 459,
1304 3964 1344 4028 16

400 4070 465 4132 11111
496 4071 537 4132 lic
560 4070 660 4131 verbis
681 4087 800 4131 rursum
823 4070 965 4131 derivatis
988 4088 1004 4129 a
1026 4068 1197 4130 nominibus
1216 4064 1290 4138 460,
1312 4064 1354 4127 26

385 4173 464 4233 Vllll
494 4171 535 4233 De
548 4172 648 4232 vorbis
660 4172 803 4233 derivatis
814 4172 850 4231 ab
864 4169 1015 4232 adverbiis
1025 4190 1078 4231 seu
1089 4190 1105 4232 a
1118 4171 1218 4233 verbis
1229 4173 1291 4232 sire
1304 4190 1321 4231 a
1332 4164 1616 4238 nominibus461,18

436 4274 463 4335 ll
491 4274 705 4353 Recapittdatio
723 4270 796 4345 462,
821 4270 858 4335 l'l

411 4484 429 4532 4
446 4480 560 4547 generali
579 4480 635 4531 BP
703 4479 889 4545 coniugationip
905 4478 1009 4529 dedisse
1026 4479 1161 4529 uerborum
1179 4478 1280 4528 uidetur
1292 4478 1318 4528 P
1334 4479 1505 4545 coniugationi
1523 4476 1615 4527 dedisse
1708 4525 1709 4532 ,

294 4598 296 4605 .
341 4552 477 4603 uerborum
496 4550 522 4600 B
543 4550 718 4615 coniugationi
736 4566 764 4600 se
785 4548 854 4599 dedit
875 4549 1042 4611 uerborums
1107 4549 1205 4599 bsedo
1224 4548 1300 4598 sedas
1315 4562 1362 4597 our.
1379 4548 1406 4598 B
1472 4547 1615 4610 buoninga-

341 4622 419 4672 tlouis
435 4636 505 4672 corr.
522 4622 561 4669 -ni
577 4622 603 4669 P
652 4619 669 4670 u
687 4628 779 4683 sutem,
796 4619 1010 4684 superstruemus
1024 4620 1050 4669 B
1067 4620 1135 4667 enim
1150 4618 1175 4667 P
1224 4629 1329 4683 propter
1344 4632 1415 4671 corr.
1430 4621 1465 4672 al.
1477 4635 1505 4666 ιι
1523 4625 1615 4682 praeter

341 4693 367 4743 P
436 4692 466 4743 ll
484 4698 658 4745 monstratum,
683 4690 731 4741 deo
749 4690 845 4757 gratiss
863 4689 969 4755 explicit
985 4688 1093 4738 feliciter
1109 4704 1152 4738 urs
1172 4689 1265 4751 erttycii
1284 4688 1309 4737 B
1325 4699 1489 4740 monstratum
1507 4698 1614 4736 mecon

342 4776 389 4812 aas
412 4776 510 4812 sericis
535 4774 692 4812 onsuuarrcr
711 4760 736 4823 f.
761 4776 793 4812 ea
813 4774 879 4824 paee
902 4764 1039 4823 sequentur
1061 4760 1086 4807 in
1103 4759 1160 4809 BP
1175 4760 1207 4807 de
1229 4758 1409 4822 deponendbus
1425 4768 1450 4809 et
1464 4754 1615 4808 mnibus

342 4831 424 4882 uerbis
437 4846 472 4880 ecc
485 4834 572 4896 priore
586 4831 650 4882 libro
662 4846 688 4891 p.
701 4830 761 4894 465,
775 4830 809 4880 36
820 4846 875 4895 sqq.
887 4832 996 4893 repetita
1006 4836 1064 4879 aunt
1119 4831 1150 4879 ta
1165 4830 1281 4893 suspicor
1290 4825 1474 4895 -amplexor]
1486 4829 1562 4877 miror
1573 4824 1614 4872 ad·
1708 4853 1710 4873 .

343 4915 431 4951 uersor
446 4915 530 4950 moror
547 4916 629 4965 ringor
647 4898 670 4948 B
729 4900 809 4964 pallor
829 4900 852 4947 l'
919 4898 953 4949 '20
969 4900 1081 4962 capitula
1098 4916 1134 4948 ex
1153 4900 1238 4949 codiee
1257 4900 1378 4949 Parisino
1397 4898 1464 4950 7499
1479 4897 1546 4947 edita
1562 4899 1614 4945 sul
