3525 5600
357 435 419 500 148
924 438 1077 501 romuli

380 558 402 599 p.
417 547 506 586 ειε-ιε
520 545 541 586 ι
1121 575 1123 586 ,

355 644 411 705 qua
434 645 466 688 re
489 629 529 686 ita
549 627 700 687 lecerunt?
722 625 799 706 apud
823 644 928 686 omnes
943 633 1065 694 constat,
1089 627 1140 702 qui
1162 627 1347 704 seripserunt
1368 625 1404 686 de
1428 623 1547 703 regulis,
1571 628 1636 705 quia
1722 665 1723 670 κ

354 726 444 789 debet
471 745 577 789 nomen
606 727 663 789 hoe
691 728 913 807 provincialium
938 729 1035 788 minus
1058 745 1121 788 esse
1143 724 1262 805 syllabis
1284 747 1300 789 a
1322 730 1443 790 nomine
1465 729 1640 808 provinciae.
1722 807 1723 810 Ἴ

354 838 423 909 puta
445 831 516 892 hier
544 829 619 892 duae
648 830 778 910 syllabae
801 837 885 900 sunt,
909 831 1005 891 lirion
1028 837 1089 890 tres
1111 838 1193 896 sunt:
1222 828 1311 891 ltalus
1332 838 1394 890 tres
1416 829 1546 909 syllabae
1568 839 1641 898 sunt,

357 932 436 992 ltalia
452 939 591 1012 quattuor
612 943 696 1000 sunt:
721 931 824 994 Gallus
839 933 1155 1008 nonantulanorum,
1174 933 1274 992 Gallio
1288 940 1350 993 tres
1363 940 1441 994 mot.
1465 933 1641 992 contrarium
1722 915 1723 918 ¹

353 1041 398 1094 εει
413 1042 445 1094 ει
459 1049 568 1095 εεειεε
584 1033 777 1096 derivativum
792 1037 890 1096 minus
905 1036 942 1095 sit
957 1033 1076 1114 syllabis
1091 1052 1107 1094 a
1123 1033 1288 1112 principali.
1318 1034 1369 1094 εει
1393 1033 1466 1094 dieis
1489 1031 1555 1104 boo,
1578 1035 1666 1113 quino
1722 1051 1723 1096 ὲ

351 1135 495 1196 ‹lerivatlo
518 1146 565 1198 est
587 1137 624 1198 ab
646 1145 777 1199 auctore.
821 1155 890 1200 nam
913 1136 970 1198 hoo
993 1136 1072 1216 quod
1095 1137 1134 1196 ita
1158 1123 1264 1197 dicitnr
1287 1153 1341 1214 ego
1364 1135 1430 1198 diuo
1454 1134 1642 1196 de'rirativum
1722 1155 1723 1158 ¹

351 1256 417 1299 esse
444 1238 482 1299 ab
510 1241 576 1318 ipso
603 1247 733 1302 auctore.
778 1257 846 1302 nam
874 1257 935 1300 non
964 1238 1001 1299 de
1023 1239 1144 1300 nomine
1165 1239 1334 1318 provinciae
1357 1236 1524 1317 appellatur
1545 1236 1642 1304 homo,
1722 1227 1723 1274 3

349 1339 402 1401 sed
429 1342 492 1420 ipsa
520 1342 671 1421 provincia
699 1341 737 1402 de
764 1343 885 1404 nomine
907 1341 1035 1402 hominis
1058 1339 1235 1420 appellatur,
1268 1349 1300 1400 ut
1323 1339 1455 1400 videatur
1478 1357 1543 1399 esse
1565 1338 1643 1398 oleri·

350 1443 435 1502 ratio.
482 1459 553 1520 ergo
580 1444 636 1504 iata
663 1451 732 1505 sunt
758 1445 855 1522 gentis
882 1444 1012 1504 nomina.
1056 1441 1171 1503 aceedit
1193 1443 1280 1502 etiam
1310 1443 1437 1521 patriae,
1463 1446 1496 1504 ut
1516 1443 1542 1500 si
1564 1441 1644 1502 dieas

349 1545 501 1606 Romanus
522 1544 692 1606 Thebanus.
723 1545 837 1606 accedit
858 1547 946 1606 etiam
970 1547 1098 1620 numeri,
1124 1553 1247 1624 utputa
1271 1545 1409 1627 quinique
1433 1542 1536 1604 deoem
1560 1549 1642 1603 ooto:
1657 1562 1678 1596 n

350 1647 470 1706 nomina
493 1653 561 1706 sont
583 1663 787 1708 numerorum.
828 1647 943 1707 accedit
965 1648 1052 1708 etiam
1077 1645 1206 1716 ordinis,
1229 1644 1516 1726 quintusdecimus.
1722 1625 1723 1640 ¹

233 1758 292 1814 tau,
308 1757 339 1804 te
437 1748 513 1808 Sunt
535 1747 591 1808 alia
613 1766 689 1828 quae
711 1748 851 1809 dicontur
872 1749 908 1810 ad
933 1748 1056 1830 aliquid,
1081 1767 1155 1828 quae
1178 1747 1214 1808 ad
1237 1765 1396 1827 personam
1419 1747 1593 1809 referuntur
1618 1754 1646 1806 ει
1722 1741 1723 1828 ᾗ

137 1833 146 1845 ’
349 1867 404 1928 per
426 1867 458 1909 se
486 1847 670 1911 intellectum
698 1868 757 1911 non
786 1849 913 1920 habent,
942 1859 975 1912 ut
1001 1853 1027 1911 si
1048 1851 1130 1912 dieas
1152 1849 1243 1918 lilius;
1268 1868 1327 1910 non
1349 1857 1447 1929 potest
1468 1848 1545 1910 lilius
1569 1867 1644 1917 esse,

350 1953 407 2011 nisi
434 1957 549 2031 patrem
577 1950 700 2020 habeam
729 1959 813 2032 pater
841 1970 900 2013 non
929 1959 1026 2032 potest
1055 1971 1134 2022 εεεε,
1164 1953 1223 2013 nisi
1251 1951 1342 2014 lilium
1366 1950 1482 2012 habeat.
1528 1951 1583 2010 ista
1609 1949 1645 2010 aul
1722 1989 1723 2034 ι

349 2050 457 2132 aliquid
481 2062 558 2114 suot.
597 2053 667 2132 quid
690 2071 764 2132 ergo
784 2057 912 2117 interest
933 2057 1010 2116 inter
1032 2055 1068 2115 ad
1091 2052 1199 2134 aliquid
1224 2061 1253 2114 et
1275 2057 1353 2114 inter
1375 2053 1569 2114 adieetiruml
1591 2052 1645 2112 ad·
1660 2072 1679 2112 ε

347 2156 488 2215 ieotivom
510 2173 569 2216 nou
583 2161 691 2236 'potest
711 2174 766 2234 per
789 2175 821 2217 se
843 2155 965 2234 planum
987 2156 1098 2217 habere
1120 2174 1249 2216 sensum.
1289 2156 1313 2216 si
1336 2154 1418 2215 dieas
1439 2154 1546 2222 clarus,
1572 2154 1645 2234 quid
1722 2157 1723 2224 l

348 2255 463 2317 clarus?
495 2259 552 2318 sois
579 2257 700 2337 quidem
726 2258 783 2319 boe
810 2260 924 2338 ipsum,
955 2258 1023 2337 quill
1052 2259 1089 2318 sit
1116 2258 1227 2326 clarus,
1257 2257 1287 2318 id
1310 2263 1354 2318 est
1376 2256 1565 2337 splendidus,
1589 2255 1645 2316 sed

310 2365 314 2379 ⁴
347 2366 475 2419 nonest
501 2367 601 2420 tamen
622 2359 730 2440 plenus
751 2377 871 2428 sensus,
907 2361 965 2420 nisi
994 2357 1151 2426 adieceris.
1181 2359 1280 2421 clarus
1308 2361 1361 2420 vir.
1408 2358 1478 2439 quid
1502 2375 1574 2436 ergo
1598 2359 1645 2418 iu·
1722 2367 1723 2448 p

347 2467 441 2521 terest
467 2464 545 2521 inter
572 2462 630 2522 boe
659 2462 738 2542 quod
768 2459 934 2541 appellatur
962 2461 997 2522 ad
1020 2460 1131 2540 aliquid
1156 2467 1186 2521 et
1207 2460 1281 2522 illud
1303 2461 1381 2542 quot
1404 2459 1570 2541 appellatur
1592 2459 1646 2520 ad·
1722 2467 1723 2530 i

346 2563 502 2622 iectivum?
535 2563 605 2643 quid
626 2565 768 2625 interest?
796 2563 873 2644 quod
896 2561 956 2624 illio
980 2572 1024 2624 εει
1046 2562 1165 2642 quidem
1189 2581 1307 2634 sensus,
1331 2564 1382 2625 sed
1402 2563 1499 2624 adhuc
1523 2571 1591 2641 eget
1615 2569 1681 2623 ειε

346 2663 536 2743 conpleatur;
560 2666 610 2726 hio
631 2684 691 2726 non
714 2667 845 2726 nascitur
866 2683 971 2726 sensus
993 2666 1057 2726 sine
1079 2664 1135 2726 alia
1157 2683 1293 2745 persona.
1331 2665 1409 2726 aliud
1434 2673 1478 2726 εει
1501 2683 1570 2725 εεεε
1594 2664 1645 2724 ali·
1722 2669 1723 2752 ι

347 2765 431 2845 quid,
461 2765 514 2827 sed
542 2784 699 2846 superesse
721 2774 754 2827 ut
774 2767 963 2847 conpleatur.
992 2765 1071 2828 aliud
1100 2775 1144 2828 est
1170 2768 1288 2846 penitus
1311 2784 1370 2827 noo
1394 2785 1459 2828 εεεε
1483 2784 1539 2828 neo
1563 2769 1648 2829 nasei

345 2886 447 2947 posse,
477 2870 534 2929 nisi
562 2871 710 2949 acceperit
737 2868 824 2930 aliam
846 2888 1013 2948 personam.
1059 2888 1128 2930 εεεε
1150 2869 1248 2931 ειεεεε
1271 2876 1314 2930 εει
1335 2888 1440 2931 εεεεεε
1462 2878 1492 2931 ει
1514 2888 1578 2931 uon
1604 2878 1648 2929 εει
1722 2858 1723 2941 l

347 2965 351 3050 Ι
375 2968 496 3049 plenos,
521 2978 669 3031 ettamen
692 2979 724 3031 tu
746 2974 838 3041 nosti,
862 2972 930 3051 quid
952 2974 989 3031 sit
1003 2971 1110 3033 clarus.
1144 2990 1159 3032 e
1182 2974 1332 3033 contrario
1354 2980 1439 3051 pater
1461 2988 1522 3031 nou
1544 2977 1649 3050 potest

346 3088 425 3140 esse,
449 3072 506 3131 nisi
528 3070 636 3133 babeat
657 3071 759 3133 lilium.
792 3089 863 3150 ergo
886 3073 942 3133 boo
964 3075 1097 3141 interest,
1121 3073 1199 3153 quod
1223 3073 1282 3135 illic
1304 3077 1402 3135 minus
1424 3082 1469 3135 εει
1491 3072 1645 3153 quiddam.
1659 3092 1683 3131 as
1722 3062 1723 3081 ¹

346 3170 394 3231 hie
416 3172 490 3233 nihil
515 3179 573 3242 est,
597 3175 655 3235 nisi
677 3173 800 3235 ascedat
821 3174 878 3236 alia
900 3193 1037 3253 persona.
1084 3184 1128 3236 est
1150 3177 1238 3235 etiam
1268 3174 1344 3235 aliud
1369 3175 1447 3255 quod
1471 3174 1647 3255 appellatur
1722 3186 1723 3247 I

346 3278 397 3335 ‘ut
423 3274 459 3335 ad
488 3274 598 3355 aliquid
621 3275 746 3355 qualiter
767 3297 799 3338 se
822 3276 939 3339 habet’.
984 3276 1041 3337 hoo
1067 3280 1116 3337 ‘ut
1137 3277 1173 3337 ad
1196 3276 1303 3356 aliquid
1328 3276 1453 3357 qualiter
1475 3296 1508 3338 se
1533 3276 1647 3340 habet’
1722 3306 1723 3361 3

346 3379 586 3439 contrarietatem
613 3379 758 3457 significat
786 3385 913 3445 tantum.
942 3378 1015 3439 nihil
1048 3377 1138 3439 aliud:
1176 3386 1248 3459 pola
1275 3381 1357 3440 vivus
1384 3388 1534 3441 mortuus:
1573 3380 1648 3460 quid
1722 3382 1723 3439 ἒ

347 3487 405 3539 tem
428 3482 612 3543 eontrarium
634 3481 713 3549 viro,
737 3499 824 3560 quam
846 3482 999 3543 mortuus?
1028 3484 1112 3559 niger
1134 3480 1289 3551 candidos,
1319 3482 1382 3543 dies
1404 3500 1471 3542 nox.
1517 3482 1577 3541 ista
1603 3482 1647 3541 di·
1722 3474 1723 3531 3

346 3588 455 3642 cuntur
477 3581 528 3641 ‘ut
548 3580 585 3640 ad
608 3580 719 3661 aliquid
741 3581 867 3663 qualiter
889 3602 922 3644 se
944 3581 1109 3644 habentia’.
1661 3600 1683 3639 so

228 3698 333 3759 tauta
430 3683 506 3743 Sunt
532 3682 697 3759 generalia:
730 3683 879 3761 generalia
909 3685 1049 3746 dicuntur
1078 3704 1152 3765 quae
1181 3684 1270 3745 multa
1293 3686 1322 3745 iu
1346 3704 1378 3745 εε
1400 3684 1589 3762 significant,
1614 3695 1648 3747 ut

345 3782 463 3845 animal.
492 3790 590 3863 potest
611 3784 718 3845 animal
741 3804 807 3847 εεεε
829 3791 860 3847 ει
882 3785 985 3856 homo,
1010 3786 1118 3847 animal
1140 3804 1204 3848 esse
1220 3796 1249 3847 ει
1269 3785 1415 3853 caballus,
1440 3786 1551 3846 animal
1579 3804 1649 3849 osse

345 3893 376 3946 et
395 3885 500 3947 burdo.
532 3892 578 3947 est
598 3887 670 3947 item
693 3886 836 3965 speciale:
858 3887 986 3968 speciale
1010 3888 1118 3949 dicitur
1134 3888 1212 3967 quod
1235 3896 1350 3967 partem
1371 3890 1495 3949 retinet:
1521 3894 1556 3949 ut
1572 3899 1646 3969 puta

343 4006 414 4067 pars
436 3981 571 4049 animalis
585 3996 631 4049 est
645 3987 749 4057 bomo:
773 4006 845 4067 ergo
867 3988 957 4049 homo
978 3988 1105 4069 speciale
1128 4008 1236 4051 nomen
1261 3998 1317 4051 est:
1341 4002 1411 4069 pars
1434 3990 1576 4052 animalis
1602 4001 1650 4053 εει

303 4123 315 4149 s
343 4108 463 4159 corvus3
501 4108 572 4167 ergo
599 4108 709 4151 corvus
730 4090 859 4171 speciale
881 4108 992 4152 nomen
1014 4098 1067 4152 εει.
1112 4110 1239 4171 namque
1261 4094 1334 4154 istae
1355 4094 1471 4172 speeies
1493 4091 1685 4161 collectaeas
1722 4122 1723 4125 ¹

342 4191 481 4269 generale
510 4210 619 4253 nomen
645 4194 767 4253 laniunt.
812 4192 871 4253 boe
898 4195 977 4255 enim
1004 4194 1142 4263 interest,
1172 4192 1250 4273 quod
1273 4193 1412 4272 generale
1434 4212 1545 4255 nomeu
1571 4195 1649 4258 lacit

342 4293 379 4354 de
401 4312 435 4353 se
456 4295 584 4373 speeiem
607 4293 736 4372 speciale
757 4312 866 4355 nomen
891 4314 906 4355 a
930 4313 1039 4374 genere
1062 4294 1229 4365 descendit,
1254 4294 1370 4358 aliunde
1393 4298 1482 4357 venit.

411 4447 511 4495 aduae
529 4445 640 4510 syllabae
658 4456 717 4496 smu
743 4447 827 4499 Gallia
848 4461 900 4498 ares
919 4458 978 4497 sunt
996 4464 1040 4499 om.
1061 4448 1147 4500 Aac
1216 4446 1301 4514 bego
1319 4450 1376 4500 dieo
1396 4450 1434 4501 Cb
1452 4464 1514 4516 erge
1534 4452 1600 4503 dieo
1621 4454 1649 4505 B

341 4516 396 4565 dico
415 4517 457 4577 a*‚
477 4532 524 4571 om,
544 4516 568 4563 A
596 4515 605 4527 '
639 4518 705 4566 lab
726 4519 783 4583 ipso
802 4518 841 4568 Gla
859 4519 891 4567 ab
911 4517 992 4583 ipsius
1013 4520 1069 4569 AB
1140 4520 1173 4569 12
1192 4527 1251 4569 sunt
1270 4520 1319 4568 alla
1338 4520 1371 4569 ad
1391 4521 1485 4585 aliquid
1505 4537 1578 4586 quae
1606 4525 1649 4574 di·

340 4595 431 4635 cuntur
451 4588 484 4634 ad
503 4586 600 4649 aliquio
617 4588 642 4637 A
713 4589 744 4639 15
764 4588 824 4652 quid
843 4601 905 4653 ergo
929 4588 1034 4638 intereat
1053 4590 1116 4639 inter
1133 4590 1166 4639 ad
1184 4589 1280 4653 aliquid
1300 4590 1347 4639 Bu
1367 4591 1427 4653 quid
1447 4605 1508 4655 ergo
1529 4592 1648 4644 interest

341 4653 405 4705 inter
420 4656 517 4720 aliquid
537 4658 634 4719 Cquld
651 4672 712 4723 ergo
728 4667 765 4708 eat
783 4660 849 4708 inter
866 4658 964 4719 aliquid
983 4658 1008 4707 Α
1079 4658 1110 4708 19
1125 4660 1270 4725 appellatur
1288 4659 1321 4708 ad
1335 4660 1432 4723 aliquid
1451 4660 1527 4710 laea
1546 4665 1647 4731 appel—

340 4726 406 4775 latur
424 4726 560 4788 aliquidA
644 4730 678 4777 et
696 4736 818 4777 ettamen
837 4738 863 4777 tu
881 4728 947 4775 nosti
965 4728 1027 4790 quid
1045 4728 1078 4777 sit
1093 4728 1176 4778 clarus
1193 4746 1238 4782 om.
1262 4730 1294 4791 A,
1313 4730 1374 4779 add.
1394 4746 1411 4779 o
1489 4732 1523 4779 tt
1545 4732 1648 4784 habeut

339 4810 406 4845 cerr.
425 4796 501 4844 habet
517 4800 606 4860 priore
622 4799 676 4846 loro
693 4798 725 4848 0:
751 4798 866 4859 fumasse
882 4803 910 4845 ut
928 4797 959 4846 ad
977 4798 1073 4861 aliquid
1091 4799 1198 4860 qualiter
1216 4814 1244 4848 se
1263 4798 1361 4849 habens
1450 4800 1484 4850 30
1503 4810 1532 4849 ut
1553 4818 1604 4855 ont
1627 4807 1649 4855 C

390 4864 498 4928 qualiter
514 4880 542 4914 se
561 4864 678 4915 habentia
692 4869 821 4931 generalia
841 4868 941 4916 suntin
959 4868 1035 4917 lituro
1052 4882 1068 4915 n
1121 4868 1152 4917 31
1170 4868 1285 4931 sortasse
1304 4871 1382 4919 murita
1399 4870 1424 4919 in
1446 4886 1474 4921 εε
1492 4874 1646 4941 continent,

339 4935 386 4985 boc
406 4944 444 4984 εει
461 4933 539 4984 multa
554 4935 698 5001 significant
