3525 5600
306 401 366 464 112
871 397 1024 466 PObiPEll

328 513 440 563 pao-sa
453 513 476 551 L.

303 591 412 668 syllaba
436 611 508 670 ergo
530 594 651 671 proprie
674 591 780 652 dicitur
803 609 877 670 quac
901 591 938 651 de
961 591 1060 654 multis
1082 591 1189 652 litteris
1212 593 1287 652 lacta
1304 599 1357 660 est,
1382 591 1504 652 abusive
1520 609 1598 670 quac

302 693 339 753 tle
355 699 419 754 'una
443 693 534 754 vocali
557 695 632 754 iacta
655 703 710 754 est.

184 803 243 866 aaa,
256 802 289 852 11
385 796 494 857 Omnes
515 794 644 875 syllabae
666 803 716 856 aut
738 797 843 856 breves
864 803 942 866 suat,
966 803 1015 856 aut
1031 795 1136 874 longae
1151 804 1227 865 suat,
1252 806 1304 856 aut
1322 815 1498 858 communes
1514 804 1596 857 sunt.

303 895 408 956 breves
431 897 569 970 dicuntur
599 916 675 977 quae
696 917 816 985 semper
839 897 944 958 breves
966 908 1050 966 suat;
1080 897 1186 976 longae
1214 899 1353 959 (licuntur
1377 917 1452 978 quae
1475 915 1598 977 semper
1725 963 1726 972 y

302 996 408 1075 longae
435 1009 519 1068 suat;
548 1018 722 1060 communes
749 1001 888 1060 dicuntur
911 1018 985 1079 quae
1014 1000 1102 1061 modo
1130 1001 1235 1062 breves
1264 1001 1352 1061 morlo
1380 1000 1486 1078 longae
1509 1007 1623 1060 sunt:s
1725 1067 1726 1070 Ἴ

302 1119 370 1160 nam
392 1099 485 1160 itlciro
508 1082 671 1180 appellitae
694 1109 763 1162 suat
784 1100 965 1163 communes.
1012 1103 1162 1163 videamus
1185 1102 1273 1167 modo
1298 1102 1410 1163 breves.
1456 1105 1485 1162 ia
1513 1103 1597 1180 pria·

302 1203 393 1279 cipio.
418 1209 575 1281 antequam
604 1203 700 1264 (licam
728 1204 930 1265 definitionem
958 1205 1065 1283 ipsam,
1091 1213 1121 1265 tu
1145 1204 1201 1265 boc
1224 1207 1300 1266 scire
1323 1203 1429 1274 (lebes,
1453 1207 1597 1284 quoniam

300 1303 441 1383 syllabam
465 1323 524 1364 noa
548 1314 742 1384 conputamus
764 1306 801 1366 ab
824 1308 923 1375 initio,
952 1305 1003 1366 sed
1028 1325 1043 1366 a
1066 1305 1169 1367 vocali.
1214 1307 1347 1387 quisquis
1371 1303 1431 1367 rult
1451 1305 1598 1385 syllabam

300 1406 550 1476 animadvertere,
590 1407 684 1487 qualis
722 1411 774 1478 sit,
814 1427 874 1469 aon
913 1407 951 1468 ab
987 1409 1072 1468 initio
1114 1407 1202 1468 debet
1244 1417 1421 1488 mapulam,
1458 1407 1511 1468 sed
1550 1405 1596 1486 al

190 1538 202 1556 =
301 1508 402 1569 vocali.
467 1517 536 1588 puta
579 1519 660 1588 postt
707 1510 825 1589 quando
864 1511 937 1570 dicis
976 1509 1048 1571 mibi
1090 1511 1218 1588 ‘quaere
1262 1509 1356 1588 qualis
1399 1519 1442 1570 est
1483 1508 1637 1589 syllabam
1704 1557 1708 1562 .

301 1616 394 1689 post’,
433 1629 492 1670 noa
529 1612 639 1689 incipio
666 1619 828 1690 conputare
857 1631 872 1671 a
902 1631 936 1691 p,
966 1611 1017 1672 sed
1046 1614 1157 1691 incipio
1180 1619 1348 1692 ¹conputare
1376 1611 1412 1672 ab
1442 1630 1474 1680 o;
1505 1629 1521 1671 a
1546 1630 1598 1670 vo·

300 1710 356 1772 cali
385 1713 494 1791 incipio
523 1724 686 1791 conputare
709 1723 738 1773 et
759 1715 852 1793 ipsam
875 1713 1111 1775 animadvertere
1141 1724 1170 1775 et
1202 1721 1361 1791 sequentes
1388 1721 1599 1776 consonantes.

301 1823 401 1874 utrum
425 1813 522 1874 brevis
545 1816 641 1874 sitan
664 1814 765 1892 longa,
795 1824 826 1876 ut
848 1817 961 1895 possim
984 1817 1237 1885 animadvertere,
1265 1833 1325 1876 noa
1348 1817 1458 1894 incipio
1481 1833 1598 1894 conpu-

300 1925 364 1976 tare
386 1933 401 1974 a
425 1933 459 1994 p,
488 1915 540 1977 sed
569 1915 607 1976 ab
628 1935 662 1985 o;
692 1926 721 1978 et
747 1920 939 1978 inveniuntur
968 1918 1042 1978 duae
1070 1927 1266 1979 consonantes
1293 1925 1359 1997 post
1385 1919 1488 1996 ipsam.
1534 1935 1597 1976 noa

301 2024 431 2096 conputo
453 2017 533 2078 illam
562 2020 701 2096 priorem.
746 2037 873 2097 namque
900 2022 931 2080 in
960 2038 1017 2081 una
1046 2037 1162 2098 quaque
1190 2019 1299 2100 syllaba
1329 2019 1443 2080 litterae
1471 2035 1636 2098 praece-1⁵
1725 2001 1726 2030 ¹

302 2119 407 2178 eleates
430 2137 488 2178 aon
512 2124 647 2197 sequenti
669 2119 798 2206 syllabae
820 2131 955 2201 prosunt,
980 2121 1031 2182 sed
1056 2123 1198 2183 anteriori
1220 2121 1358 2202 syllabae,
1382 2121 1411 2181 id
1428 2129 1473 2180 est
1488 2122 1598 2200 priori,

303 2223 441 2298 quoniam
466 2223 562 2282 omnis
588 2222 697 2300 syllaba
720 2224 825 2301 incipit
852 2223 964 2284 babere
994 2225 1139 2284 rationem
1169 2223 1309 2285 avocali.
1355 2241 1473 2302 semper
1496 2222 1526 2282 id
1551 2231 1601 2283 est

302 2341 445 2402 quaerere
468 2323 504 2383 de
526 2326 587 2402 ipsa
612 2325 716 2392 vocali,
740 2334 839 2385 utrum
862 2324 948 2404 longa
971 2327 1009 2386 sit
1031 2345 1068 2386 aa
1092 2325 1203 2394 brevis;
1227 2324 1334 2385 deinde
1356 2325 1550 2386 considerare
1568 2333 1599 2385 et

302 2425 339 2485 tle
361 2427 594 2486 consonantibus
616 2427 823 2504 sequentibus,
848 2446 908 2488 noa
931 2428 968 2488 (le
983 2426 1239 2507 praecedentibus.
1286 2427 1497 2506 praecedentes
1514 2429 1596 2490 euim

302 2535 498 2588 consonantes
525 2547 585 2588 non
613 2529 669 2608 ipsi
697 2537 835 2607 prosunt,
864 2527 916 2589 secl
945 2529 1033 2590 alicui
1062 2528 1176 2590 litterae
1205 2530 1357 2590 anteriori.
1401 2528 1473 2590 illud
1504 2531 1636 2590 etiamen

302 2623 379 2690 scire
402 2629 508 2699 debes,
532 2629 609 2708 quoa
632 2629 743 2709 syllaba
768 2631 864 2691 laevis
880 2649 970 2692 orarum
987 2639 1102 2710 tempus
1120 2631 1216 2698 babet,
1240 2631 1325 2708 longa
1349 2629 1407 2690 duo
1428 2639 1564 2710 tempora
1591 2694 1594 2703 ,

301 2731 407 2801 babet,
432 2731 593 2812 pleraeque
615 2731 674 2792 (ltro
697 2733 800 2802 semis,
830 2731 991 2812 pleraeque
1019 2735 1085 2793 tria.
1129 2733 1179 2792 sed
1208 2734 1266 2792 iam
1295 2732 1383 2792 modo
1412 2731 1497 2793 nobis
1521 2732 1598 2792 nibil

302 2844 492 2914 quaeruntur.
539 2834 649 2915 syllaba
673 2854 744 2913 ergo
767 2838 918 2914 quaeritur
941 2856 956 2896 a
979 2835 1071 2896 vocali
1089 2844 1119 2895 et
1140 2834 1332 2915 sequentibus
1355 2834 1596 2904 consonantibus

302 2954 377 3016 quae
401 2935 572 2997 tractandae
595 2936 681 2997 nobis
702 2944 779 2997 sunt.
826 2936 933 2997 tleimle
960 2935 1030 2997 illud
1059 2939 1136 2997 scire
1164 2938 1267 3008 (lebes,
1298 2938 1376 3017 ‹yrrod
1400 2954 1597 3017 unaquaeque

302 3037 426 3119 syllaba,
452 3036 596 3098 brevissi
619 3040 670 3106 sit,
695 3058 785 3099 aarum
809 3047 925 3117 tempus
948 3038 1052 3105 babet;
1082 3040 1107 3098 si
1129 3038 1216 3117 longa
1239 3043 1292 3108 sit,
1322 3040 1380 3100 duo
1405 3040 1494 3101 babet
1516 3048 1635 3101 tem-2⁵

302 3158 382 3218 pora.
428 3147 527 3200 cetera
551 3147 698 3218 tempora,
725 3158 799 3217 quae
822 3141 981 3209 accedant,
1006 3140 1155 3219 superilua
1183 3150 1260 3201 strat.
1306 3150 1337 3202 ut
1367 3150 1435 3219 puta
1464 3144 1489 3202 si
1512 3142 1597 3203 dicas

303 3250 344 3312 et,
369 3260 459 3302 untrm
483 3244 573 3303 semis
596 3240 694 3301 babet.
740 3261 756 3301 e
780 3242 887 3303 vocalis
910 3250 955 3302 est
978 3241 1089 3311 brevis,
1115 3261 1204 3304 tantam
1228 3242 1317 3303 babet
1339 3248 1464 3322 tempa's.
1494 3252 1597 3304 tcon-

301 3362 409 3404 soaans
432 3352 490 3411 est,
515 3352 544 3404 et
567 3345 662 3403 omnis
690 3362 857 3405 consonans
886 3344 1037 3433 ‹linridinnr
1066 3345 1155 3405 babet
1183 3352 1313 3424 tempas:
1345 3362 1415 3405 ecce
1443 3354 1473 3405 ct
1500 3364 1596 3405 uarrm

301 3448 391 3507 semis
414 3445 502 3505 babet
522 3456 649 3525 tompus.
694 3445 790 3507 adbuc
818 3466 876 3507 aoa
907 3456 951 3507 est
979 3466 1034 3506 nec
1066 3446 1150 3524 longa
1179 3466 1234 3507 aec
1263 3446 1376 3515 brevis;
1405 3446 1472 3525 plus
1495 3454 1595 3507 tamen

302 3548 391 3608 babet
412 3566 429 3608 a
451 3547 549 3617 brevi,
577 3550 676 3607 minus
703 3548 821 3625 quidem
850 3548 940 3609 babet
968 3569 984 3609 a
1013 3548 1108 3627 loaga.
1154 3548 1229 3609 arldc
1259 3548 1295 3609 aa
1323 3556 1352 3608 ct
1380 3567 1403 3619 S,
1428 3557 1458 3609 et
1479 3551 1537 3609 iam
1561 3550 1634 3609 iitso

302 3649 398 3726 longa.
444 3651 553 3727 quare?
584 3649 721 3710 ebreris
743 3669 834 3712 unum
857 3659 975 3730 tempus
997 3649 1101 3721 babet,
1131 3649 1317 3710 tdimitlium
1346 3658 1464 3729 tempus
1492 3649 1594 3718 babet,

303 3773 317 3813 s
340 3752 494 3813 dimidium
518 3761 635 3831 tempus
657 3750 760 3812 babet:
785 3772 855 3813 ecce
878 3752 935 3812 duo
958 3760 1092 3832 tempora
1117 3760 1200 3822 suat,
1224 3752 1361 3812 iecerunt
1382 3750 1441 3813 duo
1456 3760 1595 3832 tempora

302 3855 418 3933 longam
442 3854 593 3935 syllabam.
1470 3834 1479 3853 ⁰

386 3957 466 4018 llaec
494 3959 570 4017 ratio
599 3964 658 4027 est,
688 3965 721 4017 ut
749 3964 862 4017 tantum
892 3955 986 4017 valcat
1014 3954 1123 4037 syllaba
1143 3958 1147 4032 l
1167 3956 1340 4018 naturaliter
1369 3956 1469 4033 longa,
1499 3974 1595 4035 quaa·

302 4069 364 4123 tum
398 4058 474 4119 valet
506 4060 653 4139 positione
687 4058 784 4137 longa.
830 4058 941 4138 querci
979 4076 1046 4118 nam
1071 4074 1159 4137 quem
1188 4058 1223 4119 ad
1252 4058 1372 4120 modum
1404 4058 1472 4119 illae
1506 4076 1633 4119 ritca-as
1725 4132 1726 4141 χ

301 4162 346 4223 les
383 4161 558 4223 naturaliter
595 4160 701 4238 longae
741 4160 799 4219 duo
837 4158 950 4221 habeat
984 4169 1116 4239 tempora
1157 4160 1204 4239 (ut
1235 4164 1267 4221 ‘a
1301 4170 1335 4221 te
1368 4178 1410 4221 ae
1443 4162 1593 4239 frigora

302 4264 487 4332 laedaat';
526 4282 542 4323 a
581 4262 669 4340 longo
708 4271 752 4322 est
790 4262 977 4333 naturaliter,
1015 4264 1072 4323 (luo
1107 4261 1197 4323 babet
1230 4262 1394 4342 tempora),
1430 4263 1472 4322 sic
1501 4264 1594 4323 etiam

302 4366 428 4445 syllaba,
452 4384 528 4446 quae
549 4367 695 4444 positione
718 4364 750 4424 lit
770 4362 871 4443 longa,
902 4364 960 4427 duo
983 4364 1072 4425 babet
1095 4374 1238 4445 tempora.
1282 4384 1341 4445 quo
1365 4364 1470 4425 modoi
1499 4382 1594 4425 unum

372 4538 425 4585 ltu
445 4536 509 4586 baec
525 4537 599 4586 ace
616 4535 716 4585 lmecA
788 4536 821 4587 lll
839 4546 900 4601 puta
919 4536 1081 4601 postBCu:
1106 4546 1162 4601 post
1184 4550 1229 4589 om,
1250 4535 1274 4583 A
1345 4532 1447 4601 quaere]
1470 4550 1548 4599 quare
1567 4534 1594 4583 A

363 4606 461 4673 syllaba
478 4618 536 4671 post
554 4606 646 4657 noa:
667 4616 724 4671 post
739 4622 784 4657 ona.
803 4607 828 4657 A
885 4606 916 4656 12
935 4615 1102 4655 consonantes
1123 4646 1209 4659 .....
1230 4620 1286 4654 esse
1303 4606 1377 4654 istum
1395 4606 1509 4654 sillalmm
1531 4615 1594 4669 puta

303 4685 385 4725 atrum
403 4678 428 4726 A
498 4679 531 4727 lt
550 4692 599 4726 aon
619 4689 726 4741 conputo
753 4679 821 4727 illam
842 4677 951 4742 priorem
971 4674 1017 4725 Bo
1042 4690 1090 4725 non
1114 4688 1224 4741 conputo
1249 4679 1332 4741 ipsum
1351 4676 1418 4723 illam
1437 4676 1546 4740 priorem
1566 4672 1593 4723 A

303 4760 352 4795 noa
371 4748 464 4811 incipio
483 4748 551 4797 ilbua
567 4748 709 4811 pnoremc
777 4748 812 4797 ⁰25
829 4746 915 4795 breuis
932 4746 954 4794 si
972 4747 1003 4795 sit
1019 4746 1084 4795 Bae
1102 4746 1227 4795 bn·uessi
1245 4747 1276 4794 sit
1295 4747 1382 4805 G,om.
1402 4747 1425 4793 A
1484 4744 1594 4796 33101-

303 4832 363 4881 gam
388 4818 510 4881 syllabam
536 4819 708 4881 Heusinperua
727 4819 752 4867 in
776 4817 853 4867 ,aaa
877 4814 971 4865 Tbeod.
995 4832 1022 4880 p.
1040 4818 1074 4866 bb
1099 4817 1199 4880 longam
1221 4815 1287 4863 illam
1307 4814 1392 4864 ABG
1401 4874 1405 4881 y
1460 4814 1493 4865 34
1512 4812 1590 4882 valet]

303 4886 387 4939 ualeat
405 4888 429 4936 A
501 4886 534 4939 36
552 4904 567 4937 a
587 4886 622 4955 te]
646 4889 724 4951 Verp.
744 4887 826 4940 bucol.
846 4886 888 4951 ao,
905 4885 938 4937 48
1007 4886 1041 4937 38
1059 4886 1085 4937 lit
1104 4885 1181 4953 longa
1200 4882 1257 4935 AB
1275 4884 1302 4935 lit
1319 4883 1416 4951 syllaba
1433 4884 1475 4937 Ca
