3525 5600
655 389 893 454 COMMENTVM
1365 387 1425 455 163

1241 512 1262 554 p.
1276 499 1363 540 151-53
1379 500 1399 540 L.

154 575 288 637 totidem
310 584 434 636 vertat
456 576 598 638 caelos'
626 577 782 641 Lucretius
810 579 890 640 dixit
936 586 965 640 et
986 598 1107 658 porrum
1132 597 1223 659 caepe
1245 581 1341 640 iocus:
1376 581 1425 640 hic

151 681 218 739 iocus
247 687 274 738 et
305 678 379 738 haec
411 680 491 748 ioca;
523 680 575 740 sed
609 699 767 760 possumus
798 682 898 743 dicere
927 689 956 742 et
983 682 1038 741 hos
1065 683 1160 752 iocos,
1192 689 1224 742 ut
1255 689 1299 742 est
1328 687 1425 742 ‘mox

149 785 284 842 iuvenes
304 782 448 860 agitare
470 783 601 844 iocos'.
633 793 662 844 et
684 785 796 853 lorum;
819 783 872 843 sed
895 784 971 845 scire
992 782 1082 844 debes
1098 783 1175 863 quod
1192 791 1237 845 est
1257 783 1306 846 hic
1328 783 1425 860 aliqua

149 883 308 944 rlilierentia:
337 883 457 962 quando
484 886 566 946 loros
593 885 733 955 dicimus,
762 884 892 947 tabulata
922 887 1037 946 narium
1061 886 1275 963 significamus;
1305 885 1424 964 quando

128 985 178 1045 5de
201 982 444 1055 deambulatorio,
478 985 553 1047 haec
585 988 649 1050 lora
682 989 818 1049 dicimus.
864 1004 1043 1065 quamquam
1077 987 1234 1050 Sallustius
1266 989 1354 1049 etiam
1388 987 1424 1048 de

146 1086 361 1148 deambulatorio
376 1087 540 1149 masculino
556 1107 666 1166 genere
682 1089 802 1161 dixerit,
827 1088 950 1150 ‘illum
967 1092 1085 1170 raptis
1101 1091 1114 1150 1
1118 1110 1219 1152 orum
1242 1098 1277 1151 et
1299 1097 1423 1151 castra

146 1191 280 1250 nautica
313 1190 507 1251 Sertorius
539 1195 775 1254 mutaverat’.
819 1192 887 1253 ride
921 1209 993 1270 ergo
1027 1212 1063 1254 ue
1096 1199 1125 1252 te
1154 1191 1249 1262 sallat,
1283 1195 1422 1272 quoniam

145 1291 323 1353 masculinum
347 1293 429 1354 lecit.
454 1293 457 1370 1
802 1358 806 1366 ,

216 1394 287 1455 Sunt
308 1394 407 1472 aliqua
430 1397 550 1457 uomina
572 1416 647 1476 quae
674 1396 785 1458 habent
808 1403 838 1457 et
860 1397 1056 1484 masculipum
1079 1404 1108 1458 et
1130 1396 1305 1458 femininum
1328 1414 1422 1475 genus
1434 1409 1523 1471 tuus

117 1517 136 1556 u
145 1505 169 1556 et
187 1515 241 1557 noo
268 1504 336 1557 suut
358 1501 536 1560 communia.
583 1516 642 1576 quo
665 1499 753 1560 modo
776 1516 836 1560 nou
859 1507 903 1560 est
926 1500 1101 1562 commuue?
1127 1499 1153 1560 si
1175 1507 1204 1559 et
1227 1497 1422 1560 masculinum

144 1607 168 1658 et
190 1599 358 1659 lemiuinum
387 1599 512 1671 habent,
541 1599 652 1662 debent
680 1601 737 1661 dici
765 1603 943 1662 communia.
989 1601 1040 1662 sed
1072 1602 1149 1662 scire
1177 1598 1320 1662 debemus
1344 1598 1422 1662 aliud

145 1719 197 1760 esse
216 1719 231 1762 a
252 1709 356 1764 natura
379 1721 551 1773 commuue,
582 1701 661 1764 aliud
690 1722 756 1764 esse
778 1703 816 1764 de
838 1710 984 1782 potestate
1007 1710 1107 1764 nostra
1130 1720 1298 1765 commune.
1343 1701 1421 1763 aliud

145 1810 180 1862 est
199 1821 213 1862 a
234 1810 357 1874 natura,
382 1804 460 1866 aliud
484 1825 500 1866 a
522 1811 677 1884 potestate.
714 1824 784 1867 ecce
806 1809 888 1868 cauis
910 1807 985 1867 iuste
1008 1805 1115 1866 dicitur
1138 1822 1296 1866 commune
1318 1821 1420 1882 genus.

145 1907 238 1981 quare?
261 1908 328 1983 quia
351 1915 456 1968 natura
477 1916 576 1988 potest
598 1907 738 1971 discerni.
769 1915 901 1970 ceterum
924 1907 974 1968 illa
997 1905 1183 1988 appellantur
1206 1925 1265 1967 nou
1289 1923 1421 1968 commu·

117 2009 198 2076 noia,
218 2007 268 2068 sed
289 2011 401 2087 gemini
424 2011 556 2088 generis,
579 2009 610 2070 id
634 2019 679 2071 est
701 2009 825 2090 duplicis
847 2013 975 2090 generis.
1020 2018 1053 2071 ut
1074 2018 1144 2090 putu
1167 2010 1271 2089 pinus:
1302 2009 1422 2087 quaudo

143 2109 210 2179 volo,
232 2110 296 2170 dico
318 2109 367 2171 hic
389 2113 495 2191 pinus;
526 2112 644 2190 quaudo
668 2112 747 2184 volo,
771 2113 839 2174 dico
861 2114 936 2174 haec
957 2115 1054 2194 pinus.
1098 2109 1234 2172 similiter
1258 2119 1287 2171 et
1307 2113 1421 2191 pampi-

144 2229 202 2271 nus:
223 2212 338 2292 quando
362 2212 442 2283 volo,
462 2213 532 2287 dico
555 2213 603 2275 hic
625 2217 796 2294 pampinus;
821 2216 938 2296 quando
961 2214 1042 2285 volo,
1067 2215 1132 2276 dico
1156 2212 1229 2274 haec
1251 2216 1420 2292 pampinus.

144 2332 202 2392 ergo
229 2333 285 2375 nou
312 2315 395 2385 ideo,
424 2317 491 2395 quia
518 2314 588 2377 licet
616 2317 689 2377 mihi
717 2317 816 2378 dicere
844 2318 917 2380 haec
944 2319 1102 2397 pampinus
1125 2324 1155 2376 et
1181 2314 1230 2375 hic
1253 2317 1419 2394 pampinus,

142 2415 198 2475 ideo
218 2416 321 2477 dicitur
350 2419 469 2496 generis
496 2421 663 2480 communis
686 2438 766 2489 esse,
794 2419 845 2480 sed
869 2419 926 2480 hoc
949 2420 1040 2480 duum
1064 2435 1206 2496 generum
1231 2425 1284 2478 est.
1324 2415 1420 2497 [pam-

113 2519 216 2594 upiuus
237 2517 305 2578 uolo
329 2518 408 2580 dicas
431 2519 468 2579 de
484 2519 652 2602 feminino]
677 2540 746 2582 uam
768 2523 793 2582 si
814 2525 934 2600 generis
957 2523 1123 2582 communis
1146 2526 1238 2590 esset,
1262 2518 1420 2598 aliquando
1446 2511 1448 2516 ⁸

141 2628 206 2679 esset
225 2619 285 2690 hic,
315 2620 473 2702 aliquando
501 2622 590 2692 haec;
621 2623 673 2684 sed
697 2642 757 2684 nou
778 2642 898 2703 semper
921 2631 980 2694 est,
1009 2623 1060 2684 sed
1084 2620 1203 2701 quaudo
1227 2629 1343 2702 tempus
1365 2629 1418 2691 est,

140 2728 198 2780 tunc
218 2721 343 2784 dicimus
365 2725 411 2785 vel
433 2723 505 2785 illud
530 2723 575 2784 vel
596 2723 683 2795 illud,
706 2724 737 2785 id
760 2735 804 2787 est
826 2732 876 2786 aut
898 2725 946 2786 hic
969 2733 1019 2787 aut
1041 2726 1123 2786 haec.
1155 2725 1306 2785 communi
1330 2725 1418 2794 euim,

140 2831 216 2900 prout
234 2842 329 2902 genus
350 2828 455 2895 luerit,
479 2826 568 2889 talem
583 2828 740 2889 articulum
762 2830 876 2890 damus.
906 2832 937 2889 in
959 2830 1100 2908 pampino
1123 2836 1221 2888 autem
1244 2846 1304 2888 non
1327 2826 1419 2889 habes

141 2928 342 3014 necessarium,
362 2928 416 2989 sed
439 2929 557 3007 quaudo
579 2931 638 3001 ris,
662 2931 735 2991 dicis
757 2931 845 3001 haec,
867 2930 986 3011 quando
1010 2931 1066 2999 ris,
1084 2930 1159 2989 dicis
1174 2930 1231 2989 lric.
1264 2946 1336 3007 ergo
1359 2948 1418 2990 uon

114 3037 198 3089 esunt
218 3033 398 3101 communia,
422 3031 475 3092 sed
498 3030 684 3112 applicantur
707 3032 818 3113 duplici
841 3036 954 3111 generi.
986 3049 1057 3109 ergo
1080 3040 1150 3092 suut
1171 3032 1279 3092 incerti
1301 3034 1420 3110 generis

141 3132 205 3191 iuter
225 3132 419 3195 masculinum
442 3141 472 3194 et
493 3134 683 3203 femininum,
707 3143 739 3195 ut
761 3143 862 3196 cortex
886 3134 970 3195 radix
993 3135 1059 3195 finis
1082 3136 1172 3213 stirps
1193 3135 1280 3214 pinus
1302 3134 1416 3213 pampi-

142 3250 194 3292 nus.
234 3235 288 3294 ista
316 3238 415 3297 omnia
445 3243 475 3295 et
506 3234 661 3297 masculini
693 3244 762 3297 sunt
789 3243 819 3296 et
847 3235 990 3297 leminini.
1034 3237 1105 3297 item
1139 3234 1256 3297 lrenum
1290 3233 1418 3315 clipeum

141 3333 228 3411 uulgus
248 3354 354 3415 specus
381 3337 488 3397 incerti
515 3333 643 3421 gelueris
665 3343 735 3399 sunt
755 3340 833 3398 inter
857 3346 997 3399 neutrum
1021 3346 1050 3397 et
1073 3337 1282 3399 masculinum:
1318 3336 1418 3398 ethic

142 3434 230 3514 uulgus
256 3446 285 3499 et
311 3439 368 3499 hoc
396 3438 500 3517 vulgus
526 3459 686 3519 possumus
713 3440 822 3501 dicere.
868 3441 940 3501 item
968 3447 1037 3501 sunt
1064 3440 1171 3501 incerti
1199 3440 1317 3517 generis
1339 3440 1417 3500 inter

115 3547 261 3600 aoeuuom
289 3546 319 3600 et
346 3541 536 3611 femininum,
566 3548 597 3602 ut
624 3544 648 3602 si
676 3542 757 3603 dicas
780 3541 876 3602 buxus
897 3544 981 3623 pirus
1002 3559 1116 3621 prunus
1138 3540 1241 3602 malus.
1286 3540 1339 3602 sed
1361 3540 1418 3601 hoc

142 3640 261 3712 interest,
283 3642 362 3720 quod
386 3653 492 3706 neutro
515 3644 642 3705 dicimus
664 3645 811 3715 lructum,
835 3644 978 3705 feminino
1000 3645 1079 3723 ipsas
1100 3642 1232 3705 arbores.
1273 3650 1302 3705 et
1323 3644 1416 3705 inter·

142 3746 222 3819 posuit
247 3748 353 3823 ‘saepe
382 3744 536 3806 dicimus'.
582 3748 639 3807 scit
669 3748 746 3807 euim
776 3764 840 3806 esse
868 3744 1021 3819 arborem,
1058 3754 1087 3807 et
1115 3744 1270 3807 masculini
1298 3748 1417 3825 generis

143 3847 256 3921 quaesit
277 3854 305 3906 et
328 3849 443 3917 neutri,
468 3854 500 3909 ut
520 3847 592 3909 siler
615 3850 714 3909 neutri
737 3856 795 3917 est,
820 3846 947 3909 oleaster
970 3846 1124 3908 masculini
1147 3856 1201 3909 est.

210 3946 362 4009 Praeterea
384 3956 454 4010 sunt
476 3949 571 4029 aliqua
594 3952 649 4011 dra
665 3969 741 4031 quae
757 3950 910 4021 dicuutur,
935 3957 1005 4011 suut
1026 3968 1102 4030 quae
1125 3950 1264 4011 dicuntur
1285 3949 1414 4011 mobilia.

121 4046 187 4107 ofin
215 4057 280 4110 sunt
316 4069 392 4131 quae
426 4070 486 4111 nou
519 4060 642 4132 possunt
668 4053 748 4115 docti
776 4052 813 4113 ad
842 4052 921 4113 aliud
949 4068 1059 4131 genus,
1088 4061 1120 4113 ut
1146 4054 1170 4113 si
1200 4052 1280 4113 dicas
1314 4053 1415 4114 irater.

146 4152 266 4228 numquid
282 4154 353 4213 lacit
367 4154 478 4213 lratra?
502 4172 571 4215 occe
592 4154 650 4215 hoo
674 4162 718 4215 est
739 4156 843 4224 tirum,
868 4153 947 4233 quod
971 4173 1030 4215 non
1053 4163 1153 4233 potest
1174 4154 1253 4216 llecti
1277 4155 1312 4216 ad
1336 4154 1414 4216 aliud

196 4388 294 4457 lmox]
318 4392 393 4442 Pers.
411 4400 462 4442 eat.
482 4393 549 4453 o,5
619 4391 757 4443 3irruenis
778 4393 830 4443 BG
897 4394 968 4443 iocus
991 4410 1061 4445 corr.
1086 4394 1198 4443 iocosA
1270 4394 1414 4444 ddicimns

146 4465 163 4504 et
176 4460 274 4511 tabulata
288 4464 313 4511 Α
399 4462 534 4527 oquendo
552 4462 753 4513 deambulatorio
770 4462 822 4513 BG
909 4461 1055 4529 Sallustius]
1076 4462 1214 4515 Sallustius
1234 4464 1297 4513 libro
1317 4466 1325 4513 1
1344 4465 1414 4514 illum

146 4531 210 4579 usulis
229 4531 308 4582 iorum
327 4532 424 4583 Nouius
439 4548 466 4596 p.
489 4532 553 4595 206,
574 4535 607 4587 lu
677 4535 754 4583 etiem
779 4532 997 4583 deambulatorio
1022 4534 1042 4583 0
1110 4533 1126 4583 6
1152 4535 1238 4600 generi
1264 4534 1345 4585 Auo

144 4596 156 4644 1
171 4602 351 4654 coumodererat
362 4603 504 4655 Dietecdiue
517 4601 580 4655 Sall.
599 4606 658 4657 dist.
675 4604 770 4669 fragm.
785 4620 811 4668 p.
824 4605 858 4654 25
913 4602 945 4653 14
962 4618 1039 4667 quare
1056 4619 1101 4653 om.
1115 4604 1154 4667 Α,
1173 4605 1234 4656 add.
1249 4620 1266 4652 a
1320 4605 1352 4657 15
1367 4604 1414 4654 du·

145 4665 192 4728 plici
204 4672 279 4723 ABG
347 4674 380 4724 17
399 4674 500 4736 quaudo
516 4675 576 4723 uolo
591 4676 647 4724 dico
664 4674 704 4723 hic
723 4676 857 4740 pampinus
872 4674 974 4737 quaudo
990 4674 1047 4722 volo
1064 4674 1121 4722 dico
1135 4672 1197 4722 hoec
1212 4676 1349 4738 pampinus
1366 4690 1413 4724 om.

145 4738 261 4797 dudda
314 4744 408 4794 18oon
426 4742 621 4794 ideoBCanou
639 4745 711 4794 itaA
763 4743 1234 4809 22communieuimueroproutBG
1285 4745 1413 4811 uosttrps

143 4807 203 4868 pirus
218 4814 348 4877 pampinus
368 4813 455 4863 Bca*
474 4813 562 4878 stirpis
577 4829 681 4881 p..uus
699 4813 810 4881 (poenus
829 4818 858 4877 a)
874 4828 1017 4880 pampunus
1087 4813 1122 4864 28
1140 4828 1218 4878 pecus
1237 4829 1305 4869 corr.
1321 4830 1412 4881 specus

145 4875 164 4924 Α
220 4882 251 4935 dd
267 4883 417 4933 femininum
435 4899 569 4935 commuue
588 4888 609 4935 si
625 4886 697 4935 dicus
715 4884 772 4934 AB
792 4884 942 4935 femininum
962 4892 987 4935 et
1001 4899 1135 4937 commune
1157 4886 1178 4935 si
1197 4884 1270 4935 dicus
1290 4886 1311 4937 0

1149 4969 1213 5033 11*
