3525 5600
310 402 371 466 110
874 400 1028 481 rorum

332 511 480 565 pst-ssi..

306 593 354 652 illa
378 601 408 653 et
429 593 478 654 illa
500 593 596 654 littera
619 593 689 652 lacit
711 589 946 671 quattuordecim
969 589 1105 669 syllabas,
1130 599 1159 652 et
1180 589 1229 653 illa
1253 598 1282 652 et
1304 591 1352 652 illa
1375 599 1418 652 tot
1441 592 1521 662 lacit,
1550 608 1613 651 uec

305 695 438 756 ulterius.
476 695 560 754 Sinni
582 704 625 755 est
646 693 723 754 liber
745 693 906 773 Capitonis.
962 694 966 705 '

186 824 292 887 42232
389 799 468 875 Ergo
489 799 563 856 istae
585 803 655 857 sunt
679 795 881 856 semivocales.
927 804 1093 872 sequuntur
1116 805 1223 857 mutae.
1268 805 1368 858 mutae
1390 807 1458 858 sunt
1482 813 1612 862 novem,

306 899 324 959 b
347 919 364 959 c
385 898 403 958 d
426 917 444 976 g
467 899 485 958 li
509 897 527 958 k
549 918 567 977 p
590 918 609 977 q
631 906 650 957 t.
682 917 717 958 ex
733 897 779 957 his
794 898 870 956 duae
885 897 1052 977 superlluae
1068 897 1218 968 videntur,
1242 899 1307 958 ket
1322 919 1354 978 q,
1378 900 1520 979 quoniam
1549 915 1612 976 pro

304 1001 361 1060 illis
383 1020 399 1058 e
422 1007 520 1078 potest
539 1001 619 1078 poni.
653 998 726 1059 nibil
748 1001 882 1068 interest,
907 1007 1003 1060 utrum
1027 1018 1080 1078 per
1102 999 1120 1060 k
1144 1000 1256 1061 scribas
1271 1019 1308 1060 an
1324 1019 1377 1080 ρετ
1400 1019 1417 1078 q
1440 1019 1477 1061 an
1503 1017 1566 1079 per
1582 1017 1640 1058 cs

305 1101 378 1162 nibil
408 1105 548 1172 interest,
578 1110 677 1162 tamen
707 1109 752 1161 est
778 1101 876 1179 aliqua
898 1101 1071 1162 dillerentia.
1116 1101 1192 1180 apud
1222 1104 1349 1163 maiores
1371 1110 1488 1163 nostros
1511 1103 1613 1178 longe

303 1204 377 1264 aliae
406 1203 527 1278 regulae
557 1203 690 1270 luerunt,
720 1203 797 1281 apud
825 1221 880 1263 nos
908 1203 994 1280 louge
1019 1193 1095 1262 'arliae
1118 1211 1195 1264 sunt.
1242 1206 1369 1266 maiores
1392 1207 1501 1273 nostri,
1529 1223 1612 1283 (puo-

303 1308 507 1384 tienscumque
535 1324 550 1366 a
578 1304 771 1381 sequebatur,
801 1324 856 1384 ρετ
885 1304 903 1364 k
926 1303 1110 1366 scribebant:
1142 1315 1210 1386 puta
1234 1305 1331 1367 kanna
1353 1307 1443 1368 karus
1465 1306 1613 1367 kalamus

304 1417 399 1469 totum
427 1425 482 1486 per
510 1407 529 1466 k
556 1404 741 1475 scribebant,
770 1408 909 1498 quoniam
939 1426 955 1467 a
983 1406 1171 1486 sequebatur.
1217 1409 1305 1469 modo
1335 1427 1395 1469 non
1425 1409 1613 1470 scribuntur

303 1511 359 1571 nisi
384 1509 444 1569 duo
472 1507 630 1568 admodum
653 1506 758 1576 rerba,
789 1508 938 1586 Karthago
967 1518 995 1569 et
1022 1509 1198 1580 Kalendae..
1216 1519 1259 1580 et,
1283 1519 1315 1571 ut
1337 1511 1408 1572 dicit
1430 1511 1495 1580 ille,
1521 1510 1653 1588 quod1⁰

303 1612 409 1672 laisum
433 1619 489 1679 est,
514 1618 612 1688 caput.
644 1609 732 1670 modo
756 1612 835 1669 euim
856 1629 911 1690 per
934 1629 950 1670 c
973 1611 1127 1679 scribitur;
1152 1615 1265 1694 antiqui
1288 1631 1341 1692 per
1363 1614 1383 1673 k
1405 1611 1612 1693 scribebant,

303 1714 421 1794 quaudo
449 1711 587 1772 volebant
614 1711 773 1788 significari
802 1710 879 1788 quod
910 1731 925 1772 a
955 1714 1143 1804 sequebatur.
1191 1714 1395 1776 stultissimam
1430 1733 1494 1774 rem
1534 1714 1615 1774 dicit

303 1817 376 1876 iuba
400 1815 436 1875 de
458 1815 515 1876 bac
537 1832 583 1874 re:
607 1813 677 1874 dicit
701 1814 790 1873 ‘mibi
807 1813 921 1874 videtur
943 1814 1021 1875 illius
1044 1817 1088 1875 rei
1111 1834 1198 1876 causa
1214 1816 1306 1876 scribi
1329 1835 1383 1895 per
1404 1816 1439 1885 k,
1463 1816 1537 1876 ideo
1565 1819 1614 1876 sic

302 1921 395 1983 luisse
418 1919 620 1996 conpositum,
649 1924 694 1985 ut,
724 1915 842 1995 quaudo
863 1919 1042 1978 sententiam
1065 1936 1081 1978 a
1102 1917 1250 1978 iudicibus
1279 1918 1475 1998 accipiebant,
1501 1937 1565 1997 ρετ
1592 1917 1611 1977 k

304 2005 472 2080 scriberent
494 2027 598 2097 caput,
623 2019 704 2094 quasi
728 2019 937 2079 condemnatio
960 2017 1107 2098 capitalis,
1130 2019 1208 2098 quod
1232 2019 1288 2080 lroc
1311 2022 1408 2098 ipsum
1431 2028 1522 2099 caput
1549 2031 1653 2099 per15

304 2121 322 2181 k
346 2121 619 2182 condemnaretur'.
665 2120 742 2180 banc
764 2120 838 2180 dixit
859 2117 908 2179 ille
931 2123 1086 2180 rationem.
1124 2139 1196 2200 ergo
1219 2123 1306 2182 modo
1330 2141 1385 2183 nos
1407 2141 1461 2200 per
1483 2140 1501 2181 c
1525 2123 1613 2182 scri·

303 2224 409 2285 bimus.
453 2225 525 2282 item
559 2223 673 2301 antiqui
702 2225 811 2291 nostri,
846 2223 982 2301 quotiens
1014 2242 1034 2283 u
1067 2221 1264 2299 sequebatur,
1293 2243 1347 2303 ρετ
1370 2243 1389 2302 q
1415 2222 1610 2284 scribebant.

303 2325 392 2384 modo
415 2331 459 2384 est
481 2322 582 2401 regula
605 2325 731 2402 optima,
755 2323 860 2384 melior
882 2323 920 2385 ab
943 2327 1072 2403 antiqua.
1105 2343 1263 2404 numquam
1287 2343 1443 2404 possumus
1467 2344 1522 2385 nos
1549 2345 1613 2404 per

303 2445 323 2506 q
345 2425 493 2495 scribere,
518 2427 575 2485 nisi
596 2434 665 2504 post
687 2441 706 2502 q
727 2433 868 2505 sequatur
891 2445 910 2488 u
934 2435 963 2486 et
985 2436 1084 2506 postu
1107 2427 1162 2487 alia
1179 2435 1320 2506 sequatur
1336 2426 1455 2495 vocalis,
1480 2436 1612 2506 utputa

303 2532 370 2607 quia
398 2529 466 2588 ideo
494 2546 548 2606 per
575 2546 594 2606 q
617 2527 787 2596 scribimus,
817 2531 885 2607 quia
914 2537 982 2608 post
1004 2547 1023 2590 u
1046 2531 1181 2607 sequitur
1203 2529 1322 2589 vocatis.
1365 2531 1391 2590 si
1413 2537 1513 2590 autem
1541 2543 1653 2590 non2⁰
1727 2593 1728 2614 q

303 2638 443 2710 sequatur
464 2629 519 2691 alla
542 2629 664 2698 vocalis,
688 2649 742 2708 per
764 2649 781 2689 c
803 2629 977 2700 scribimus,
1008 2638 1040 2690 ut
1061 2632 1085 2689 si
1109 2629 1241 2691 dicamus
1262 2649 1345 2700 cum,
1375 2649 1429 2710 per
1452 2649 1468 2690 c
1490 2631 1610 2691 scribi·

304 2751 379 2794 mus.
417 2733 526 2813 quare?
549 2733 688 2811 quoniam
708 2741 776 2810 post
798 2749 817 2790 u
840 2749 900 2791 non
924 2734 1057 2812 sequitur
1080 2731 1135 2792 alia
1160 2732 1274 2815 ¹vocalis.
1321 2733 1386 2794 ideo
1409 2751 1463 2813 ρετ
1486 2753 1503 2794 c
1525 2733 1611 2794 scri·

304 2834 417 2903 bimus,
441 2836 580 2913 quoniam
603 2851 768 2894 consonans
791 2837 933 2913 sequitur.
971 2834 990 2893 h
1013 2835 1170 2914 aliquando
1192 2837 1332 2915 aspiratio
1355 2844 1412 2906 est,
1437 2834 1611 2913 aliquando

303 2938 415 3006 littera,
440 2944 510 3015 puta
532 2936 721 3015 ‘quisquis
743 2935 860 2995 bonos
883 2936 1049 3005 tumuli';
1075 2936 1121 2997 bio
1143 2940 1284 3017 aspiratio
1308 2946 1366 2998 est:
1395 2941 1520 3015 ‘terga
1548 2939 1564 2997 i
1570 2958 1611 2998 a·

303 3042 465 3117 tigamus
487 3037 628 3104 basta’;
653 3036 701 3097 bic
724 3036 727 3116 Ῑ
753 3056 808 3116 pro
830 3038 926 3098 littera
950 3036 1085 3098 babetur.
1118 3056 1193 3116 quae
1215 3040 1253 3099 sit
1275 3042 1348 3099 ratio
1371 3039 1459 3108 baec,
1484 3041 1517 3099 in
1542 3038 1610 3120 syl·
1625 3056 1653 3095 ss

303 3139 377 3202 labis
404 3140 550 3206 disemum
580 3158 616 3198 ex
645 3141 760 3199 ratione
788 3138 966 3219 syllabarum
990 3138 1205 3217 intellegimus,
1234 3140 1283 3200 ubi
1306 3143 1344 3201 sit
1365 3142 1521 3220 aspiratio,
1550 3142 1610 3202 ubi

303 3244 410 3304 littera.
442 3260 551 3322 puero
575 3250 604 3301 et
626 3260 642 3301 z
664 3259 788 3320 graecae
810 3248 894 3309 sunt3
918 3240 970 3301 sed
987 3244 1074 3301 etiam
1091 3242 1167 3321 apud
1192 3261 1245 3303 nos
1264 3244 1306 3302 sic
1328 3242 1482 3312 habentur,
1507 3262 1610 3321 quem

374 3466 385 3515 l
407 3463 466 3513 Xlll
488 3462 602 3527 syllabas
622 3462 704 3513 illuG
771 3466 786 3511 '2
806 3460 889 3529 Sirmi]
911 3464 960 3513 sini
980 3463 1012 3515 B,
1035 3462 1067 3512 de
1090 3460 1172 3526 Sirmii
1187 3464 1315 3528 Capitonis
1332 3462 1396 3517 libro
1415 3464 1560 3529 disputavit
1580 3464 1607 3517 I.

303 3535 433 3584 Beckeros
457 3536 581 3597 epbeaner.
606 3534 683 3597 antiq.
709 3532 861 3595 (Lucitas.
883 3532 1079 3597 Altertbumew.)
1097 3551 1123 3587 u,
1145 3533 1210 3583 litat
1227 3549 1256 3596 ρ.
1277 3532 1342 3584 1057
1418 3534 1608 3599 4εερει11εεε

304 3606 421 3653 uidemur
443 3604 459 3652 k
483 3616 506 3653 et
525 3619 540 3665 q
560 3604 680 3667 quonism
698 3602 723 3651 A
747 3618 921 3669 superuacuae
941 3613 999 3651 suut
1018 3603 1034 3651 k
1052 3613 1075 3651 et
1095 3618 1110 3665 q
1129 3606 1247 3666 quoniam
1271 3604 1294 3652 L
1314 3604 1457 3668 superlluue
1478 3605 1609 3653 uidentur

303 3675 319 3722 k
340 3683 363 3722 et
378 3691 393 3737 q
408 3674 526 3721 uidentur
540 3688 597 3722 esse
615 3674 760 3736 super-linae
777 3673 895 3737 quoniam
915 3673 992 3723 BCa
1080 3673 1175 3721 tinibil
1193 3674 1296 3721 interest
1313 3676 1456 3735 posteriore
1474 3678 1530 3724 loco
1552 3690 1605 3728 orn,

304 3744 357 3794 BC
426 3742 459 3792 to
477 3754 503 3790 ut
522 3743 582 3798 dicit
598 3742 641 3791 ille
659 3742 727 3803 qrrod
745 3742 838 3791 laisum
855 3754 894 3791 est
908 3740 979 3791 Boa
995 3752 1021 3792 ut
1040 3743 1102 3793 dicit
1119 3742 1164 3792 ills
1177 3744 1244 3806 quod
1262 3759 1275 3790 c
1290 3742 1383 3791 laisum
1404 3752 1443 3793 est
1461 3743 1485 3791 A
1506 3752 1534 3793 ut
1557 3745 1608 3793 illa

303 3830 323 3883 q
341 3812 496 3862 cinisum
483 3824 521 3861 est
537 3813 562 3861 L
634 3812 663 3862 ll
684 3812 780 3874 antiqui
800 3826 844 3875 per
863 3812 880 3861 k
899 3814 1042 3862 scribebant
1062 3814 1188 3893 quomodo
1208 3814 1327 3862 uolebant
1347 3812 1492 3878 significare
1513 3814 1591 3863 solis'
1579 3830 1608 3863 ι-

303 3899 368 3934 mum
387 3884 471 3932 dicit'
465 3898 525 3931 runa
544 3882 576 3930 de
594 3881 642 3931 bac
660 3898 687 3930 τε
706 3882 845 3930 dictamini
862 3884 961 3931 uidetur
980 3884 1029 3931 illis
1045 3884 1079 3931 rei
1097 3898 1174 3931 carisa
1192 3884 1267 3931 scribi
1288 3896 1333 3947 per
1354 3882 1441 3931 kideo
1460 3884 1498 3931 sic
1518 3882 1608 3933 luisse

302 3957 427 4020 possitum
448 3961 474 4002 ut
487 3970 510 4015 qr
506 3952 588 4001 runssdo
602 3952 751 4001 senteutiam
765 3968 780 3999 a
795 3952 920 4001 iudicibus
933 3952 1089 4017 accipiebant
1106 3968 1151 4019 per
1165 3953 1336 4003 inscribebant
1356 3953 1457 4032 quaudo
1473 3952 1607 4030 polebnnt

303 4041 440 4120 sigpilieari
457 4040 610 4119 solissimum
628 4038 732 4104 kapiton
751 4037 831 4103 kaput
849 4040 922 4101 (perusi
939 4040 1116 4089 condemnatio
1137 4040 1252 4104 capitulis
1273 4041 1296 4089 L
1359 4022 1400 4087 ''12
1417 4020 1609 4087 stultissimam

303 4109 351 4175 L'b
360 4108 515 4175 solissimnm
523 4107 774 4191 ABpotissimam,
791 4125 955 4185 ratissimam,
974 4128 1143 4189 aptissimam,
1162 4127 1322 4175 scitissimum
1344 4130 1382 4175 oei
1400 4124 1606 4175 subtilissimam

302 4196 681 4248 coniecitrilercktinnsl'dilol.
697 4213 720 4247 o
736 4196 824 4261 llllp
840 4194 905 4246 206:
928 4196 1066 4245 solitariam
1084 4196 1192 4245 litteram
1211 4197 1272 4245 dicit
1289 4196 1356 4247 lubn.
1377 4196 1408 4243 de
1425 4193 1472 4242 bac
1488 4210 1516 4241 τε
1535 4196 1605 4245 milii

303 4267 402 4314 vitietur
420 4267 499 4315 soiius
521 4267 558 4313 rei
576 4277 652 4329 caput
671 4268 748 4314 scribi
763 4281 808 4331 ρετ
827 4265 859 4328 k,
879 4266 955 4327 idque
973 4268 1010 4315 sio
1029 4266 1109 4315 luisse
1133 4268 1300 4329 compositum
1329 4276 1369 4317 ten
1393 4264 1488 4323 ΒτὶττΙε,
1515 4264 1607 4315 Inbue

201 4358 207 4369 ·
303 4335 432 4385 ltaurmtt
448 4338 496 4384 rel.
513 4336 646 4387 Ultruierti
664 4354 689 4384 n.
709 4336 775 4386 1854
792 4350 817 4397 ρ.
837 4338 863 4385 8.
883 4344 1028 4399 corruptum
1046 4338 1153 4385 coelicum
1170 4338 1322 4398 scripturum
1340 4336 1439 4399 reliqui,
1455 4342 1607 4395 propterea

302 4406 369 4471 quod
384 4407 436 4455 diei
449 4408 545 4471 nequit,
564 4406 653 4470 quibus
671 4405 851 4455 neronianae
871 4410 1057 4457 sentententiam
1071 4410 1232 4468 expresserit
1248 4406 1389 4469 Pompeias.
1423 4410 1533 4453 ceterum
1553 4406 1607 4455 lino

302 4479 344 4524 ile
361 4479 468 4526 notuisse
485 4476 591 4533 videtur,
605 4476 684 4540 kaput
698 4490 747 4537 per
765 4474 782 4523 k
797 4477 906 4525 litteram
925 4478 1010 4537 scribi,
1027 4477 1093 4542 onon
1105 4494 1137 4525 ea
1154 4478 1179 4527 in
1194 4478 1324 4526 sententiis
1341 4476 1446 4527 iudicum
1463 4476 1606 4535 capitalem

302 4548 524 4597 condemnationem
546 4548 701 4611 significaret
772 4546 804 4595 13
826 4546 858 4595 de
882 4546 929 4595 bne
951 4563 977 4595 re
1002 4548 1063 4595 dicit
1082 4546 1143 4595 niun
1164 4548 1205 4597 Oa
1223 4546 1254 4595 de
1276 4544 1323 4595 lruc
1341 4564 1367 4597 τε
1386 4544 1448 4593 mibi
1468 4544 1526 4595 AB

303 4618 361 4665 ideo
379 4619 401 4664 si
421 4616 541 4667 luisseG
627 4616 659 4665 18
679 4615 768 4664 melior
784 4617 816 4664 ab
834 4618 938 4677 antiqua
959 4616 1028 4665 nt'a
1054 4617 1142 4665 rruelior
1159 4618 1260 4680 antiqua
1279 4618 1302 4665 A
1390 4628 1530 4679 possumus
1551 4628 1605 4665 uos

304 4686 393 4735 BCu:
413 4700 460 4735 nos
477 4700 522 4735 om.
546 4688 570 4736 Α
659 4686 693 4735 22
714 4700 792 4748 quare
810 4700 937 4749 —perc
960 4688 1093 4735 scribimus
1110 4704 1156 4739 orn.
1175 4688 1210 4749 A,
1230 4688 1290 4737 ndei.
1310 4702 1327 4735 u
1415 4684 1555 4735 astinem
1576 4686 1603 4734 in

303 4753 410 4816 syllabis
429 4757 543 4806 dicemus
562 4756 679 4815 (dicimus
693 4755 744 4805 AC
760 4756 852 4803 dicitur
866 4762 892 4803 ut
905 4754 941 4817 L)
960 4764 1019 4819 puta
1033 4756 1114 4806 ABG
1121 4758 1143 4805 L
1196 4757 1311 4821 quisquis
1324 4756 1406 4805 bonus
1419 4754 1490 4803 AL:
1513 4756 1602 4819 Vei-9,

303 4825 367 4873 Aen.
383 4824 407 4872 X
425 4824 476 4875 49³
561 4822 644 4893 terga]
671 4824 996 4890 Verp.Aen.Vt111610
1084 4829 1117 4876 '25
1136 4844 1199 4891 quae
1219 4829 1253 4878 sit
1275 4828 1338 4876 sntio
1355 4826 1417 4875 baec
1441 4840 1473 4874 ex
1496 4824 1604 4877 ratione

304 4894 457 4961 syllabarum
476 4896 558 4946 ABG
573 4896 620 4946 boc
635 4912 667 4946 ex
684 4898 782 4945 ratione
799 4895 956 4959 syllabarum
975 4896 998 4945 L
