3525 5600
666 398 902 464 cnunmrvu
1368 397 1431 464 211

1246 521 1268 563 p.
1281 509 1371 551 coe-61
1385 509 1408 550 l.

165 589 239 654 menti
259 593 337 655 sunt;
368 605 461 648 unum
488 587 608 666 quidem
636 587 748 649 habent
769 595 945 668 utrumque,
972 588 1025 650 sed
1049 587 1166 652 diverso
1187 589 1285 650 allicio
1307 589 1432 668 lungun·

164 701 208 754 tur.
234 688 344 770 quando
367 707 434 750 oum
457 690 629 752 nominibus
651 692 814 760 declinant,
838 693 876 752 ita
901 689 1012 752 babent
1033 693 1115 771 qnasi
1137 691 1292 761 articulos;
1316 692 1433 769 quando

162 793 211 856 sola
235 789 377 852 declinant
404 794 595 871 pronomina,
624 793 736 856 habent
764 795 848 874 quasi
875 793 1064 872 pronomina.
1109 801 1143 855 ut
1170 802 1241 874 puta
1267 794 1317 855 hic
1344 793 1433 854 huius

162 897 230 956 huic:
251 895 273 954 si
295 892 389 954 solnm
413 893 470 956 boc
491 895 672 964 declinetur,
700 913 866 976 pronomen
894 903 954 962 est:
983 897 1008 955 si
1030 895 1112 956 dicas
1134 896 1182 956 bic
1206 900 1322 958 Aeneas
1343 897 1433 958 huius

142 1001 274 1064 ιιειειε,
297 996 355 1056 iam
378 996 520 1058 articulus
543 1007 596 1059 est.
627 997 685 1066 hoc
706 997 825 1078 quidem
847 997 904 1076 ipsi
926 995 983 1058 sibi
1003 1006 1230 1076 persuaserunt,
1255 1016 1310 1076 ego
1333 1005 1432 1058 tamen

161 1097 206 1159 illis
224 1115 279 1158 non
301 1097 400 1160 credo.
437 1096 525 1178 longe
548 1097 625 1160 alind
649 1107 694 1162 est
717 1098 859 1162 articulus
882 1106 912 1160 ει
933 1097 1022 1177 longe
1043 1099 1123 1161 alind
1144 1117 1321 1180 pronomen.
1362 1118 1432 1182 pro·

160 1217 250 1262 nomen
276 1207 321 1260 εει
349 1201 428 1280 quod
459 1202 593 1280 iungitur
621 1202 718 1264 oldclo
746 1203 876 1264 nominis
905 1203 987 1280 (nam
1015 1203 1055 1264 ita
1084 1202 1181 1282 dixit),
1203 1201 1357 1267 ,articulus
1389 1210 1434 1264 est

159 1301 224 1383 quod
244 1311 354 1364 coartat
376 1321 441 1364 nos.
475 1305 630 1383 Astyagius
652 1301 724 1365 illud
747 1305 791 1365 sic
813 1304 957 1364 delinivit:
981 1321 1146 1383 pronomen
1171 1302 1174 1384 l
1199 1312 1243 1364 est
1264 1304 1344 1384 quod
1365 1306 1431 1366 luu-

158 1407 222 1484 gitur
242 1404 338 1466 nldoio
359 1407 501 1477 nominis,
527 1405 690 1484 ‘Vergilius
713 1415 757 1468 est
779 1409 830 1485 qui
847 1407 970 1486 scripsit
985 1403 1130 1477 bucolica,
1154 1407 1220 1486 ipse
1234 1407 1322 1467 etiam
1345 1425 1431 1485 geor·

131 1509 236 1586 togim’.
277 1523 347 1568 ecoe
375 1506 463 1568 modo
490 1525 657 1587 pronomen
684 1510 748 1590 ipse
777 1517 835 1579 est,
866 1506 924 1570 tale
952 1514 996 1568 est
1028 1527 1062 1570 ac
1089 1510 1114 1567 si
1136 1507 1252 1569 diceres
1275 1508 1431 1586 Vergilius.

158 1627 215 1672 ecce
233 1609 288 1670 hoo
309 1627 475 1690 pronomen
499 1609 631 1672 iunctum
656 1619 701 1672 εει
723 1610 820 1672 officio
843 1611 982 1671 nominis.
1013 1630 1029 1671 e
1051 1612 1202 1672 contrario
1217 1627 1277 1671 non
1293 1609 1431 1690 estquod

158 1711 224 1774 dico:
250 1730 316 1774 nam
340 1710 458 1792 quando
486 1710 553 1772 dico
580 1706 598 1774 ὁ
622 1711 781 1792 Vergilius,
806 1729 866 1773 non
889 1721 935 1773 est
956 1713 1013 1774 boc
1036 1713 1113 1791 quod
1137 1719 1181 1773 est
1204 1712 1252 1773 bic
1274 1712 1427 1791 Vergilius

157 1831 202 1894 qua
222 1814 351 1875 ratione?
380 1815 520 1892 quoniam
549 1816 600 1893 qui
623 1813 694 1876 dicit
715 1810 734 1876 d
758 1813 919 1894 Vergilius,
948 1833 1010 1876 non
1032 1831 1248 1894 quemcumque
1270 1813 1430 1893 Vergilium

156 1916 297 1993 significat,
321 1915 374 1976 sed
396 1914 478 1977 illum
501 1919 551 1998 qui
573 1925 660 1980 notus
682 1926 735 1978 est.
780 1915 906 1978 multum
927 1918 1054 1978 interest
1072 1915 1314 1978 inter-articulos
1336 1924 1366 1977 ει
1386 1916 1431 1976 in-

129 2025 193 2078 oter
212 2035 383 2098 pronomen.
427 2018 525 2080 Latini
552 2019 750 2081 confuderunt
776 2017 863 2088 illud,
893 2019 980 2080 istam
1007 2037 1072 2080 rem
1103 2019 1361 2098 perturbaverunt.
1406 2020 1431 2079 si

156 2119 235 2182 dicam
257 2122 355 2181 ‘venit
377 2119 493 2192 bomo’,
517 2138 587 2182 ecoe
610 2120 750 2200 generale
773 2129 834 2190 est;
863 2121 942 2200 quod
964 2123 990 2182 si
1011 2120 1107 2184 dicam
1129 2121 1228 2182 ‘venit
1249 2115 1268 2181 ὁ
1290 2113 1431 2201 ἄνθρω-

155 2225 234 2294 πος’,
261 2225 319 2284 iam
348 2241 407 2284 non
436 2231 481 2284 εει
508 2223 662 2302 generale,
690 2224 780 2285 bomo
808 2209 1002 2303 quicumque,
1033 2223 1086 2284 sed
1108 2223 1219 2301 redigis
1240 2221 1277 2284 ad
1299 2224 1430 2303 speciem

155 2330 228 2384 ιιιιε
248 2343 403 2405 personae.
448 2320 551 2408 [quod]
580 2326 611 2385 in
633 2327 811 2405 pronomine
832 2325 890 2386 hoc
912 2342 972 2385 non
994 2334 1080 2405 potes
1101 2325 1215 2394 lacere,
1243 2324 1296 2384 sed
1317 2325 1343 2384 si
1363 2326 1429 2384 iun·

154 2427 233 2497 reris,
261 2426 358 2487 cilicio
386 2427 519 2506 iungitur
544 2427 638 2508 ipsius
666 2445 820 2507 personae.
866 2428 945 2489 unde
974 2425 1060 2488 aliter
1081 2428 1211 2507 positum
1233 2433 1286 2487 est.
1331 2434 1430 2487 tamen

126 2527 339 2589 accusatorum
365 2527 437 2590 illud
459 2529 565 2591 Latini.
611 2541 765 2609 praeterea
793 2527 948 2592 sciendum
971 2537 1016 2590 est
1037 2529 1115 2610 apud
1138 2530 1265 2590 Graecos
1286 2529 1318 2589 in
1339 2547 1430 2608 quae·

151 2630 234 2692 stione
255 2648 320 2692 esso
342 2630 408 2692 boo.

223 2731 332 2794 Neuter
360 2741 428 2795 uter
455 2753 531 2796 unus
559 2733 634 2796 alius
662 2732 738 2796 nllus
766 2733 853 2796 ambo
881 2733 956 2796 alter
983 2741 1110 2815 uterque
1138 2741 1322 2814 quaeruntur
1355 2749 1429 2812 quae
1442 2747 1501 2811 436,
1514 2747 1547 2797 28

152 2834 203 2893 sint
225 2843 322 2915 partes
354 2837 511 2907 orationis,
548 2846 647 2899 utrum
679 2838 799 2899 nomina
831 2840 891 2899 sint
918 2856 956 2899 an
984 2838 1171 2917 pronomina.
1215 2836 1294 2915 apud
1327 2835 1428 2917 [alios]

152 2934 296 3015 plerosque
318 2938 485 3001 invenimus
508 2958 572 3003 esse
595 2940 730 3009 nomina,
755 2939 832 3021 apud
847 2940 1006 3020 plerosque
1021 2941 1210 3021 pronomina.
1242 2940 1429 3000 etsiverum

124 3051 273 3116 nquaeras,
290 3058 327 3101 ει
343 3040 455 3102 maiore
477 3048 562 3121 parte
584 3043 704 3103 nomina
726 3050 810 3111 sunt,
835 3060 870 3103 ex
887 3043 1000 3102 maiore
1019 3043 1127 3103 iterum
1146 3050 1230 3121 parte
1252 3042 1429 3121 pronomina

152 3150 218 3203 sunt.
246 3150 345 3205 tamen
361 3146 501 3222 quoniam
524 3143 714 3223 ambiguitate
736 3147 861 3212 utimur,
885 3141 1029 3205 debemus
1050 3143 1168 3205 adferre
1189 3142 1330 3221 reguiam,
1354 3161 1429 3221 quae

152 3241 273 3305 excludat
300 3242 522 3324 ambiguitatem
550 3246 655 3326 ipsam.
700 3246 815 3309 Probum
843 3248 1025 3307 enumeravit
1052 3247 1151 3306 omnia
1179 3246 1371 3324 pronomina,
1400 3250 1431 3303 ει

153 3342 264 3407 diximus
292 3344 296 3425 Ι
325 3348 385 3407 iani
407 3350 547 3426 quoniam
576 3350 674 3411 omnia
701 3349 878 3428 pronomina
901 3349 1004 3426 viginti
1025 3354 1056 3407 ει
1076 3365 1168 3408 nnnm
1190 3353 1269 3407 sunt.
1314 3346 1429 3405 inistis

151 3445 378 3523 pronominibus,
409 3468 484 3530 quae
511 3448 630 3529 collegit
657 3450 772 3513 Probus
798 3452 902 3529 viginti
929 3458 960 3511 et
980 3466 1088 3519 unum,
1110 3451 1165 3510 ista
1187 3448 1225 3508 de
1247 3447 1353 3527 quibus
1374 3446 1429 3507 dn·

125 3548 244 3612 adludo
265 3558 311 3613 εει
332 3568 394 3612 non
415 3552 613 3615 inveniuntur.
658 3552 737 3613 unde
761 3560 886 3633 apparet
907 3552 1047 3632 quoniam
1069 3570 1131 3612 non
1153 3559 1222 3611 sunt
1242 3550 1428 3630 pronomina,

152 3652 195 3711 sed
220 3655 346 3715 nnmirra.
390 3654 415 3714 si
444 3656 523 3716 enim
551 3662 652 3717 essent
678 3656 870 3735 pronomina,
899 3653 959 3715 illic
985 3655 1204 3721 invenirentur:
1240 3651 1285 3712 vel
1312 3653 1337 3711 si
1364 3653 1429 3730 ipsa

153 3770 202 3815 non
227 3756 445 3825 invenirentur,
474 3755 519 3817 rel
547 3760 631 3835 origo
660 3774 765 3819 eorum
793 3755 897 3817 debuit
922 3757 1058 3818 inveniri.
1102 3754 1229 3815 diximus
1257 3755 1335 3814 enim
1363 3770 1429 3814 esse

152 3855 235 3935 aliqua
259 3858 438 3938 pronomina
466 3876 540 3938 quae
569 3860 773 3939 conpositione
795 3860 871 3920 lacta
894 3865 977 3929 sunt,
1001 3859 1084 3939 qnasi
1104 3858 1175 3919 binc
1195 3864 1295 3917 tamen
1317 3854 1429 3915 habere
1490 3862 1494 3867 '

152 3958 280 4035 crigirmm
311 3958 402 4041 [qnae
430 3968 500 4021 sunt
527 3960 582 4022 alia
610 3962 694 4041 quasi
724 3980 798 4022 nora
825 3962 1018 4040 pronomina,
1053 3959 1123 4020 inde
1151 3959 1303 4039 conposita
1332 3952 1426 4036 suut].

209 4199 226 4247 2
243 4200 341 4262 qnando
358 4214 414 4249 enm
433 4200 576 4249 nominibus
589 4198 720 4265 (omnibns
735 4200 759 4249 A
774 4215 844 4251 corr.
865 4200 1011 4251 nominibus
1030 4196 1058 4263 a)
1075 4200 1111 4248 ile
1128 4196 1251 4247 babemus
1269 4195 1343 4259 quasi
1357 4194 1430 4244 ABG

210 4266 363 4335 doeringius
382 4270 407 4319 B
427 4270 543 4336 nstpgius
560 4269 581 4320 0
599 4269 715 4335 astpgios
733 4284 801 4324 corr.
820 4272 873 4319 -ins
892 4272 917 4320 A
934 4270 1043 4337 astigins
1062 4270 1144 4319 codex
1160 4266 1343 4332 Neapolitanus
1361 4265 1431 4314 Maii

153 4335 217 4386 durs.
236 4346 299 4389 αιει.
313 4340 417 4403 mllp.
434 4340 484 4391 152
536 4339 610 4391 9εει
628 4356 674 4391 om.
694 4338 734 4402 A,
752 4342 813 4393 add.
832 4358 849 4391 a
903 4341 936 4392 10
959 4342 1058 4391 diceres
1076 4339 1152 4388 Aca
1174 4335 1305 4386 diceritA
1376 4336 1428 4383 uir·

153 4406 220 4468 gilius
231 4424 285 4459 eree
299 4408 352 4459 AG
367 4410 487 4477 uirgilins
501 4417 539 4459 est
557 4425 615 4459 eece
633 4408 696 4459 Bo*
751 4410 783 4460 12
801 4425 858 4461 nem
874 4410 975 4473 qnando
993 4410 1051 4459 dieo
1069 4424 1115 4461 om.
1136 4408 1171 4466 A,
1191 4408 1252 4456 add.
1272 4423 1296 4456 a.
1312 4405 1428 4467 sortasse

153 4480 293 4529 scorbario
310 4494 450 4545 pronomen
467 4494 517 4529 non
534 4489 573 4530 εει
590 4478 639 4529 bno
656 4478 723 4542 qnod
744 4478 833 4531 Graeci
858 4480 944 4529 dicunt
960 4472 986 4534 d.
1011 4494 1069 4529 nem
1087 4478 1189 4542 qnando
1261 4474 1293 4526 lo
1312 4489 1327 4525 o
1345 4484 1429 4525 antro·

153 4542 453 4615 phosAonntbropbus
470 4550 496 4601 B
520 4548 719 4615 .antlrropns0
789 4550 822 4602 lii
844 4558 927 4617 potest
944 4548 998 4600 Ac
1066 4548 1100 4598 20
1126 4548 1151 4597 iu
1173 4546 1348 4610 quaestionem
1371 4559 1428 4594 esse

154 4618 272 4677 a,en.A
340 4620 374 4669 22
396 4628 551 4685 quaeruntur
568 4619 642 4669 Bua
665 4629 791 4681 quaerunt
810 4621 834 4669 A
913 4620 948 4670 23
970 4620 1034 4671 alios
1056 4634 1103 4671 om.
1122 4618 1149 4667 B
1217 4616 1251 4665 25
1273 4631 1306 4664 ex
1331 4616 1428 4664 minore

154 4682 274 4737 lteman
340 4690 373 4739 27
389 4688 497 4757 Probus]
520 4692 661 4741 inclinari.
674 4704 700 4751 p·
718 4689 765 4741 131
782 4706 838 4757 sqq.
926 4686 1119 4755 recolliget?
1204 4686 1236 4737 31
1256 4684 1429 4734 senoniensi

154 4768 213 4810 corr.
232 4758 371 4809 sienimA
441 4758 475 4810 32
498 4756 595 4826 eorum]
619 4774 705 4809 ειιιιιιι
723 4760 807 4810 ABG
874 4758 909 4811 33
928 4757 1024 4827 aliqua]
1045 4756 1199 4808 elieABO
1267 4755 1335 4806 laeta
1353 4754 1429 4805 BCa

155 4822 244 4877 lectiA
308 4828 520 4898 ecquaenam]
546 4830 725 4896 quiasuntB
795 4830 845 4881 alia
864 4829 1108 4895 quasinonnBCa
1125 4828 1200 4891 quasi
1219 4828 1285 4876 iuter
1302 4825 1343 4890 (.)
1361 4838 1428 4874 nerra

155 4894 176 4941 Α
241 4900 365 4965 conposita
382 4900 455 4952 aua
473 4901 597 4967 conpositi
616 4900 640 4949 A

1161 4982 1225 5045 14*
