3525 5600
657 328 894 394 comitatior
1367 328 1426 394 153

1242 451 1264 492 p.
1278 439 1366 482 ira-at
1379 436 1401 478 1.

148 541 194 584 nos
214 520 268 580 ltoc
289 537 409 580 serrare
428 518 587 589 debemus,
613 526 645 580 ut
666 520 767 581 senior
790 519 924 580 dicamus
945 520 976 579 in
999 517 1139 589 masculo,
1162 519 1193 580 in
1215 519 1324 580 lamina
1348 517 1426 580 dica·

147 641 203 686 mus
222 624 316 698 monia
338 640 421 684 anus.

218 723 297 795 Quae
319 726 439 786 nomina
462 726 705 804 conparationem
727 725 893 803 recipiunt?
916 725 956 785 ait
977 743 1010 785 ea
1034 743 1108 804 quan
1130 729 1201 786 sunt
1221 723 1372 804 qualitatis
1396 730 1495 792 attor,
1510 732 1540 780 ta

146 828 317 908 quantitatis,
346 834 380 887 ut
406 826 548 898 diximus,
577 845 593 887 a
616 832 756 906 quattuor
777 824 868 886 rebus
893 825 1078 896 trahuntur„
1095 825 1132 888 ab
1154 827 1267 895 animo,
1292 845 1307 886 a
1332 825 1336 908 Ι
1361 800 1498 886 cor-‘²⁹¹’
1512 801 1545 848 3³

126 948 223 1009 sporo,
251 929 449 998 extrinsecus,
479 948 496 990 a
524 946 672 990 mensura
722 929 777 989 ista
810 935 881 990 sunt
913 929 1032 990 nomina
1075 946 1151 1008 quac
1184 929 1426 1008 conparationem
1483 967 1486 976 .

146 1032 295 1110 recipiunt,
328 1029 410 1092 nulla
441 1029 510 1091 alia:
547 1030 584 1091 ab
612 1032 711 1091 animo
745 1047 821 1110 quae
849 1031 985 1099 veniunt,
1020 1031 1123 1092 doctus
1156 1029 1275 1104 stultus,
1311 1029 1427 1092 doctior

146 1133 338 1202 doctissimus,
366 1131 486 1194 stultior
512 1131 716 1200 stultissimum
745 1149 924 1212 acorpore,
948 1131 1073 1212 pulcher
1096 1132 1251 1202 candidus,
1274 1131 1427 1212 pulchrior

146 1233 360 1314 pulcherrimus,
383 1233 538 1296 candidior
559 1232 802 1304 candidissimns;
826 1235 1022 1305 extrinsecus,
1045 1235 1075 1295 id
1098 1242 1143 1296 est
1165 1254 1180 1296 a
1204 1235 1331 1304 iortuua,
1355 1252 1426 1314 pau-

145 1335 305 1416 perdives,
329 1337 490 1417 pauperior
510 1337 733 1416 pauperrimus,
756 1335 873 1397 divitior
896 1335 1100 1405 divitissimum
1123 1357 1139 1398 a
1162 1355 1298 1398 mensura
1321 1336 1427 1414 longus

119 1438 227 1508 uirtus,
255 1437 369 1516 longior
396 1437 600 1517 longissimus.
629 1436 717 1499 latior
744 1435 913 1500 latissimus.
957 1441 1025 1518 quia
1054 1438 1127 1500 dixit
1149 1438 1265 1500 divitior
1287 1438 1422 1500 divitissi·

148 1559 217 1610 mus,
239 1559 276 1600 ue
296 1548 384 1620 putes
405 1539 482 1603 male
498 1559 563 1602 esse
577 1539 704 1610 dictum,
727 1542 805 1601 scire
828 1537 920 1601 debes
941 1541 998 1602 ista
1020 1539 1104 1603 aliter
1127 1539 1283 1610 declinari,
1307 1539 1424 1621 quando

147 1643 260 1704 dicimus
287 1643 371 1704 dives
397 1643 514 1704 divitior
541 1643 742 1704 divitissimus.
787 1643 813 1702 si
841 1644 899 1731 erit
926 1641 1089 1722 principale
1117 1635 1177 1713 dis}
1208 1649 1240 1704 ut
1261 1642 1372 1721 legistis
1394 1645 1424 1704 in

147 1746 275 1806 Terentio
308 1745 382 1806 ‘dis
413 1744 474 1825 pol
508 1763 612 1806 esses
639 1745 798 1814 Demea’,
828 1743 875 1804 dis
902 1743 991 1806 ditior
1019 1745 1189 1806 ditissimus.
1235 1761 1309 1822 ergo
1335 1744 1423 1813 vides,

148 1867 214 1928 qaae
241 1848 358 1910 uomina
380 1855 596 1928 conparantur:
624 1865 701 1927 qnae
722 1854 792 1908 sunt
813 1845 961 1926 qualitatis
984 1855 1013 1908 et
1035 1848 1214 1927 quantitatis.
1258 1865 1292 1908 ea
1315 1854 1425 1917 autem,

119 1969 214 2030 nquae
235 1967 292 2012 non
314 1957 384 2011 suut
404 1948 552 2030 qualitatis
573 1957 603 2010 et
624 1949 808 2030 quantitatis,
838 1968 897 2012 uon
921 1951 1069 2030 recipiunt
1090 1950 1342 2028 conparationem.
1388 1967 1426 2011 nc

147 2060 172 2112 te
196 2048 349 2135 delcipiant
374 2050 423 2112 illa
450 2050 584 2114 Plautina
612 2059 643 2112 et
669 2051 825 2112 Afraniana
857 2051 961 2120 verba,
997 2053 1178 2131 ipsissimus:
1217 2052 1284 2112 ioco
1311 2053 1426 2113 comico

148 2153 197 2214 loc
215 2153 293 2214 dixit.
337 2162 384 2214 est
413 2154 501 2215 etiam
530 2153 608 2232 apud
627 2153 762 2214 'Graecos
782 2145 964 2226 αὐτότατος
986 2151 1053 2214 tale.
1097 2155 1209 2216 comica
1231 2160 1301 2216 sunt
1322 2155 1374 2214 ista
1399 2161 1428 2214 et

147 2255 179 2315 ad
198 2263 286 2317 anem
309 2273 369 2316 non
390 2255 551 2335 pertinent.
589 2273 660 2334 ergo
682 2273 744 2316 non
765 2256 914 2336 recipiunt
936 2257 1177 2335 conparationem
1206 2256 1263 2316 nisi
1290 2273 1323 2316 ea
1352 2274 1427 2335 (puae

148 2365 209 2418 suut
235 2355 384 2437 qualitatis
417 2365 448 2418 et
476 2359 656 2437 quantitatis.
701 2357 829 2418 diximus
861 2361 920 2418 iam
956 2357 1013 2418 hoc
1042 2359 1167 2437 saepius.
1212 2355 1284 2419 illud
1307 2375 1425 2427 nomen,

119 2458 216 2540 nquod
236 2461 266 2520 iu
287 2459 502 2522 dubitationem
524 2462 617 2530 venit,
640 2460 763 2521 Latinus
777 2459 910 2522 Latinior
926 2459 1130 2520 latinissimus
1151 2461 1304 2540 quaeritur
1325 2457 1447 2522 utrum'

148 2562 275 2623 dicamus.
320 2564 347 2623 si
374 2581 391 2623 a
418 2570 507 2642 gente
534 2560 675 2633 volueris,
705 2581 765 2624 non
792 2560 880 2632 dicis,
908 2561 939 2622 id
966 2569 1011 2622 est
1043 2563 1069 2623 si
1097 2580 1113 2622 a
1141 2569 1229 2640 gente
1258 2561 1355 2624 dictus
1383 2569 1428 2622 est

148 2664 270 2734 manns,
294 2683 383 2744 quem
406 2664 442 2726 ad
466 2663 586 2728 modum
608 2663 707 2726 italus.
745 2663 888 2744 numquid
916 2682 1038 2744 possum
1061 2663 1161 2726 dicere
1184 2663 1284 2726 ltalior
1306 2662 1426 2726 ltalissi·

149 2768 221 2829 nusi
247 2785 334 2850 quem
357 2765 393 2828 ad
415 2765 536 2828 modum
558 2767 643 2830 dier:
671 2767 815 2848 numquid
843 2785 963 2847 possum
993 2765 1093 2829 dicero
1121 2766 1219 2829 Airior
1245 2767 1427 2829 tierrimus‘i

149 2869 279 2947 quemad
300 2868 425 2929 morium
439 2867 554 2931 Gallus:
580 2869 721 2950 numquid
744 2870 810 2931 dico
826 2868 938 2931 Gallior
953 2868 1154 2931 Gallissimusi
1176 2870 1219 2929 sic
1243 2888 1260 2921 r
1277 2868 1426 2931 Latinissi·

120 2989 212 3037 amus.
251 2973 277 3031 si
304 2979 404 3033 autem
431 2971 469 3033 ad
495 2972 693 3065 qlpcntionem
713 2976 848 3048 respicit,
877 2974 985 3051 recipit
1012 2971 1264 3051 conparationem.
1309 2980 1379 3051 puta
1403 2972 1429 3033 si

150 3073 218 3133 dicas
238 3079 312 3151 ‘quo
328 3074 419 3135 modu
433 3073 601 3153 loquitnrl'
624 3080 655 3135 et
673 3073 770 3135 dicam
790 3073 895 3144 latine,
919 3074 1026 3155 recipit
1040 3075 1292 3153 conparationem.
1317 3074 1426 3150 quare?

116 3254 118 3258 ι
150 3177 206 3255 qnia
226 3177 327 3257 incipit
348 3194 415 3238 esse
437 3176 585 3258 qualitatis
607 3175 645 3238 ab
667 3178 766 3237 animo
791 3176 864 3258 [quo
893 3176 982 3239 modo
1005 3176 1155 3255 loquitari
1178 3174 1294 3255 latine}
1330 3182 1428 3237 minen

150 3276 197 3338 ltoc
214 3280 310 3357 ipsum
331 3285 457 3359 propter
478 3276 702 3357 ambiguitatem
716 3278 866 3343 vitandum
883 3288 941 3351 est,
965 3298 1003 3339 ne
1025 3277 1167 3339 cadamus
1183 3280 1213 3339 in
1234 3276 1427 3339 calumniam:

150 3378 254 3441 latinior
274 3398 335 3441 non
364 3378 507 3443 debemtu
534 3381 649 3451 dicere,
674 3398 852 3462 quamquam
875 3381 912 3442 de
935 3378 1111 3461 elocultione
1126 3380 1258 3441 dicamus
1275 3388 1304 3441 et
1325 3398 1427 3459 posse-

123 3500 205 3545 umus
223 3482 336 3552 dicere;
365 3490 465 3545 tantm
492 3480 637 3545 debemus
665 3486 756 3545 vitare
777 3490 902 3565 propter
924 3483 1115 3553 calumniam,
1145 3484 1277 3561 quamvis
1299 3500 1354 3543 nos
1376 3482 1426 3543 de-

153 3582 291 3646 tendnus.
322 3586 411 3645 etiarn
427 3586 532 3645 Cicero
555 3587 654 3645 vitavit
673 3588 705 3645 in
727 3594 809 3647 serta
830 3588 1035 3656 verrinarum,
1060 3587 1158 3647 ‘cum
1180 3585 1261 3646 dico
1278 3586 1427 3646 Verrem

210 3789 222 3838 l
240 3791 264 3838 iu
279 3791 374 3840 lemina
391 3792 507 3841 dicamus
526 3804 591 3839 auus
607 3790 633 3840 B
652 3792 676 3839 in
691 3790 785 3840 semitm
803 3805 868 3841 anus
887 3790 957 3841 AC:
975 3791 1010 3853 τί.
1030 3791 1132 3843 Cledcrr.
1151 3804 1177 3853 p.
1199 3790 1272 3843 tetta.
1290 3789 1357 3841 1895

154 3855 210 3906 duit
225 3875 253 3909 ea
270 3864 295 3909 ia
312 3864 388 3911 litare
407 3862 441 3911 A.
462 3862 578 3921 sortasse
594 3861 695 3923 plenior
710 3862 794 3911 Servii
812 3862 960 3912 perdonari
977 3862 1086 3925 definitio
1105 3860 1207 3910 excidit.
1228 3869 1255 3909 ut
1271 3861 1428 3911 suadendum

153 3928 191 3988 vit,
204 3930 236 3978 ait
252 3931 293 3985 ita,
311 3946 362 3980 nou
382 3932 466 3980 omnia
484 3930 610 3995 recipiunt
628 3931 843 3995 conparationem,
864 3932 908 3981 sed
927 3946 956 3979 aa
975 3940 1115 3993 quaesunt
1136 3931 1265 3993 qualitatis
1285 3940 1308 3979 et
1329 3932 1427 3994 quanti-

155 4000 210 4048 tatis.
227 4010 349 4051 mantem
362 4016 428 4063 quae
443 4009 503 4049 suut
520 4000 650 4063 qualitatis
669 4011 693 4050 et
711 4002 868 4065 quantitatis,
887 4009 914 4049 ut
926 4001 1039 4051 diximus
1052 4009 1099 4051 etc.
1124 4032 1126 4037 ·
1151 3999 1167 4049 tt
1185 4000 1363 4066 pauperrimus
1377 4002 1428 4050 AG

154 4070 351 4132 pauperrissimus
367 4071 392 4121 B
409 4073 587 4137 pauperrimus
602 4072 641 4119 uel
658 4072 870 4136 pauperrissimus
887 4067 921 4119 a*
976 4071 1048 4120 dines
1067 4070 1169 4119 diuitior
1186 4071 1357 4120 diuitissimus
1370 4069 1428 4120 AB

195 4138 225 4188 ill
237 4140 294 4201 quia
310 4141 375 4191 dixit
388 4141 493 4190 divitior
505 4140 603 4202 referri
611 4149 693 4201 potest
705 4141 742 4191 ad
751 4157 783 4191 ec
796 4156 862 4207 qaae
877 4146 936 4189 aaut
946 4142 1016 4203 apriti
1027 4140 1100 4205 Sery.
1115 4156 1144 4203 p.
1160 4139 1221 4203 492,
1236 4141 1248 4190 l
1263 4140 1335 4190 dives
1352 4140 1428 4190 ditior

156 4207 186 4256 tel
201 4207 305 4267 divitior,
323 4213 374 4261 nisi
389 4212 473 4273 potius
485 4213 661 4274 armornm
677 4213 781 4273 scripsit
792 4211 861 4275 quad
875 4211 928 4258 dixi
945 4211 1046 4260 divitior
1101 4210 1130 4260 11
1146 4224 1196 4260 non
1212 4220 1285 4275 putes
1298 4210 1381 4259 ABG

157 4279 240 4335 qnando
257 4279 363 4330 dicimus
380 4282 454 4331 dines
466 4277 556 4330 aaa*
574 4281 675 4343 quando
694 4281 767 4330 dines
780 4282 804 4329 A
817 4276 872 4344 (tlt
890 4281 1121 4343 fortasseqnando
1140 4280 1248 4329 dicimus
1267 4280 1347 4339 dives,
1368 4278 1428 4328 lacit

156 4346 213 4397 dives
229 4349 328 4400 divitior
399 4353 432 4402 12
446 4352 469 4401 si
486 4351 577 4400 eritA
595 4364 645 4400 nou
663 4350 780 4401 eritBG
839 4352 865 4399 in
879 4348 1008 4416 Terentio]
1027 4350 1134 4413 Adelplt.
1156 4350 1177 4399 V
1198 4350 1306 4411 l‚8dis
1325 4350 1427 4412 quidem

157 4430 220 4477 rues,
237 4418 336 4483 Demea,
353 4436 384 4471 ac
399 4429 467 4470 tuem
486 4436 538 4468 rem
555 4418 746 4470 constabilisses
819 4420 850 4471 13
871 4421 911 4469 dis
931 4420 972 4485 pol
993 4435 1064 4469 esses
1082 4423 1164 4485 (cerr.
1180 4422 1230 4468 esis
1250 4419 1277 4483 b)
1294 4420 1384 4469 demea
1403 4419 1427 4468 B

157 4485 188 4534 dit
201 4488 298 4553 polletis
314 4492 406 4540 demea
424 4490 499 4541 Gdis
517 4490 641 4554 polenses
660 4491 824 4541 demeacnam
842 4506 963 4553 quaerere
981 4490 1005 4538 A
1060 4491 1092 4541 15
1109 4503 1159 4539 nou
1173 4500 1232 4541 suut
1245 4490 1371 4553 qualitatis
1385 4499 1427 4539 ant

158 4559 319 4616 quantitatisc
372 4560 626 4612 idaliraniannAC
679 4560 712 4610 19
728 4562 858 4623 qualitatis
876 4567 919 4609 aut
938 4560 1122 4623 qrmntitntisC
1176 4560 1209 4609 20
1229 4560 1255 4608 in
1270 4560 1428 4609 dubitatione

157 4624 202 4675 ΑΒ
262 4628 295 4680 23
313 4628 621 4681 altioralrissimusBG
688 4632 722 4680 25
740 4632 845 4697 respicit
860 4646 907 4679 arn.
925 4630 1009 4680 ABG
1069 4629 1103 4679 29
1121 4629 1236 4679 dicamus
1254 4638 1427 4695 etpossemns

157 4693 219 4745 lida
234 4712 282 4748 non
298 4701 412 4750 dicamus
433 4711 458 4749 et
476 4714 613 4764 possumus
628 4700 652 4749 A
706 4700 740 4751 30
758 4701 920 4751 delendimus
934 4700 989 4749 AB
1005 4699 1173 4749 defendamus
1192 4700 1232 4749 Gd
1285 4700 1316 4749 31
1337 4700 1428 4749 uitauit

158 4763 310 4833 Hmiapem
327 4772 353 4821 in
377 4770 453 4824 Mati.
476 4769 567 4823 rtem.
585 4784 613 4831 p.
629 4771 663 4819 oa
686 4772 782 4821 uelauit
800 4771 882 4820 ABG
953 4770 984 4821 31
1004 4772 1163 4819 trnrrinnrum
1182 4770 1216 4821 0.-
1232 4772 1257 4819 in
1280 4772 1357 4821 Verv.
1376 4778 1425 4823 nrt,

157 4847 198 4884 tec.
211 4836 254 4887 llll
271 4838 296 4899 l,
313 4841 330 4889 2
399 4855 498 4891 uersam
515 4829 536 4890 C
552 4855 642 4889 uerren
660 4841 685 4889 A
701 4850 802 4891 uerrent
820 4842 846 4892 B
