3525 5600
519 383 720 446 EXCERPTA
742 383 943 446 Bessrssnsn
966 380 1080 442 6-11,
1382 379 1443 442 637

1031 529 1039 550 Ι
1257 503 1277 542 p.
1293 492 1337 530 149.
1352 491 1377 530 50
1391 488 1418 529 V.

153 565 302 650 ἐκφέρω,
329 567 445 649 βάλλω
472 567 667 651 συμβάλλω,
690 567 780 632 πλέω
803 567 949 642 ἐκτελέω,
973 567 1077 651 τρέχω
1101 566 1255 650 ἐκτρέχω.
1289 570 1366 649 apud
1388 569 1443 628 La·

153 674 235 733 tinos
256 673 344 733 modo
366 675 482 751 integra
504 682 689 753 permanent,
711 673 799 735 modo
813 682 1057 753 corrumpuntur,
1081 691 1169 732 curro
1191 691 1344 752 percurro,
1368 669 1444 732 vello
1507 665 1514 678 “

152 773 237 835 vellis
258 775 368 836 revello
390 775 517 844 revellis,
551 775 629 836 bello
650 776 742 837 hellas
763 775 876 836 rebelle
898 775 1034 844 rebellas,
1070 775 1153 835 tralro
1176 774 1294 836 retralro
1321 772 1443 833 detraho

151 875 302 946 distraho,
334 896 413 956 pono
434 895 586 959 praepone
607 879 738 957 depono,
771 879 836 938 lero
859 879 962 938 delere
990 879 1143 957 praelero;
1174 880 1246 937 item
1268 878 1345 936 facio
1374 893 1442 934 een-

124 979 221 1039 osrcio
242 979 358 1049 inficio,
381 997 484 1058 premo
506 982 660 1059 corrprimo
681 982 831 1059 exprimo,
855 983 980 1041 aestimo
1003 982 1155 1050 existimo;
1179 985 1208 1040 et
1231 978 1358 1057 amplius
1379 979 1443 1056 ipsa

149 1081 242 1140 etiam
269 1082 451 1160 praepositio
478 1081 564 1142 simul
587 1101 654 1142 eum
677 1079 771 1144 verbe
793 1089 938 1151 mutatur,
966 1083 1043 1142 l'acio
1065 1084 1172 1152 cilicio,
1196 1083 1279 1160 rapio
1301 1081 1441 1158 corripio,
1540 1107 1542 1112 ·

147 1181 218 1258 lego
239 1183 317 1260 eligo
339 1183 456 1261 colligo.
502 1184 580 1262 apud
602 1184 732 1245 Graecos
753 1155 990 1264 praepositiones
1012 1184 1111 1244 verbis
1137 1183 1268 1244 adiectae
1290 1188 1442 1242 accentum

146 1285 311 1344 eorundem
326 1296 489 1354 reservant,
512 1281 633 1365 γράφω
652 1281 865 1365 καταγράφω,
889 1281 1003 1364 βάλλω
1012 1281 1215 1364 ’καταβάλλω
1238 1277 1441 1363 περιβάλλω,

147 1381 243 1465 φέρω
265 1381 446 1467 περιφέρω,
470 1387 562 1447 καλοί
584 1387 776 1457 cavanaici,
799 1381 921 1466 yiv'per
943 1379 1139 1466 άνιιγλύφω.
1169 1387 1264 1446 Latini
1286 1391 1441 1448 accentum

112 1489 184 1547 1⁰in
208 1488 275 1548 aliis
297 1496 424 1558 serrant,
448 1492 479 1549 in
502 1489 568 1550 aliis
589 1496 713 1560 nrutant,
736 1498 769 1550 ut
791 1507 880 1550 curro
902 1508 1073 1569 praecurro,
1097 1507 1174 1568 porm
1189 1505 1350 1568 praepono,
1374 1505 1440 1566 pre·
1532 1505 1543 1512 ”

150 1589 250 1649 hendo
272 1590 470 1670 reprehendo,
493 1593 559 1650 lero
573 1592 686 1661 adiero,
709 1609 781 1670 gero
797 1594 911 1670 ingero,
935 1594 1009 1652 trice
1025 1593 1143 1660 relrico,
1166 1592 1213 1649 vio
1234 1589 1329 1658 devio,
1353 1589 1441 1656 trudo

150 1692 304 1762 contraho,
327 1692 392 1770 lego
415 1693 534 1770 colligo,
568 1712 671 1772 premo
693 1694 838 1774 deprimo.
883 1695 960 1774 apud
984 1695 1132 1754 llomanos
1153 1692 1231 1753 nulla
1258 1691 1440 1770 praepositio

150 1793 291 1856 adiuncta
319 1795 419 1856 verbis
446 1801 542 1855 mutat
568 1797 820 1874 coniugationem,
854 1794 950 1858 clame
978 1797 1087 1857 clamas
1120 1792 1251 1854 declamo
1284 1792 1439 1860 declamas,

149 1914 258 1956 moneo
289 1915 392 1957 mones
425 1916 597 1958 commoneo
625 1917 807 1967 commones,
842 1917 909 1958 erno
937 1901 1011 1959 emis
1045 1904 1148 1956 coemo
1173 1897 1303 1964 coiimiS,
1327 1894 1441 1954 dormio

109 2012 137 2048 15
150 1996 265 2057 dormis
291 1998 478 2077 praedormio
505 1999 700 2078 praedormis,
730 2001 851 2061 mordeo
873 2001 992 2061 mordes
1022 1999 1217 2079 praemordee
1239 1995 1438 2076 praemordes‚

148 2101 236 2158 mitto
258 2101 351 2159 mittis
372 2103 530 2180 praemitto
552 2103 727 2180 praemittis
772 2109 803 2162 et
834 2102 1017 2179 generaliter
1050 2103 1146 2162 omnia
1179 2119 1255 2180 quae
1288 2100 1439 2178 conposita
1479 2107 1484 2186 ,

148 2210 221 2262 sunt
253 2202 378 2263 eandem
400 2221 489 2282 quam
510 2205 543 2264 in
565 2203 754 2282 simplicitate
777 2204 1005 2265 declinationem
1027 2203 1225 2290 custodiunt,-
1239 2219 1342 2280 premo
1371 2217 1438 2279 pre·

146 2305 207 2363 uris
239 2306 375 2383 opprime
396 2305 549 2383 opprimis,
573 2305 639 2382 lege
662 2305 737 2383 legis
759 2306 865 2383 colligo
888 2306 1018 2383 colligis,
1049 2307 1086 2365 do
1109 2305 1143 2364 ds
1166 2305 1207 2372 lit,
1232 2303 1355 2364 rnadello
1377 2321 1437 2376 rnae

147 2405 222 2466 detis
243 2405 371 2474 madelit,
394 2404 497 2466 caleiio
518 2405 618 2466 caletis
638 2407 743 2476 ealelit,
766 2411 935 2486 expergesre
957 2409 1121 2486 expergelis
1143 2406 1313 2484 expergefit.
1348 2422 1437 2482 quae-

105 2507 285 2566 oriturae
307 2507 355 2566 lris
376 2506 492 2567 duobus
513 2507 623 2577 verbis,
647 2510 751 2569 antero
773 2519 804 2569 et
826 2510 955 2587 aufugio,
979 2508 1057 2569 unde
1080 2508 1232 2587 conposita
1255 2506 1324 2565 sint.
1362 2523 1437 2582 quae

147 2608 253 2668 Cicero
275 2611 306 2668 in
339 2607 424 2668 liltris
447 2609 483 2668 de
506 2617 624 2670 oratore
647 2630 682 2670 er
704 2613 922 2691 praepositione
945 2610 982 2671 ab
1004 2611 1156 2690 conposita
1184 2627 1249 2668 esse
1277 2607 1436 2676 existimat,

146 2718 177 2771 et
203 2712 272 2790 quia
301 2709 339 2770 ab
367 2719 434 2771 ante
462 2711 626 2774 llitteram
654 2712 761 2773 durum
783 2712 915 2782 sonabat,
944 2709 1067 2788 veszam
1089 2718 1289 2789 mutatamque
1312 2726 1377 2768 esse
1399 2707 1436 2768 ab

144 2815 177 2873 in
200 2831 237 2873 au
259 2812 410 2893 syllabam,
433 2832 493 2893 quo
515 2834 569 2875 vox
591 2817 744 2876 sonantior
766 2818 860 2877 deret.
895 2816 950 2876 hoc
972 2813 1096 2884 Tullius,
1124 2813 1345 2893 potentissimus
1370 2810 1435 2871 lati-

144 2914 247 2975 nitatis
268 2915 412 2976 adsertor.
457 2916 509 2975 sed
531 2916 681 2997 plerisque
704 2918 815 2997 placuit
836 2937 872 2977 ex
895 2936 1001 2995 graeco
1022 2914 1144 2997 μορίῳ,
1174 2915 1203 2975 id
1226 2922 1271 2975 est
1291 2913 1435 2994 particula

102 3029 131 3069 2⁵
144 3003 201 3085 αὖ,
223 3016 297 3079 lraee
319 3020 559 3097 esse‘conposita
582 3020 617 3079 ad
640 3020 866 3081 similitudinem
889 3018 969 3081 illius
992 3011 1181 3097 ‘adinvento
1208 3008 1269 3097 pte
1290 3014 1434 3095 πρῶτά,

144 3125 175 3177 et
197 3118 268 3179 alilri
291 3111 451 3200 εἄβρομοι
472 3113 632 3199 αὐίιιχοι’,
655 3122 684 3181 id
708 3131 754 3182 est
774 3120 938 3183 retrorsum
959 3127 1122 3189 traxerunt,
1145 3120 1338 3179 reticuerunt.
1383 3116 1434 3197 qui

144 3220 313 3281 intellectus
328 3227 359 3280 et
372 3223 403 3281 in
419 3224 539 3299 aufugio
562 3224 642 3283 etin
666 3226 768 3284 aulero
790 3226 935 3302 congruit.
980 3223 1062 3285 addit
1086 3223 1134 3283 lris
1155 3220 1292 3298 Nigidius
1313 3221 1434 3279 tertium
1447 3238 1532 3297 mue

143 3328 279 3391 autumo,
313 3341 380 3382 cum
403 3324 507 3385 credat
526 3322 600 3384 illud
623 3344 659 3385 er
682 3325 787 3386 eadem
808 3328 1029 3405 praepositione
1052 3331 1081 3383 et
1103 3325 1227 3384 aestimo
1254 3320 1345 3380 verbo
1367 3338 1432 3380 esse
1461 3340 1462 3345 ¹

142 3424 338 3503 conpositum,
362 3431 394 3484 nt
416 3426 455 3485 sit
477 3433 626 3505 tamquam
640 3426 812 3497 abaestimo,
836 3410 1006 3507 dictumque
1031 3426 1173 3487 intercise
1189 3431 1316 3492 autumo,
1339 3422 1432 3482 idem·

101 3540 201 3603 reque
223 3526 391 3602 significare
420 3527 498 3605 quod
528 3531 667 3599 aestimo,
696 3532 774 3590 sieut
799 3528 962 3590 abnunrero
990 3530 1068 3589 idem
1097 3546 1161 3588 esse
1189 3526 1268 3607 quod
1297 3542 1432 3585 numero.

141 3626 222 3705 quod
248 3646 308 3687 non
327 3622 429 3689 ⁴solum
452 3629 483 3689 id
505 3630 662 3707 signifieat,
694 3649 797 3692 verum
819 3633 909 3691 etiam
932 3631 998 3691 dico
1020 3650 1128 3691 censeo
1151 3628 1292 3689 adsevero
1313 3626 1359 3686 vel
1380 3626 1431 3687 ad·

140 3730 237 3797 lirmo,
261 3737 295 3789 ut
316 3730 392 3807 apud
415 3722 590 3791 Terentiuln
614 3733 665 3792 ‘et
686 3732 821 3793 deinde
843 3736 1029 3795 iacturum
1052 3732 1243 3793 autumat'.

225 3829 306 3890 llaec
333 3839 483 3912 tamquam
510 3835 678 3893 eommunia
700 3837 891 3913 praemisisse
910 3836 1059 3907 sufficiam
1088 3852 1166 3895 nime
1189 3832 1224 3891 ad
1247 3851 1281 3891 ea
1303 3850 1379 3910 quae
1399 3831 1428 3889 in
1448 3848 1548 3907 eroes,

139 3933 205 4011 ipsa
228 3932 426 3994 declinatione
449 3943 518 3997 sunt
539 3934 722 3996 observanda
744 3938 910 3998 redeamus.
941 3936 1109 3997 declinandi
1123 3942 1219 3997 audem
1236 3932 1320 3993 verbi
1336 3916 1431 3993 series¹

97 4050 156 4093 aaa
189 4034 439 4096 modis⁸necesse
472 4044 519 4096 est
545 4045 642 4097 sumat
668 4038 838 4099 exordium:
872 4058 940 4099 narn
967 4040 1038 4100 lrinc
1066 4037 1142 4117 apud
1170 4036 1298 4097 Graecos
1326 4034 1430 4095 modus

138 4132 286 4212 ἔγκλισις
307 4135 481 4215 appellatur,
504 4124 579 4200 οἷον
601 4134 639 4199 ἐν
660 4125 684 4220 ᾖ
704 4134 725 4218 ἡ
749 4139 868 4213 κλίσις.

208 4323 220 4369 1
235 4322 328 4372 niano
340 4323 466 4373 εκκλεκω
478 4338 566 4388 τρεκω
578 4340 699 4385 antaeum
711 4325 737 4374 B
805 4329 820 4376 ‘1
834 4326 889 4390 lego
903 4326 968 4392 eligo
983 4326 1073 4390 colligo
1085 4331 1144 4389 port
1158 4323 1274 4372 existimo
1286 4322 1385 4385 scriptu
1402 4323 1428 4369 in

137 4388 163 4437 B
180 4388 228 4437 leue
245 4393 437 4454 tramponendu
455 4407 511 4470 ecee
527 4394 590 4443 vidit
608 4395 692 4444 editor
713 4395 915 4445 Vindoboneneie
983 4396 999 4443 9
1016 4393 1108 4443 nullm
1124 4390 1292 4441 catenatio
1303 4390 1427 4470 'plavem

135 4456 1427 4593 tramitinudiididittartt‘ltttt‘limittit'”ttittttriani

134 4592 218 4643 Ianua
287 4594 319 4643 18
336 4594 434 4659 college
451 4595 592 4657 collegisB
661 4600 692 4647 19
709 4598 847 4662 quaeritur]
866 4598 1023 4652 certxve
1091 4598 1122 4645 21
1142 4598 1167 4645 in
1185 4595 1256 4644 libris
1269 4594 1300 4643 de
1313 4588 1424 4658 oratore]

133 4668 203 4712 orat.
215 4662 258 4719 47,
272 4664 321 4713 158
389 4661 422 4713 23
440 4678 490 4727 quo
504 4664 598 4714 Gellius
609 4665 678 4727 quod
691 4664 716 4713 B
784 4668 817 4715 24
834 4665 924 4731 μορίῳ
936 4668 977 4717 ed.
993 4666 1070 4715 Vina.
1084 4664 1133 4714 orri
1146 4680 1214 4714 corr.
1229 4663 1319 4713 mortio
1334 4662 1358 4711 B

163 4787 171 4805 ‚
202 4732 236 4779 25
252 4744 398 4793 αυιροσαν
414 4747 562 4796 pompato
578 4732 618 4781 B.-
637 4733 712 4785 Hom.
730 4732 763 4785 It.
779 4738 801 4785 A
818 4737 867 4785 459
935 4736 968 4785 26
988 4722 1119 4800 ἄβρομοι]
1142 4729 1357 4783 Hom.1l.N1ll

132 4797 261 4861 colazoo
277 4800 367 4863 lepiaae
381 4802 570 4863 praromotieum
585 4803 692 4851 coniecit
703 4802 785 4853 lanus
852 4806 884 4854 31
902 4802 1026 4867 significet
1038 4802 1063 4851 B
1131 4802 1163 4852 32
1181 4800 1250 4866 apud
1266 4796 1423 4869 Terentium]

133 4866 264 4915 Heauton.
283 4869 334 4915 tim.
351 4869 464 4931 proclo
532 4870 566 4919 36
578 4881 666 4931 ιγισις
678 4868 703 4917 B
771 4868 876 4935 κλίσις]
894 4872 992 4938 κλησις
1004 4870 1029 4921 Β
