3525 5600
786 325 858 385 lits
1411 336 1474 400 335

191 510 296 576 eadem
310 529 394 595 quae
409 505 605 572 Consentius
621 504 643 570 l.
660 530 688 572 6.
711 505 902 572 Palaemoni
917 509 1034 574 tribuit
1050 511 1091 576 de
1113 513 1317 598 temporibus
1332 520 1473 602 optativi

190 622 219 677 61
238 609 430 696 coniunctivi
458 607 657 693 antiquiores
680 607 811 672 Donato
841 609 960 674 artium
984 614 1159 697 scriptores
1183 614 1334 681 docuisse
1357 619 1474 686 scribit

190 712 366 779 Priscianus
399 708 420 774 l.
452 709 574 774 XVIII
600 731 633 794 p.
663 708 741 789 266,
772 709 820 772 10.
856 709 898 774 66
926 712 1035 776 Ρ6666
1067 713 1149 777 61611
1181 726 1321 782 6666161.
1370 720 1472 806 Aspri

190 813 341 879 sententia
362 811 404 876 de
426 809 656 897 episynalipha
677 810 710 872 in
726 831 824 874 versu
839 809 978 894 Vergilii
993 813 1076 878 Aen.
1093 814 1145 878 13
1167 816 1257 881 facta
1279 818 1322 882 ad
1337 821 1471 886 Aemilii

189 914 280 1000 Aspri
301 911 567 978 commentarium
583 909 810 996 Vergilianum
832 913 949 976 referri
970 916 1101 999 poterit.
1137 915 1197 980 sed
1217 919 1352 1002 gravius
1374 943 1471 1007 quam

187 1017 257 1080 haec
279 1014 424 1094 nomina,
447 1035 531 1098 quae
553 1009 690 1096 singulis
712 1011 792 1076 locis
807 1025 1060 1081 commemorata
1074 1026 1166 1098 sunt,
1188 1028 1240 1084 661
1260 1019 1360 1103 11166,
1382 1025 1472 1107 6666
1584 1034 1586 1038 ’

187 1139 238 1204 per
262 1125 365 1182 totum
391 1115 512 1180 librum
542 1113 582 1177 de
609 1113 738 1177 nomine
767 1123 800 1178 et
828 1116 931 1181 verbo
959 1115 1100 1202 plurima
1129 1127 1163 1181 et
1190 1140 1264 1183 cum
1284 1121 1415 1188 Donato
1437 1136 1471 1190 et

186 1241 252 1284 cnm
272 1216 421 1282 Charisia
450 1223 483 1280 et
509 1214 670 1294 Diomede
698 1216 913 1283 consentiunt.
957 1225 993 1282 et
1016 1218 1183 1283 Donatum
1210 1220 1343 1305 quidem
1368 1225 1403 1287 in
1430 1249 1470 1290 ca

185 1327 270 1406 parte
290 1339 375 1404 quae
404 1326 455 1382 est
482 1315 523 1381 de
550 1317 680 1382 nomine
702 1339 768 1382 non
790 1315 895 1382 solum
918 1318 1032 1383 ordine
1053 1340 1160 1382 rerum
1183 1343 1266 1406 quae
1288 1334 1470 1392 tractantur

185 1431 214 1485 et
233 1421 353 1484 ratione
375 1417 565 1505 disputandi
587 1426 734 1496 servata,
762 1417 820 1482 sed
849 1418 949 1484 etiam
976 1420 1087 1485 verbis
1116 1423 1262 1507 repetitis
1285 1434 1355 1494 tam
1375 1447 1466 1491 aecu-

185 1530 246 1586 rate
272 1522 418 1607 sequitur
447 1518 659 1600 Consentius,
687 1529 725 1583 ut
751 1529 808 1584 aut
834 1519 943 1605 ipsum
970 1522 1138 1587 Donatum
1166 1531 1224 1586 aut
1250 1524 1467 1610 antiquiorem

184 1633 342 1687 auctorem
364 1620 484 1686 abillo
507 1641 697 1706 expressum
720 1619 750 1683 ei
772 1629 847 1684 ante
870 1620 981 1686 oculos
1003 1621 1106 1686 inisse
1128 1645 1261 1688 necesse
1282 1625 1335 1690 sit.
1372 1626 1406 1689 in
1427 1649 1468 1692 ea

183 1733 268 1810 parte
290 1732 399 1788 antem
421 1744 505 1808 quae
534 1731 585 1786 est
611 1722 651 1786 de
672 1721 776 1788 verbo
798 1743 994 1808 quamquam
1021 1724 1119 1809 paulo
1140 1722 1270 1809 longius
1293 1747 1314 1789 a
1334 1726 1465 1794 Donato

182 1824 311 1904 recedit,
339 1833 448 1888 tamen
474 1823 509 1886 in
536 1823 597 1886 hac
625 1843 753 1908 666666
780 1832 895 1908 aperte
922 1822 964 1889 ab
991 1823 1048 1889 illo
1077 1824 1207 1910 pendet.
1251 1825 1315 1890 666
1340 1827 1466 1894 accedit

181 1925 260 2012 qnod
281 1947 353 1989 cum
375 1925 415 1989 iis
438 1945 565 2011 quoque
588 1924 643 2010 qui
666 1923 915 1988 commentarios
934 1924 969 1988 in
983 1924 1152 1991 Donatum
1174 1927 1377 2014 scripserunt
1390 1951 1465 1994 oon-

180 2025 267 2112 plnra
288 2026 473 2098 communia
492 2025 601 2090 hahet.
647 2046 748 2111 quare
770 2047 835 2111 quo
864 2024 996 2091 facilius
1017 2025 1073 2091 ille
1098 2049 1276 2092 consensus
1298 2029 1465 2116 intellege·

180 2135 278 2209 retur,
300 2148 453 2192 numeros
475 2125 671 2212 paginarum
693 2135 728 2191 et
747 2147 904 2190 versuum
926 2149 969 2191 ex
989 2147 1063 2191 mea
1084 2128 1227 2194 editione
1249 2129 1375 2196 Donati
1396 2133 1463 2196 suis

180 2227 251 2294 locis
271 2229 307 2292 in
329 2228 533 2314 marginibus
556 2226 726 2314 adscripsi.
771 2225 914 2291 Charisii
936 2249 1015 2292 vero
1037 2239 1070 2294 61
1092 2227 1263 2294 Diomedis
1285 2253 1462 2298 consensus

178 2353 239 2396 nan
259 2329 363 2395 solum
385 2330 428 2394 ad
450 2350 489 2393 ea
510 2349 594 2414 6666
616 2326 680 2392 illis
695 2349 770 2392 curn
783 2327 916 2393 Donato
931 2331 1116 2394 communia
1131 2340 1208 2396 6661
1229 2331 1381 2416 pertinet,
1403 2333 1463 2399 sed

178 2432 269 2496 stiam
288 2454 332 2495 ex
352 2433 394 2494 iis
422 2452 505 2516 quae
528 2429 710 2516 praeceptis
732 2429 856 2494 Donati
884 2451 905 2494 a
926 2430 1101 2495 Consentio
1123 2431 1238 2496 addita
1260 2443 1337 2496 sunt
1357 2434 1462 2500 multa

178 2553 245 2598 cum
264 2533 305 2597 iis
328 2553 412 2618 qnae
433 2529 522 2618 apud
549 2529 623 2596 illos
651 2531 808 2616 leguntur
833 2528 930 2616 plane
952 2532 1171 2597 consentiunt.
1215 2535 1309 2598 cuius
1330 2536 1460 2620 generis

178 2631 318 2718 exempla
338 2633 483 2697 maxime
505 2631 732 2698 memorabilia
754 2641 830 2696 6661
852 2631 949 2713 6666,
972 2654 1058 2719 6666
1078 2633 1255 2720 adscriptis
1279 2633 1361 2699 locis
1376 2635 1459 2701 Cha-

176 2737 240 2801 risii
260 2745 292 2801 61
313 2731 501 2817 Diomedis,
529 2733 588 2798 uhi
615 2733 730 2798 eadem
757 2744 935 2820 praecepta
961 2744 1051 2816 sunt,
1074 2733 1234 2820 indicavi,
1257 2759 1289 2823 p.
1311 2735 1396 2801 2032
1418 2737 1459 2802 66

176 2837 297 2901 casibus
320 2836 429 2902 Diom.
452 2858 484 2921 p.
507 2836 586 2915 301,
608 2835 661 2899 32.
683 2833 811 2900 Charis.
835 2836 911 2915 154,
934 2836 973 2918 6,
996 2859 1029 2922 p.
1052 2836 1137 2901 2035
1160 2836 1201 2900 66
1221 2838 1356 2902 nomine
1380 2844 1460 2904 atius

176 2938 320 3021 genetiro
342 2945 475 3001 6616616
497 2935 624 3001 Charis.
647 2960 680 3023 p.
706 2936 782 3017 159,
805 2936 856 3001 28.
880 2936 992 3001 Diom.
1015 2960 1046 3023 p.
1069 2937 1149 3017 333,
1171 2937 1228 3019 28,
1257 2960 1290 3023 p.
1312 2938 1398 3004 2050
1418 2940 1459 3004 66

175 3038 462 3123 significationibus
484 3037 658 3103 verborum
674 3038 783 3103 Diom.
806 3060 836 3124 p.
852 3038 925 3118 336,
950 3037 1006 3119 18,
1035 3060 1067 3124 p.
1083 3036 1168 3102 2065
1190 3037 1231 3102 66
1254 3041 1356 3105 verbo
1378 3046 1459 3105 soleo

175 3139 276 3205 lutura
304 3148 436 3205 carente
465 3138 592 3204 Charis.
615 3162 646 3225 p.
669 3138 748 3218 248,
774 3138 828 3220 10,
857 3162 889 3225 p.
913 3138 1000 3203 2070
1021 3138 1063 3202 66
1085 3136 1209 3224 duplici
1229 3140 1458 3225 coniugatione

173 3240 258 3306 verbi
278 3248 349 3306 lava
371 3240 480 3305 Diam.
502 3263 534 3326 p.
555 3240 630 3321 381,
656 3240 710 3322 12,
733 3263 766 3326 p.
781 3240 864 3304 2071
881 3262 951 3326 sqq.
972 3239 1218 3305 observationes
1241 3240 1282 3304 de
1304 3250 1458 3327 quattuor

173 3342 449 3427 coniugationibus
477 3342 652 3407 verborum
680 3339 806 3405 Charis.
836 3363 869 3426 p.
894 3340 955 3404 176
976 3362 1047 3425 sqq.
1075 3339 1184 3405 Diom.
1214 3364 1247 3427 p.
1275 3342 1339 3405 346
1365 3364 1456 3428 666,

172 3466 202 3528 p.
221 3443 302 3509 2073
334 3442 374 3507 66
403 3442 547 3529 perfecto
576 3450 720 3529 tempore
747 3441 841 3508 verbi
867 3449 946 3507 satio
979 3442 1088 3506 Diam.
1114 3464 1147 3527 p.
1174 3442 1255 3525 374,
1276 3443 1312 3523 5,
1340 3442 1386 3507 16.
1415 3444 1456 3508 66

172 3544 337 3631 participio
360 3550 424 3608 iens
447 3542 573 3609 Charis.
596 3566 628 3630 p.
653 3544 722 3623 173,
747 3544 764 3606 7
789 3544 917 3623 61261,
942 3544 997 3625 13,
1021 3542 1061 3607 de
1083 3542 1194 3608 verbis
1216 3545 1381 3629 praesenti
1404 3543 1457 3608 vel

172 3644 310 3729 perfecto
333 3654 480 3731 tempore
503 3642 664 3710 similibus
689 3643 813 3708 Charis.
835 3667 868 3731 p.
890 3645 964 3724 247,
985 3644 1027 3707 22
1049 3643 1177 3725 61256,
1203 3644 1252 3707 12.
1288 3645 1353 3708 iam
1376 3667 1456 3711 vero

172 3766 238 3809 cum
269 3757 302 3811 et
335 3745 563 3811 Palaemonem
597 3768 618 3810 a
651 3744 799 3810 Charisia
831 3755 864 3810 61
886 3745 1048 3811 Diomede
1074 3753 1267 3830 usurpatum
1295 3746 1393 3809 semel
1421 3756 1455 3811 61

171 3844 323 3928 Probum,
346 3848 399 3911 eui
421 3834 562 3933 plurima
589 3870 631 3911 ex
657 3847 698 3910 iis
721 3868 804 3933 6666
825 3846 1005 3912 Diomedes
1028 3844 1070 3909 de
1091 3846 1193 3911 verbo
1215 3855 1453 3911 commentatus

171 3958 216 4012 est
236 3947 412 4031 debentur,
441 3948 474 4012 in
502 3948 615 4013 eadem
638 3956 730 4035 parte
752 3949 830 4011 item
852 3945 953 4011 semel
974 3945 1029 4013 vel
1061 3946 1113 4011 bis
1135 3945 1348 4034 appellaverit
1370 3946 1454 4011 Con-

170 4122 230 4182 6166
243 4124 465 4187 procidentesque,
483 4124 562 4172 solam
584 4120 630 4170 tibi
647 4121 808 4171 acrimoniam
827 4118 974 4180 Quintiliani
992 4135 1158 4186 pompamque
1177 4120 1291 4169 Palladii
1307 4124 1455 4183 comparari

171 4219 214 4253 aaa
228 4205 335 4271 amhipo.
370 4206 466 4269 itaque
489 4204 524 4255 66
541 4204 709 4256 Palaemone
731 4203 840 4254 rhetore
863 4206 972 4255 incerta
989 4208 1054 4254 sunt
1070 4204 1169 4254 omnia.
1204 4218 1269 4252 nam
1287 4217 1451 4267 usquequa

172 4292 254 4339 astate
278 4290 383 4341 vixerit
408 4290 522 4353 scimus,
549 4304 638 4354 66666
663 4288 697 4339 66
721 4288 909 4353 grammaticis
932 4288 992 4339 eius
1013 4288 1112 4339 6166116
1135 4287 1280 4352 quidquam
1306 4287 1452 4338 memoriae

171 4372 296 4434 proditam
316 4384 368 4427 est.
405 4373 438 4424 66
457 4376 516 4424 arte
534 4377 626 4425 autem
638 4372 814 4423 Palaemonis
832 4384 887 4424 non
905 4376 1023 4434 6666161,
1040 4376 1129 4423 atrurn
1147 4372 1247 4422 librum
1264 4371 1452 4422 1166611116-

171 4454 291 4511 lsemonis
321 4461 431 4509 nomine
457 4458 620 4524 inscriptum
648 4462 676 4509 61
702 4458 830 4509 diuturno
849 4470 902 4507 666
926 4455 1083 4507 scholarum
1108 4459 1259 4506 tractatum
1285 4457 1452 4521 posteriores

171 4543 332 4603 grammatiei
349 4542 510 4605 habuerint,
535 4558 571 4593 an
593 4546 655 4609 past
676 4543 749 4592 6666
772 4542 858 4591 inerit
875 4540 1073 4605 grammaticus
1090 4541 1200 4591 nomine
1216 4540 1382 4604 Palaemon,
1402 4542 1450 4605 qni

171 4622 242 4675 istum
258 4628 358 4677 librum
378 4626 527 4692 scripserit.
564 4626 629 4677 illud
648 4631 740 4677 tamen
758 4627 801 4676 his
820 4640 891 4690 quae
910 4623 1077 4677 Palaemone
1096 4628 1208 4674 auctore
1228 4639 1245 4674 a
1263 4625 1452 4690 grammaticis

172 4706 250 4759 relata
267 4716 332 4761 sunt
351 4716 477 4761 constare
496 4714 570 4777 pato,
590 4711 731 4775 aliquanto
751 4710 935 4773 antiquiorem
955 4724 1015 4759 esse
1034 4708 1107 4759 6666
1125 4710 1351 4781 grammaticum,
1371 4723 1451 4773 qnam

172 4796 342 4858 666661666
360 4794 441 4845 finem
460 4797 552 4859 quarti
570 4794 677 4845 6666611
696 4795 729 4845 66
748 4799 808 4845 arte
828 4794 1008 4860 scripserunt.
1242 4793 1246 4802 '
