3525 5600
309 366 369 444 156,
507 332 514 342 ’
875 363 1027 426 ronrsu

332 489 354 530 p.
368 475 458 518 tto-us
472 475 488 515 L
1323 536 1327 552 ἢ

72 621 81 641 Ι
187 567 246 629 431,
262 569 293 617 14
389 556 558 616 Tractatum
574 562 621 614 est
634 554 690 615 boc
706 574 722 614 a
736 552 836 614 Probo
851 550 952 621 aliter,
969 571 985 613 a
1001 551 1113 613 Donato
1130 550 1224 634 aliter.
1252 551 1384 612 Donatus
1400 547 1441 610 ait
1455 548 1612 628 ‘quinque

306 664 376 718 sunt
396 655 551 727 adverbia,
580 674 656 735 quae
679 673 738 716 non
761 654 905 716 debemus
926 655 1050 733 iungere
1073 655 1129 716 nisi
1152 654 1278 734 positivo
1300 660 1429 721 tantum,
1453 658 1516 714 tam
1544 663 1610 708 ma-

306 761 351 836 gis
373 759 500 820 mammo
523 758 620 818 minus
642 763 672 818 et
693 758 843 818 minime'.
873 758 929 818 ista
952 758 1080 836 quinque
1102 761 1173 817 sunl
1193 774 1247 836 per
1269 774 1301 818 se
1323 754 1471 816 alienato
1495 752 1610 833 posita.

306 868 375 940 puta
397 870 457 922 tam
480 860 584 921 doctus
607 859 701 920 debeo
724 859 839 930 dicere,
863 877 925 920 non
947 866 1006 921 tant
1030 858 1158 929 doctior,
1189 864 1250 920 tam
1271 857 1478 925 doctissimus:
1508 853 1612 931 magis

306 963 425 1033 doctus,
454 981 513 1023 oon
542 963 638 1039 magis
661 961 789 1031 doctior,
819 963 913 1038 magis
935 961 1139 1030 doctissimum
1164 962 1290 1022 maxime
1314 959 1430 1029 doctus,
1454 976 1516 1020 non
1545 974 1637 1016 nra-u

306 1066 384 1126 xime
411 1065 541 1133 doctior,
569 1064 697 1124 maxime
726 1063 924 1124 doctissimus.
955 1059 958 1142 l
989 1070 1018 1122 et
1044 1062 1158 1124 reddita
1188 1071 1233 1124 est
1254 1063 1329 1122 ratio
1352 1078 1414 1123 non
1435 1079 1451 1122 a
1475 1059 1609 1123 Donato.

306 1166 357 1227 sed
382 1165 418 1227 ab
441 1165 520 1235 aliis,
545 1183 635 1244 quare
659 1160 719 1225 non
741 1167 907 1242 iunguntur
928 1167 983 1226 ista
999 1163 1137 1225 adverbia
1153 1165 1343 1244 conparativo
1359 1169 1390 1224 et
1411 1160 1610 1242 superlativo,

306 1267 358 1329 sed
387 1275 501 1329 tantum
531 1267 664 1346 positivo.
711 1268 851 1344 quoniam
879 1267 1125 1344 significationem
1152 1265 1263 1328 babent
1290 1266 1434 1344 augentis.
1480 1259 1611 1341 quando

305 1370 371 1432 dico
394 1371 503 1448 magis,
527 1370 629 1448 utique
651 1369 744 1447 tnagis
767 1369 1011 1446 significationem
1036 1367 1126 1428 babet
1146 1370 1295 1448 augentis,
1320 1375 1353 1429 ut
1373 1369 1398 1428 si
1420 1366 1504 1428 dieas
1533 1371 1611 1445 puta
1637 1373 1641 1380 '
1726 1405 1727 1434 ᾖ

304 1474 378 1533 ‘iste
399 1469 520 1541 stultus,
543 1472 600 1532 iste
622 1471 716 1548 magis
739 1469 847 1531 stultus
863 1473 939 1538 est’;
963 1488 1033 1531 eece
1048 1469 1130 1530 vides
1146 1471 1287 1548 quoniam
1308 1479 1497 1549 augmentum
1514 1469 1608 1530 lecit:
1625 1487 1648 1524 ro

304 1581 373 1654 puta
402 1573 477 1634 ‘isle
504 1572 611 1635 stultus
639 1580 698 1640 est,
726 1574 782 1634 iste
812 1573 939 1633 maxime
967 1571 1075 1632 stultus
1104 1579 1182 1642 est';
1206 1580 1398 1650 augmentum
1421 1573 1608 1650 significant

306 1691 377 1752 ergo
398 1675 473 1736 istae
495 1673 658 1754 particulae
681 1673 792 1735 babent
814 1681 1017 1752 augmentum.
1048 1677 1072 1734 si
1095 1673 1207 1736 babent
1228 1683 1432 1753 augmentum,
1456 1691 1611 1754 conpara·

1726 1703 1727 1734 l

306 1778 418 1838 tionem
445 1775 558 1837 babent
585 1775 768 1836 elocutionis.
814 1794 974 1855 numquam
1003 1777 1082 1836 enirn
1111 1785 1300 1856 augmentum
1324 1777 1371 1848 ttt,
1395 1778 1452 1837 nisi
1473 1777 1507 1836 in
1530 1793 1611 1835 con·

305 1879 436 1956 paratiro
459 1888 488 1938 et
510 1878 697 1958 superlativo.
741 1879 877 1956 sicergo
900 1879 973 1939 istae
994 1877 1157 1958 particulae
1180 1897 1302 1940 sensurn
1324 1878 1434 1940 babent
1455 1885 1508 1938 aut
1531 1895 1610 1938 con·

305 1982 435 2060 parantis
462 1987 514 2041 aut
539 1979 750 2060 praeferentis,
779 1997 838 2057 qno
867 1979 956 2042 modo
978 1980 1089 2044 habent
1111 1982 1317 2060 conparativus
1331 1973 1370 2041 'et
1391 1978 1607 2061 superlativus.
1624 1994 1648 2032 1⁵
1726 1997 1727 2064 t

306 2082 424 2160 ‹poando
447 2082 513 2143 dico
536 2094 595 2143 tarn
618 2082 743 2151 doctior,
768 2080 826 2144 tale
848 2090 894 2144 est
916 2101 950 2144 ac
972 2085 996 2143 si
1019 2081 1113 2144 dicam
1130 2083 1245 2144 doctior
1261 2083 1388 2152 doctior;
1413 2089 1474 2143 tatu
1490 2081 1610 2142 doctis·

309 2185 416 2253 simus,
440 2183 627 2245 doctissimus
655 2184 850 2246 doctissimus.
895 2184 953 2246 boc
976 2186 1054 2244 enim
1076 2187 1174 2264 ipsum
1197 2192 1256 2246 tam
1279 2192 1331 2246 aut
1353 2185 1536 2262 conparatiri
1562 2191 1611 2244 est
1726 2253 1727 2284 1

304 2294 355 2346 aut
376 2284 555 2365 superlativi.
601 2287 625 2346 si
647 2293 747 2346 autem
769 2286 963 2366 superlativus
991 2294 1021 2348 et
1042 2289 1250 2366 conparatione
1272 2289 1330 2347 vim
1353 2285 1464 2347 babent
1485 2304 1607 2364 angen-

305 2389 357 2458 tis,
386 2387 416 2448 id
444 2396 488 2448 est
517 2406 581 2449 rem
608 2407 683 2468 quae
710 2386 777 2468 plus
804 2390 950 2466 significat
971 2409 986 2449 a
1010 2390 1149 2469 positivo,
1179 2389 1246 2449 ideo
1269 2407 1328 2450 non
1351 2385 1502 2470 iungitur.
1537 2387 1607 2448 ·sed

304 2492 330 2551 si
351 2490 408 2551 boc
431 2508 533 2551 rerum
556 2495 615 2560 est,
644 2492 784 2567 quoniam
811 2492 885 2552 istae
914 2491 1075 2571 particulae
1097 2491 1165 2551 ideo
1188 2510 1247 2551 non
1270 2493 1432 2569 iunguntur
1454 2507 1607 2569 conpara·
1622 2516 1648 2556 ao

280 2593 362 2652 .ttvo
386 2598 416 2652 et
437 2590 632 2672 superlativo,
657 2591 736 2669 quod
759 2593 840 2671 ipsae
863 2591 973 2653 babent
995 2593 1242 2672 significationem
1266 2600 1315 2654 aut
1337 2594 1527 2674 cooperantis
1553 2599 1610 2653 aut
1726 2591 1727 2662 Ῡ

304 2695 518 2773 praeferentis,
547 2692 646 2756 nullae
672 2712 721 2754 res
748 2692 858 2755 debent
884 2695 982 2772 iungi,
1011 2713 1087 2774 quae
1115 2713 1234 2756 sensum
1263 2694 1376 2757 habent
1402 2695 1608 2776 praeferentis

304 2805 354 2857 aut
375 2796 574 2876 conparantis.
619 2806 652 2856 ut
678 2804 749 2876 puta
775 2797 801 2856 si
827 2795 908 2857 dicas
935 2800 1008 2859 satis
1036 2797 1154 2870 doctus,
1184 2807 1374 2878 augmentum
1397 2796 1503 2868 babet;
1536 2797 1608 2877 plus
1726 2795 1727 2851 l

304 2898 424 2968 doctus,
455 2906 647 2977 augmentum
675 2897 778 2968 babet;
808 2897 994 2961 abundanter
1022 2900 1141 2971 doctus,
1171 2910 1362 2979 angmentum
1396 2899 1492 2961 babet.
1540 2918 1606 2961 non
1726 2893 1727 2907 ¹

305 2999 448 3088 debemus
475 3000 575 3060 dicere
602 2999 789 3061 abundanter
816 3001 945 3071 doctior,
975 3001 1160 3063 abundanter
1187 3003 1389 3072 doctissimus;
1419 3020 1479 3063 non
1503 3000 1605 3064 debeo
1619 3026 1645 3065 es
1726 3000 1727 3067 ἶ

306 3102 406 3163 dicere
428 3101 555 3163 multum
578 3101 784 3177 doctissimus,
808 3105 948 3183 quoniam
971 3106 1026 3165 ista
1042 3107 1140 3167 omnia
1158 3106 1398 3185 conparationem
1421 3106 1604 3183 significant,
1726 3090 1727 3119 ³

304 3204 334 3265 id
358 3211 403 3265 est
424 3211 626 3281 augmentum.
671 3212 701 3265 et
729 3205 786 3265 boe
808 3204 924 3267 Probus
952 3208 1086 3283 sequitur
1114 3217 1143 3268 et
1172 3210 1213 3269 ait
1240 3210 1296 3278 sic,
1320 3207 1437 3267 ‘omnia
1461 3205 1603 3267 adverbia
1726 3270 1727 3311 1

304 3304 350 3367 vel
377 3324 480 3367 omnes
508 3305 685 3385 particulae,
716 3323 920 3385 quaecumque
949 3316 1031 3380 sunt,
1061 3326 1135 3387 qnae
1165 3308 1277 3371 babent
1304 3327 1424 3369 sensurn
1452 3311 1603 3386 augentis,
1726 3312 1727 3389 l

305 3426 365 3467 troo
392 3407 539 3486 iungenda
566 3417 635 3469 sunt
662 3426 718 3469 nec
747 3411 936 3489 conparativo
969 3428 1024 3471 nec
1055 3410 1251 3492 superlativo,
1289 3410 1341 3471 sed
1370 3417 1483 3473 tantum
1510 3410 1603 3472 ruodo

280 3510 458 3588 ,positirob
504 3510 636 3571 Donatus
665 3519 762 3572 autem
790 3513 938 3591 praestitit
966 3512 1051 3575 nobis
1079 3513 1232 3583 auxilium,
1268 3522 1300 3574 nt
1328 3515 1457 3591 quinque
1485 3520 1600 3575 tantum
1615 3537 1642 3577 so
1726 3506 1727 3589 l

305 3610 393 3671 modo
416 3610 607 3673 observemus
629 3632 686 3674 res.
732 3614 830 3673 ornnia
853 3613 917 3683 illa,
941 3633 1146 3695 quaecumque
1168 3622 1250 3684 sunt,
1274 3614 1451 3696 superlativo
1476 3626 1504 3677 et
1528 3635 1601 3677 con·
1726 3608 1727 3613 ¹

304 3715 437 3792 paratiro
465 3716 628 3792 iunguntur
655 3714 819 3776 secundum
847 3718 1053 3779 auctoritatem
1082 3716 1196 3779 Donati.
1241 3726 1339 3779 tamen
1363 3726 1394 3778 tu
1422 3720 1447 3778 si
1470 3717 1603 3779 volueris

303 3834 410 3894 puram
435 3816 535 3877 lacere
563 3814 778 3887 elocutionem,
809 3835 864 3878 nec
891 3817 958 3879 illas
984 3836 1033 3879 res
1061 3819 1152 3880 debes
1179 3822 1303 3897 iungere
1328 3822 1330 3899 l
1356 3822 1548 3899 conparativo
1572 3829 1602 3881 et

305 3916 501 3996 superlativo,
519 3934 594 3996 quae
609 3936 730 3979 sensum
746 3918 857 3981 babent
872 3920 1017 3997 erigentis.
1047 3930 1159 3984 tanturn
1172 3922 1260 3983 rnodo
1275 3920 1400 3983 ostendo
1414 3923 1446 3983 in
1462 3922 1600 4003 exemplo

304 4037 369 4080 esse
389 4020 528 4098 positum.
573 4018 712 4080 Horatius
735 4022 775 4081 ait
1613 4038 1640 4077 ae

375 4292 447 4341 lest
465 4306 511 4344 orn.
531 4292 570 4355 Α,
590 4293 684 4347 odda
754 4292 884 4361 al'robo]
909 4297 986 4349 instit.
1006 4304 1058 4346 art.
1081 4312 1107 4358 p.
1124 4296 1203 4355 73,ss
1274 4298 1464 4364 7superlatiuo
1484 4299 1530 4361 sed
1548 4298 1600 4348 ΑΘ

304 4360 462 4425 superlatino
481 4364 611 4425 quaeritur
631 4364 677 4413 sed
695 4360 759 4413 Ba*
827 4364 845 4415 9
863 4374 891 4415 ut
908 4363 941 4432 si]
963 4380 992 4415 nc
1010 4366 1030 4414 si
1048 4366 1130 4416 ΑΒΘ
1201 4367 1233 4417 ttt
1250 4378 1414 4431 augmentum
1434 4366 1518 4417 iecisti
1537 4368 1598 4417 Lin-

190 4451 198 4463 ·
304 4433 439 4483 munnae
510 4433 542 4482 12
565 4447 626 4497 ergo
649 4432 754 4483 istaeA
775 4449 837 4501 ergo
860 4438 883 4485 si
906 4438 969 4485 istae
988 4436 1063 4487 ΒΘα
1135 4438 1167 4487 ll
1189 4438 1212 4486 si
1233 4436 1315 4501 (corr.
1335 4436 1510 4504 demergo

305 4502 380 4564 (istae
398 4501 621 4566 a)particnlaeA
692 4505 854 4569 conparentis
874 4507 1060 4556 Lindemoamcs
1082 4508 1240 4573 conparatiui
1258 4508 1343 4557 ABG
1413 4508 1444 4558 15
1464 4522 1598 4573 compara·

304 4571 372 4619 tinus
397 4582 440 4621 unt
462 4573 633 4637 superlatinus
653 4572 710 4622 ΑΒ
762 4592 767 4599 ·
798 4574 831 4626 18
849 4577 871 4624 si
898 4586 981 4626 autern
1000 4577 1170 4643 superlatiuus
1189 4579 1268 4641 (corr.
1288 4578 1358 4639 -tiuil
1377 4588 1400 4626 et
1418 4580 1598 4644 conparatione

304 4641 384 4699 (corr.
404 4643 474 4707 -tinil
490 4644 542 4692 uim
557 4642 654 4693 babens
667 4645 784 4710 angentis
804 4645 829 4694 id
849 4656 888 4695 est
905 4662 922 4695 c
940 4648 961 4695 si
979 4654 1063 4696 autem
1082 4662 1159 4712 super
1175 4687 1298 4702 ,,,,,,,
1318 4657 1356 4697 est
1375 4648 1399 4696 A
1450 4646 1545 4697 habent
1558 4646 1597 4698 Cb

305 4708 402 4759 habens
420 4711 446 4761 B
515 4714 626 4778 augendi
644 4712 668 4762 B
737 4716 769 4764 21
785 4725 828 4763 atrt
844 4715 1011 4781 praeferentis
1029 4716 1112 4767 nullae
1127 4718 1151 4766 A
1170 4726 1213 4765 aut
1227 4717 1411 4784 superferentis
1430 4718 1514 4767 nullae
1527 4716 1597 4768 BGu

394 4781 427 4831 22
443 4780 536 4833 habeut
555 4794 598 4834 sut
616 4783 783 4849 praeferentis
802 4785 827 4834 B
915 4786 946 4835 31
972 4798 1030 4833 som
1051 4787 1188 4850 iunguntur
1212 4788 1367 4850 superlatiuo
1386 4794 1410 4835 et
1431 4790 1596 4853 conparatitto

304 4850 485 4916 iungunturA
538 4852 572 4904 33
590 4854 647 4904 illas
664 4855 918 4905 reer'ndemaanur:
939 4856 978 4902 res
996 4870 1042 4907 car.
1061 4855 1146 4905 ABG
1196 4855 1597 4925 satior-auus]carm,t1tt,15
