3525 5600
641 377 713 438 ntis
740 377 926 439 1112-111
952 382 968 436 1
1386 376 1450 442 463

187 485 355 541 patrasse.
1268 501 1290 539 p.
1305 485 1424 528 rmaor.

163 570 192 627 in
224 569 253 626 io
291 567 421 636 desinat,
461 575 523 628 turn
562 565 833 627 considerabimusz
882 573 913 626 et
950 565 1097 645 siquidem
1134 585 1241 628 nomen
1272 569 1300 627 ei
1333 562 1448 647 apposi-

166 677 223 730 tum
247 667 355 734 babeat
377 669 453 728 ultra
476 667 549 728 duas
571 668 698 746 syllabas
720 675 751 728 et
772 669 984 746 paenultimam
1008 671 1038 728 in
1061 671 1072 728 i
1095 670 1281 730 desinentem
1306 677 1448 748 sequente

164 770 265 839 vocali,
293 770 457 830 secundnm
479 769 561 830 datas
585 772 615 829 in
638 777 705 830 ante
728 771 817 830 dictis
839 771 1063 831 observationes
1084 772 1198 850 primae
1227 773 1286 830 erit
1308 773 1448 848 coniuga-

162 875 264 942 tionis;
296 873 351 932 boc
378 879 477 932 antem
500 889 559 932 non
581 879 740 932 consecuto
763 871 885 932 verbum
909 874 941 932 in
963 873 992 931 io
1015 871 1154 932 desinens
1182 892 1198 934 a
1226 875 1346 933 nomine
1369 874 1447 934 deri·

139 981 272 1044 aratam,
307 993 322 1034 a
356 992 541 1054 quacumque
574 976 688 1034 venerit
720 974 934 1042 declinatione,
966 975 1078 1055 paucis
1099 974 1158 1034 illis
1191 977 1338 1054 exceptis,
1372 995 1447 1055 quae

161 1079 297 1156 superius
319 1076 354 1136 ad
379 1079 495 1136 tertiam
512 1078 694 1156 pertinentia
716 1078 900 1144 notavimus,
923 1083 1047 1154 quartae
1070 1077 1129 1135 erit
1151 1078 1216 1136 sine
1231 1075 1323 1137 dubio
1345 1080 1447 1137 conin-

160 1179 300 1256 gationis,
330 1179 415 1237 cuins
443 1181 531 1238 etiam
555 1179 706 1257 primitiva
730 1183 798 1238 sunt
826 1179 856 1237 in
880 1179 909 1236 io
932 1177 1109 1238 desinentia.
1154 1177 1243 1256 idque
1272 1179 1319 1239 bis
1340 1181 1447 1239 consu-

161 1289 254 1340 matur
276 1279 436 1358 exemplis:
460 1299 475 1340 a
498 1282 594 1359 prima
609 1280 728 1359 quidem
744 1279 943 1339 declinatione
966 1278 1046 1339 bulla
1069 1277 1196 1350 ebullio,
1219 1299 1316 1358 poena
1337 1283 1446 1359 panio;

160 1383 325 1442 asecnnda
348 1381 493 1461 superbus
519 1379 676 1461 superbio,
708 1380 833 1441 blandus
861 1379 1014 1450 blandior,
1042 1380 1144 1458 largus
1171 1380 1296 1459 largior,
1325 1361 1448 1442 insanus

128 1486 287 1554 roinsanio,
312 1501 415 1544 murus
437 1486 534 1544 murlo
557 1490 587 1543 et
608 1485 709 1544 munio
732 1479 804 1560 (sive
826 1501 842 1543 a
865 1484 985 1543 nomine
1013 1483 1092 1562 quod
1114 1490 1159 1543 est
1187 1486 1304 1544 moenia
1327 1486 1445 1544 moenio

159 1594 186 1644 et
207 1583 335 1664 munio),
365 1604 470 1647 saevus
492 1581 614 1664 saelvio,
643 1603 747 1645 servus
770 1587 883 1664 servio,
913 1584 1041 1646 lascivus
1070 1585 1206 1655 lascivio;
1234 1585 1341 1666 hisque
1363 1587 1446 1646 simi·

159 1687 224 1747 liter
252 1707 269 1746 a
297 1689 415 1747 nomine
446 1686 552 1748 balbus
582 1685 705 1746 verbum
732 1687 764 1747 lrt
793 1685 942 1757 balbutio,
977 1687 1048 1747 licet
1075 1704 1133 1746 non
1168 1689 1296 1747 servarit
1329 1705 1445 1747 omnem

159 1788 391 1850 observationem
418 1788 585 1858 clausulae;
616 1808 631 1848 a
660 1789 746 1848 tertia
774 1806 892 1867 quoque
923 1795 987 1849 rete
1015 1790 1089 1848 retis
1112 1789 1253 1858 inretior,
1281 1807 1335 1867 pes
1361 1788 1446 1868 pedis

159 1891 298 1969 impedio,
322 1891 415 1950 moles
437 1870 525 1951 molis
547 1890 668 1961 molior,
698 1889 794 1950 mollis
822 1889 938 1959 mollio,
968 1888 1085 1950 stabilis
1107 1889 1244 1960 stabilio,
1272 1892 1342 1950 linis
1363 1892 1444 1960 linio,

127 2012 145 2050 n
158 1994 250 2052 inanis
273 1994 428 2063 exinanio,
452 1993 579 2070 insignis
602 1993 746 2068 insignio,
770 2010 875 2070 saepes
898 1994 1015 2072 saepia,
1038 1993 1105 2052 sitis
1120 1993 1205 2062 sitio,
1228 1994 1320 2052 vestis
1341 1995 1443 2063 vestio,

156 2103 252 2155 custos
275 2095 423 2164 custodio,
447 2111 530 2155 mens
552 2095 695 2161 mentior,
719 2111 788 2171 pars
810 2096 938 2173 partior,
962 2111 1028 2154 sors
1050 2094 1177 2164 sortior;
1205 2114 1222 2153 a
1245 2101 1349 2174 quarta
1372 2096 1443 2155 item

156 2205 253 2274 gestus
276 2198 379 2274 gestio.
425 2203 544 2256 notatur
573 2212 645 2255 crux
669 2196 771 2255 crucio
797 2197 929 2265 crucias,
958 2214 1025 2256 curn
1051 2213 1157 2256 carens
1185 2194 1444 2257 observationibus

156 2300 266 2376 primae
290 2298 392 2358 debuit
414 2317 480 2358 esse
502 2304 624 2377 quartae
647 2298 873 2374 coniugationis.
909 2297 1001 2357 calcio
1024 2300 1104 2358 enim
1127 2298 1237 2359 calcias
1259 2316 1318 2358 non
1340 2318 1356 2359 a
1378 2298 1443 2358 calx

156 2401 258 2470 ralcis,
283 2399 334 2460 sed
357 2419 373 2460 a
395 2398 507 2459 celcius
522 2399 702 2468 derivatam,
726 2401 796 2478 quia
818 2398 1016 2477 paenultimae
1038 2418 1099 2460 non
1114 2400 1246 2460 insertur
1268 2419 1443 2470 consonans,

124 2504 219 2564 aoirrre
253 2501 371 2562 ridetur
404 2519 468 2561 esse
501 2503 614 2580 primae
647 2502 874 2578 coniugationis.
926 2509 1107 2562 consonante
1141 2520 1212 2562 vero
1244 2503 1442 2580 praecedente

155 2622 271 2683 semper
292 2602 381 2662 verba
404 2603 441 2663 de
463 2603 635 2664 nominibus
657 2603 789 2664 derivata
811 2601 973 2681 praedictis
999 2598 1012 2684 ll
1038 2603 1133 2663 modis
1161 2605 1276 2683 primae
1303 2613 1374 2665 sunt
1396 2624 1442 2666 so·

155 2707 209 2767 lius
242 2707 470 2783 coniugationis.
520 2705 651 2785 adeoque
684 2723 754 2765 vera
787 2702 904 2764 videtur
937 2723 1003 2764 esse
1033 2705 1200 2766 observatio
1233 2706 1441 2776 clausularum,

155 2808 229 2888 quod
253 2827 289 2869 ex
311 2826 368 2868 una
396 2808 606 2868 terminatione
635 2810 765 2869 nominis
787 2806 862 2867 duae
891 2806 975 2867 verbi
1003 2808 1098 2869 laetae
1121 2808 1322 2869 derivationes
1343 2809 1440 2869 diver·

156 2930 213 2971 sam
243 2929 298 2990 pro
324 2910 466 2989 qualitate
496 2910 648 2971 finalitatis
675 2911 915 2987 coniugationem
943 2917 1135 2969 meruerant:
1168 2918 1200 2970 ut
1233 2909 1269 2970 ab
1299 2930 1335 2971 eo
1363 2912 1442 2990 quod

123 3021 200 3073 sest
220 3020 298 3073 meta
321 3020 417 3073 metor
439 3012 558 3091 quidem
582 3013 705 3071 metaris
726 3014 840 3090 primae
863 3018 909 3071 est
930 3012 1161 3089 coniugationis,
1191 3015 1299 3073 metior
1326 3013 1442 3073 metiris
1489 2991 1495 3013 ’

155 3120 291 3193 quartae;
314 3132 418 3175 servus
440 3132 527 3174 servo
550 3132 650 3173 servas
673 3116 796 3192 primae,
820 3114 919 3173 servio
936 3120 1035 3173 autem
1057 3116 1161 3183 serris,
1184 3113 1263 3194 quod
1284 3115 1316 3174 in
1338 3115 1368 3173 io
1390 3114 1440 3174 da-

155 3218 238 3285 sinit,
262 3223 385 3295 quartae
409 3222 468 3286 est;
496 3224 525 3276 et
548 3235 564 3277 a
587 3233 676 3277 sanus
698 3233 770 3275 sano
792 3213 914 3293 quidem
936 3232 1022 3274 sanas
1044 3217 1175 3294 primae,
1202 3217 1319 3277 insanio
1342 3223 1441 3276 autern

156 3319 265 3377 insanis
287 3324 411 3396 quartae
433 3318 481 3387 lit;
510 3325 540 3377 et
567 3317 605 3378 ab
633 3336 668 3377 eo
697 3316 776 3397 quod
803 3324 849 3377 est
871 3323 958 3395 aptus
979 3325 1048 3396 apto
1070 3326 1154 3397 aptas
1176 3320 1208 3377 dt
1235 3316 1375 3387 verbum,
1403 3316 1441 3378 ab

156 3436 187 3476 eo
210 3426 307 3479 autem
330 3418 408 3497 quod
431 3426 476 3479 est
499 3438 535 3479 ex
558 3437 593 3478 eo
614 3402 812 3497 compositum
834 3436 942 3478 nornen
964 3421 1085 3499 ineptus
1107 3421 1220 3498 ineptia
1243 3421 1354 3498 ineptis
1375 3437 1439 3479 ver·

122 3518 222 3583 abum
246 3524 286 3581 lit.
332 3528 363 3581 ut
393 3522 527 3581 enimin
556 3522 584 3580 io
613 3521 779 3581 desinentia
803 3518 908 3589 verba,
936 3521 994 3581 nisi
1022 3519 1151 3580 babeant
1173 3520 1366 3581 adhaerentia
1388 3540 1439 3581 no·

156 3624 232 3682 mina
254 3622 407 3701 trisyllaba
429 3625 439 3683 i
461 3622 673 3701 paenultimam
695 3640 800 3701 puram
814 3620 976 3709 babentia,
999 3624 1113 3702 primae
1136 3641 1202 3682 esse
1224 3625 1440 3700 coniugationis

155 3742 210 3783 non
233 3732 370 3803 possunt,
394 3724 446 3785 sed
468 3724 505 3784 ad
527 3730 661 3803 quartam
684 3725 874 3804 perveniunt,
899 3726 1004 3803 paucis
1025 3724 1086 3784 illis
1109 3727 1257 3804 exceptis,
1279 3742 1355 3803 quae
1377 3725 1439 3785 sola

155 3825 210 3885 sibi
232 3828 320 3886 tertia
343 3826 488 3895 vindicat;
517 3828 560 3885 sic
583 3844 767 3906 quacumque
791 3832 972 3886 consonante
995 3824 1188 3885 antecedente
1211 3844 1248 3885 er
1270 3826 1440 3886 nominibus

155 3928 228 3987 lacta
250 3926 355 3998 verba,
384 3926 532 4007 siquidem
555 3935 673 3988 servent
695 3934 907 3988 consonantem
928 3928 1073 3996 nominis,
1101 3928 1219 4007 primae
1244 3934 1314 3988 sunt
1336 3930 1438 4017 coniu-

223 4165 235 4214 1
260 4165 479 4215 considerabimus
497 4174 524 4214 ut
542 4164 564 4215 si
584 4179 675 4213 nornen
694 4165 716 4213 ei
736 4164 771 4227 (ei
786 4181 833 4216 orn.
851 4162 889 4227 B)
907 4163 1009 4226 quidem
1029 4162 1120 4213 lrabeat
1138 4164 1283 4230 appositum
1307 4163 1372 4213 ultra
1389 4164 1441 4214 BP

156 4234 368 4285 considerabimus
385 4244 468 4284 utrum
485 4248 575 4285 nomen
594 4235 697 4296 quidem
715 4234 807 4283 habeat
824 4234 971 4298 appositam
992 4234 1057 4283 altra
1069 4235 1106 4296 [ς
1174 4232 1191 4284 3
1210 4234 1292 4283 uocali
1305 4242 1330 4282 et
1347 4248 1437 4283 secun-

156 4306 249 4368 dums
312 4303 453 4369 brenerit]
472 4305 582 4353 aenitP
651 4304 682 4354 11
702 4300 801 4369 bisque]
824 4304 912 4366 sicque
930 4305 955 4352 1¹
972 4304 1081 4365 itemque
1099 4311 1132 4357 ις
1204 4304 1237 4354 12
1254 4300 1291 4368 lit]
1310 4305 1387 4352 estP

157 4389 202 4422 raon
220 4375 364 4424 obseruauit
382 4390 449 4427 corr.
471 4389 520 4423 raon
537 4374 650 4423 seruauit
665 4373 690 4421 B
709 4388 757 4422 uon
777 4374 896 4423 obserant
917 4374 940 4421 Ρ
1027 4372 1059 4422 14
1083 4369 1204 4438 impedio]
1226 4373 1351 4438 impedior
1372 4374 1436 4428 Ρις

221 4443 253 4495 16
271 4442 341 4510 item]
360 4447 484 4494 antemP
567 4445 670 4495 licum
689 4442 814 4491 careatl’
904 4441 934 4493 18
954 4439 1059 4507 calcias]
1078 4442 1221 4492 calcensB
1302 4444 1437 4493 temeror

157 4514 255 4562 metaris
271 4516 369 4579 primae
383 4526 421 4563 est
435 4513 620 4578 coniugationis
635 4514 724 4563 metior
741 4513 843 4575 quidem
857 4513 953 4561 metiris
972 4521 1075 4573 quartae
1087 4514 1112 4561 P
1124 4522 1204 4561 metor
1219 4511 1321 4575 quidem
1333 4512 1437 4561 metaris

157 4584 249 4646 primae
270 4594 309 4633 est
335 4584 423 4633 metior
444 4585 488 4633 iris
509 4592 614 4646 quartae
637 4590 676 4632 est
700 4582 889 4649 coniugationis
907 4582 930 4631 B
999 4582 1033 4631 28
1051 4592 1141 4643 quarta
1155 4581 1184 4631 llt
1197 4582 1224 4629 P
1239 4584 1287 4643 sit,
1304 4596 1435 4645 superam.

156 4660 255 4713 quartae
275 4653 298 4702 B
366 4652 398 4701 ab
416 4670 445 4701 eo
461 4662 544 4701 autem
563 4652 631 4717 qaod
646 4662 685 4700 est
698 4668 729 4701 ex
748 4666 777 4701 eo
793 4667 810 4709 ς
829 4652 897 4714 qaod
911 4660 995 4700 autem
1015 4661 1103 4701 estex
1121 4668 1151 4701 eo
1172 4652 1197 4701 P
1215 4651 1282 4714 quod
1297 4660 1336 4701 est
1353 4666 1385 4700 ex
1404 4667 1435 4700 eo

158 4722 182 4770 dt
194 4736 260 4770 corr.
275 4724 304 4772 ab
321 4738 351 4771 eo
370 4730 453 4772 autem
472 4722 540 4785 quod
558 4738 591 4771 ex
609 4738 639 4772 eo
656 4720 683 4769 B
742 4722 776 4772 30
792 4722 895 4771 nomina
911 4736 962 4770 non
983 4722 1065 4769 nilons
1081 4721 1212 4785 trisyllaba
1229 4735 1246 4777 ς
1264 4722 1367 4770 aomina
1386 4735 1435 4770 non

157 4792 237 4841 minus
254 4793 420 4856 trisyllabisf
502 4790 536 4843 33
555 4791 717 4841 antecedente
736 4798 891 4842 consonante
909 4790 935 4839 B
1020 4806 1052 4839 ex
1071 4792 1216 4842 nominibus
1238 4791 1305 4840 iacta
1327 4790 1436 4849 nerbas

158 4862 257 4911 uomina
272 4878 303 4911 ex
321 4878 349 4913 se
367 4862 484 4913 facientia
501 4862 579 4913 uerba
596 4861 651 4911 BP
