3525 5600
548 377 550 380 ’
639 404 710 466 ans
740 404 943 465 vr-vnra
1368 401 1427 492 5131

177 531 196 573 y.
209 519 263 559 ina.
278 519 303 556 ta
316 515 339 557 r.
1246 523 1266 565 p.
1281 512 1369 552 aea-45
1382 510 1406 550 L.

155 598 201 660 sed
226 597 340 676 agentis
367 603 398 656 et
424 595 565 674 patientis
588 591 593 675 Ι
621 595 746 655 sormam
774 592 1009 673 amplectuntur..
1048 593 1127 653 unde
1154 599 1269 654 constat
1295 594 1432 655 universa

155 699 235 760 verba
261 697 377 760 duobus
404 698 500 759 modis
528 696 683 758 declinari.
728 715 796 757 nam
824 702 931 756 neutra
958 701 989 754 et
1010 697 1116 774 supina
1138 697 1318 766 activorum,
1341 697 1431 776 depo·

155 803 245 864 nentia
274 809 304 862 et
331 802 497 862 eommunia
525 801 710 878 passivorum
737 797 871 876 regulam
893 803 1044 858 secuntur.
1089 805 1158 857 sunt
1179 806 1335 878 praeterea
1356 817 1430 860 neu·

155 905 322 984 tropassiva,
346 921 420 984 quae
443 904 474 963 in
497 903 659 981 praeterito
681 901 815 980 perfeeto
836 907 867 960 et
895 900 1185 979 plusquamperfecto
1207 903 1315 979 passivi
1339 901 1429 961 deeli-

132 1009 295 1072 vnationem
322 1003 447 1074 habent,
477 1006 509 1064 in
536 1003 603 1064 aliis
629 1004 744 1072 neutri;
773 1009 803 1062 et
830 1008 899 1064 sunt
926 1001 1000 1062 haec
1028 1003 1103 1072 sola,
1133 1003 1279 1064 secundae
1309 1003 1430 1083 quidem

152 1110 361 1186 coniugationis
388 1106 481 1169 audeo
508 1105 623 1184 gaudeo
650 1104 745 1174 soleo,
774 1107 879 1164 tertiae
903 1110 1001 1165 autem
1024 1103 1084 1165 iido
1106 1113 1137 1164 et
1157 1105 1211 1174 tio,
1235 1113 1265 1164 et
1287 1108 1370 1184 siqua
1393 1124 1428 1165 er

152 1211 192 1272 bis
211 1215 437 1290 componuntur.
463 1215 587 1288 praeter
608 1207 681 1267 baec
703 1205 782 1267 nulla
797 1212 865 1267 sunt
887 1206 976 1267 buius
997 1205 1077 1265 modi
1100 1205 1306 1268 declinationis
1327 1206 1428 1268 verba.

151 1319 212 1374 sunt
231 1311 290 1372 alia
311 1313 533 1391 passivoneutra
561 1307 769 1389 superioribus
795 1305 959 1378 contraria,
983 1308 1056 1368 baec
1078 1307 1154 1378 sola,
1177 1311 1345 1388 comperior
1366 1328 1428 1369 rne-

150 1432 212 1474 reor
233 1413 385 1475 devertor:
408 1431 477 1474 nam
500 1414 531 1472 in
553 1411 715 1490 praeterite
737 1413 869 1491 comperi
892 1412 989 1471 merui
1012 1410 1143 1480 deverti,
1166 1413 1245 1471 sicul
1266 1413 1361 1472 activa
1383 1412 1428 1473 vel

120 1538 140 1578 n
150 1523 262 1585 neutra,
286 1515 488 1594 proteruntur.

225 1616 368 1678 Vniversa
395 1614 484 1678 verba
512 1619 626 1696 primae
654 1616 885 1693 coniugationiS,
920 1633 997 1694 quae
1025 1616 1057 1674 iu
1084 1614 1214 1675 secunda
1240 1633 1367 1693 persona
1396 1635 1428 1676 as

151 1719 252 1800 syllaba
282 1719 494 1786 terntinantur,
529 1719 623 1778 activa
656 1719 717 1778 sive
750 1724 871 1786 neutra,
904 1717 1102 1796 praeteritum
1130 1715 1296 1794 perlectum
1323 1719 1354 1777 in
1382 1720 1427 1778 avi

150 1821 267 1901 syllabas
289 1822 426 1891 mittunt,
455 1827 487 1880 ut
513 1837 579 1882 atno
600 1821 710 1889 amavi,
739 1837 791 1878 aro
813 1819 909 1888 aravi,
932 1835 1015 1879 armo
1038 1820 1164 1888 armavi,
1187 1836 1277 1879 narro
1299 1822 1426 1889 narravi,

150 1931 228 1986 canto
254 1924 386 1992 cantavi,
414 1924 519 2000 navigo
546 1922 694 1999 navigavi,
719 1939 791 2000 paro
812 1923 929 2001 paravi,
960 1939 1045 1981 servo
1067 1922 1198 1990 servavi,
1221 1923 1353 2000 exceptis
1374 1939 1427 1982 ne·

119 2045 222 2097 nvem,
245 2044 320 2106 quae
342 2027 375 2084 in
397 2026 428 2084 ui
449 2026 570 2084 mittunt
592 2026 802 2102 praeteritum,
831 2029 864 2082 ut
886 2041 956 2084 seco
977 2025 1075 2092 secui,
1105 2022 1192 2083 dorne
1214 2021 1328 2092 domui,
1351 2023 1427 2084 frico

149 2131 244 2198 fricui,
274 2137 341 2188 veto
369 2128 463 2195 vetui,
493 2143 565 2187 sono
593 2127 696 2194 sonui,
730 2133 799 2187 tono
829 2127 927 2195 tonui,
956 2128 1033 2186 mico
1059 2126 1166 2194 micui,
1195 2105 1291 2204 crepo'
1312 2128 1425 2204 crepui,

149 2230 220 2310 plico
240 2213 401 2317 plicui,let
422 2229 507 2306 siqua
529 2226 651 2288 adnexis
673 2225 945 2307 praepositionibus
966 2234 1192 2306 componuntur.
1229 2225 1306 2307 plico
1329 2234 1425 2288 11111111

151 2339 297 2412 utramque
319 2331 446 2390 formam
468 2336 567 2389 servat
588 2331 620 2389 iu
642 2333 822 2408 praeterite:
845 2347 913 2392 nam
929 2337 959 2390 et
973 2328 1080 2408 plicavi
1102 2336 1132 2389 et
1154 2328 1298 2409 explicavi
1313 2329 1426 2390 dictum

149 2441 199 2494 est
241 2439 378 2513 quattuor
399 2430 470 2492 huie
491 2429 612 2508 regulae
634 2433 839 2510 refragantur:
868 2450 936 2492 nam
958 2449 1055 2511 neque
1081 2433 1114 2491 in
1136 2433 1167 2491 ui
1194 2449 1291 2511 neque
1317 2433 1350 2492 in
1377 2435 1425 2492 avi

119 2543 265 2605 aereunt,
287 2542 334 2596 sto
356 2535 440 2602 steti,
464 2531 501 2592 do
523 2532 607 2603 dedi,
630 2533 695 2594 lavo
716 2532 788 2603 lavi,
811 2535 880 2593 iuva
901 2535 973 2594 iuvi.
1017 2533 1069 2594 sed
1091 2533 1149 2593 due
1171 2534 1337 2612 posteriora
1358 2535 1424 2612 qui·

148 2637 210 2698 dana
236 2633 440 2716 superioribus
466 2633 616 2714 applicant
642 2643 790 2696 errantes:
825 2653 894 2696 nam
921 2635 971 2695 illa
992 2637 1024 2696 in
1045 2635 1209 2714 praeterito
1232 2653 1290 2694 una
1312 2634 1424 2715 syllaba

150 2745 292 2809 creseunt,
315 2738 389 2798 baec
411 2735 536 2796 totidem
558 2743 629 2817 quot
651 2738 682 2797 in
704 2739 854 2817 praesenti
877 2737 1081 2818 proferuntur.

226 2840 359 2903 Secunda
388 2840 571 2917 coniugado,
600 2858 688 2919 quam
715 2858 774 2901 non
804 2846 918 2901 tantum
944 2840 1072 2901 secunda
1094 2858 1236 2920 persona,
1260 2840 1313 2901 sed
1335 2843 1424 2901 etiam

148 2944 237 3022 prima
262 2940 274 3023 [l
298 2941 386 3003 facile
410 2941 555 3012 declarat,
579 2944 719 3021 quoniam
741 2944 841 3003 omnia
863 2940 954 3002 verba
976 2960 1051 3021 quae
1073 2961 1109 3002 eo
1131 2942 1252 3022 syllabis
1273 2944 1305 3003 in
1327 2946 1423 3022 prima

117 3062 266 3124 capersana
287 3046 446 3114 liniuntur,
470 3043 615 3103 secundae
631 3050 700 3105 sunt
714 3044 932 3120 coniugationis
953 3046 1086 3122 exceptis
1107 3051 1259 3123 quattuor,
1282 3064 1342 3105 une
1364 3053 1422 3107 ter·

148 3149 203 3208 tiae
223 3148 439 3225 coniugationis
460 3144 636 3224 productae,
660 3164 695 3206 eo
717 3148 758 3215 is,
782 3151 812 3205 et
834 3146 918 3224 siqua
940 3164 977 3205 ex
993 3142 997 3225 Ι
1013 3164 1049 3205 eo
1072 3148 1234 3225 composita
1248 3148 1421 3224 figurantur,

148 3255 175 3309 et
196 3247 287 3309 tribus
308 3249 433 3327 primae,
456 3264 526 3308 ereo
547 3264 642 3316 ereas
665 3265 731 3307 meo
745 3266 840 3317 meaa,
857 3245 915 3307 beo
930 3246 1016 3316 beas,
1040 3250 1234 3327 praeteritum
1256 3250 1422 3328 perlectum

148 3352 176 3411 in
197 3349 246 3411 bas
273 3348 400 3429 syllabas
426 3350 545 3419 nient„
566 3352 597 3409 in
620 3350 652 3410 ui
673 3356 853 3409 consonante
875 3351 1062 3429 praeposita,
1085 3353 1116 3411 in
1138 3353 1166 3411 vi
1188 3359 1350 3430 praeeunte
1373 3371 1421 3413 vo·

225 3538 254 3589 ll
279 3538 399 3587 universa
416 3535 493 3585 verba
515 3536 610 3600 primae
629 3535 815 3601 coniugationie
833 3536 909 3587 011111.
930 3536 992 3600 243,
1008 3538 1033 3587 4.
1052 3552 1110 3590 exe.
1130 3537 1205 3588 ooar.
1223 3538 1283 3599 aot,
1301 3537 1319 3588 8
1389 3540 1421 3590 17

147 3606 207 3671 plico
223 3614 306 3657 tamen
324 3608 406 3657 Diem.
425 3604 485 3667 372,
504 3604 537 3656 18
606 3604 639 3657 23
657 3606 770 3656 secunda
788 3606 934 3671 coniugatio
953 3606 1029 3656 Uber.
1047 3606 1107 3667 243,
1128 3608 1169 3662 17.
1188 3623 1247 3662 exe.
1268 3608 1344 3662 Cllar.
1359 3609 1419 3672 504,

149 3677 178 3727 19
240 3678 273 3727 24
291 3676 376 3726 omnia
392 3676 468 3726 verba
487 3689 550 3737 quae
567 3688 596 3724 eo
615 3676 721 3742 syllabis
740 3690 798 3729 eac.
813 3675 889 3727 oter.
907 3674 969 3740 565,
985 3675 1021 3728 39

406 3794 438 3803 -ι

209 3849 222 3901 1
241 3848 348 3899 formam
363 3848 549 3912 amplectuntur
559 3846 594 3913 sp
611 3847 694 3898 lornra
710 3848 851 3913 plectuntur
867 3848 892 3897 P
906 3846 987 3897 lorma
1005 3849 1138 3899 flectentur
1156 3849 1179 3897 F
1193 3847 1302 3898 formam
1314 3849 1419 3899 lleetun-

148 3924 214 3975 tura
281 3918 406 3985 leupina
421 3933 466 3968 oar.
485 3916 510 3965 P
594 3918 821 3982 3neutropassiue
839 3932 856 3974 ς
874 3919 1069 3983 nentrapasslua
1086 3920 1139 3968 PF
1223 3918 1419 3985 8peasiuorum

148 3988 263 4038 nentraF
278 3990 383 4053 pastina
401 3996 526 4041 neuuas
614 3988 822 4053 superioribusf
835 3987 961 4053 superiori
980 3988 1054 4046 rra
1142 3988 1175 4040 10
1193 3987 1364 4052 proteruntur.
1387 4005 1419 4040 ns

148 4071 293 4109 vnarraarro
318 4072 447 4109 rnnrncro
470 4070 564 4107 11111111
590 4071 781 4108 convenarvonrs
807 4058 929 4107 Uniaersa
946 4056 1001 4107 PF
1085 4059 1118 4109 15
1136 4066 1162 4108 et
1179 4072 1237 4107 seeo
1256 4060 1325 4109 senui
1344 4060 1418 4109 modo

149 4125 224 4176 medai
242 4127 305 4177 lrieo
323 4126 398 4177 fricui
417 4135 474 4177 ueto
494 4126 518 4175 P
538 4136 565 4176 ut
585 4141 644 4178 seeo
666 4128 736 4177 sceui
756 4138 813 4178 ueto
832 4128 870 4177 F:
888 4136 916 4176 ut
937 4141 995 4177 seeo
1012 4128 1081 4177 aeeui
1100 4142 1162 4178 neno
1180 4129 1253 4178 necui
1275 4135 1332 4178 nelo
1349 4130 1419 4179 uetni

148 4220 179 4231 -
193 4196 253 4261 plico
270 4197 347 4264 plieai
364 4198 439 4248 domo
457 4196 544 4246 domni
561 4196 625 4247 irieo
644 4195 749 4253 irionis
821 4196 853 4246 17
870 4195 972 4262 explico
990 4206 1074 4248 umen
1091 4210 1109 4253 ς
1178 4197 1212 4248 18
1230 4212 1288 4247 nam
1306 4200 1418 4265 explicui

149 4271 171 4313 et
184 4265 303 4331 explieaui
320 4267 367 4324 F«,-
438 4266 471 4318 lo
484 4265 702 4333 reirangunmrP
755 4280 813 4316 nam
831 4280 913 4331 neque
927 4268 954 4315 in
971 4268 998 4316 ui
1016 4281 1097 4331 neque
1114 4268 1141 4317 in
1156 4269 1198 4317 aui
1214 4276 1308 4317 exeunt
1324 4282 1341 4325 ς
1360 4284 1418 4318 nam

149 4348 220 4397 neque
235 4339 356 4401 (namque
374 4338 409 4399 P)
428 4337 454 4385 in
468 4338 493 4387 al
513 4344 607 4389 exeunt
624 4336 678 4387 PF
761 4336 795 4385 22
813 4336 977 4401 proteruntur
990 4353 1024 4387 nn
1041 4351 1152 4388 secusne
1169 4352 1353 4389 murnearronn
1373 4339 1417 4387 Se·

143 4404 257 4457 enndaF
341 4408 374 4456 24
392 4404 522 4473 quoniam]
539 4406 608 4472 quod
625 4408 650 4457 P
735 4406 768 4457 25
788 4408 901 4471 exeeptis
924 4416 1031 4468 quatuor
1048 4422 1099 4457 uno
1117 4407 1206 4457 tertiae
1223 4407 1356 4458 Paracletus
1373 4423 1417 4458 ex-

149 4475 218 4540 eeptis
235 4476 313 4526 tribus
330 4492 380 4528 uuo
393 4476 482 4525 tertiae
493 4476 549 4527 PF
560 4477 673 4542 exeeptis
689 4475 787 4525 duobus
802 4476 892 4526 tertiae
907 4476 926 4540 f
935 4477 1048 4542 exceptis
1062 4483 1169 4539 quatuor
1185 4491 1236 4526 uno
1254 4478 1343 4527 tertiae
1357 4493 1417 4527 con-

150 4544 274 4609 iugationis
290 4559 368 4603 orm
415 4544 449 4595 211
468 4560 497 4595 eo
512 4547 534 4595 is
548 4547 602 4596 PF
616 4561 646 4596 eo
665 4546 688 4595 is
706 4561 771 4609 queo
789 4546 875 4609 quies
921 4546 993 4596 27111
1007 4547 1087 4596 tribus
1103 4546 1266 4610 fruamus
1280 4556 1305 4597 et
1320 4548 1418 4597 duobus

150 4614 214 4669 Ρ1’ς
293 4624 318 4666 et
334 4618 381 4666 ben
399 4617 460 4666 beas
477 4617 504 4666 P
520 4615 635 4667 similiter
653 4623 678 4665 et
696 4615 744 4665 beo
762 4628 826 4671 ass
903 4614 937 4665 28
960 4616 987 4665 in
1011 4615 1058 4667 bas
1080 4614 1191 4681 syllabas
1214 4617 1315 4666 mittunt
1339 4618 1366 4666 in
1390 4618 1417 4667 ui

149 4693 256 4745 praeeunt
278 4694 302 4735 et
324 4684 404 4737 uomli
422 4687 484 4751 paui
504 4682 560 4735 caui
576 4686 602 4734 in
620 4686 643 4735 si
663 4693 687 4735 et
707 4686 734 4734 xi
753 4685 778 4733 P
794 4685 820 4733 in
838 4700 867 4735 as
885 4686 987 4735 mittunt
1004 4687 1031 4734 in
1053 4687 1080 4735 ni
1109 4693 1261 4737 consonante
1287 4688 1419 4752 preposita

150 4764 243 4816 preeunt
254 4755 337 4806 uenali
353 4755 413 4821 pani
427 4756 503 4822 pacni
518 4757 544 4805 in
563 4756 585 4805 si
604 4762 628 4805 et
645 4755 672 4805 xi
687 4756 712 4805 F
722 4756 747 4805 in
761 4754 808 4805 has
823 4754 934 4820 syllabas
948 4756 1049 4807 mittunt
1058 4755 1175 4806 uidelicet
1188 4758 1213 4805 in
1228 4757 1255 4805 ni
1272 4758 1417 4823 praeposita

150 4834 289 4876 oomomnte
305 4827 333 4875 in
352 4826 378 4875 ui
396 4834 532 4891 praeeunte
551 4824 633 4875 uomli
651 4840 732 4890 panea
751 4826 777 4875 in
795 4825 817 4873 si
835 4833 859 4873 et
876 4826 937 4890 xip
956 4826 1031 4875 mittit
1048 4827 1073 4876 in
1092 4827 1120 4877 ni
1139 4834 1291 4879 consonante
1308 4842 1416 4899 praepo«

151 4891 193 4940 sita
209 4903 337 4959 praeeunte
353 4896 436 4947 noeeli
452 4911 534 4962 paueo
553 4896 613 4963 paui
628 4910 705 4947 caneo
725 4895 781 4945 naui
799 4896 825 4945 in
841 4895 868 4945 xi
883 4902 908 4945 et
923 4897 950 4945 in
969 4896 991 4945 si
1008 4909 1026 4954 ς
