3525 5600
701 343 937 408 COMMENTVM
1403 339 1465 406 251

1283 463 1305 504 p.
1318 449 1443 492 sos-sou

187 543 240 604 aut,
262 535 286 594 si
307 551 367 596 non
388 535 480 596 luerit
501 551 620 604 nomen,
644 530 716 596 ninii
739 532 818 594 aliud
841 545 887 594 εει
907 535 964 594 nisi
985 533 1172 602 adverbium:
1199 551 1258 594 non
1281 539 1467 611 potestesse

186 653 342 717 pronomen
363 645 414 698 aut
435 637 631 717 participium,
656 635 708 696 sed
731 637 828 698 statim
852 634 1024 698 adverbium
1047 636 1125 698 iacit.
1170 653 1336 714 pronomen
1358 642 1415 696 est:
1442 634 1468 695 si

186 746 226 800 εει
251 757 430 818 pronomen,
459 737 551 808 bene:
586 741 611 800 si
641 747 783 808 nonest,
813 738 985 801 adverbium
1015 747 1069 800 est
1115 740 1212 800 omnis
1233 755 1303 818 pars
1325 737 1467 798 orationis

185 841 290 902 deiecta
313 860 328 902 a
351 841 564 920 significatione
587 843 635 902 sui
656 843 687 902 in
710 840 882 902 adverbium
905 859 1025 921 semper
1053 841 1139 902 cadit.
1184 857 1347 920 numquam
1368 846 1468 919 potest

162 944 242 1004 ⁵fieri
263 950 295 1004 ut
318 945 348 1004 in
370 941 449 1004 alind
472 943 565 1005 cadat.
601 950 726 1024 utputa
749 943 901 1005 videamus
923 941 1073 1021 exempla:
1096 941 1180 1012 laiso,
1203 942 1252 1004 bio
1273 941 1364 1003 ialsns
1378 940 1467 1002 huius

183 1044 245 1106 ialsi
271 1044 340 1107 lruic
369 1043 457 1114 laiso,
487 1045 601 1130 dativus
628 1054 681 1106 est.
726 1047 912 1107 inveniamus
940 1045 1150 1106 elocutionem:
1184 1043 1258 1106 ialso
1286 1052 1338 1106 aut
1358 1061 1466 1104 nomen

183 1145 265 1207 habet
286 1147 460 1225 significare,
484 1152 545 1224 aut,
561 1149 586 1208 si
602 1165 662 1208 uon
678 1149 823 1227 significat
837 1165 956 1215 nomen,
981 1151 1036 1208 erit
1050 1147 1232 1208 adverbium.
1263 1164 1330 1208 nam
1355 1146 1386 1205 ‘i
1389 1144 1467 1205 also

183 1251 351 1329 queritur
384 1248 427 1311 de
460 1257 593 1311 natura
627 1269 691 1312 sua
725 1267 843 1328 genus
873 1250 1098 1319 humanum’,
1136 1249 1184 1310 bic
1213 1247 1386 1310 adverbium
1413 1254 1467 1307 est.

183 1353 247 1412 item
270 1368 435 1430 pronomen
458 1359 487 1412 et
508 1351 688 1421 adverbium,
713 1359 746 1413 ut
768 1361 812 1414 est
833 1353 894 1433 qui.
939 1370 1059 1432 possum
1082 1353 1173 1412 etita
1195 1350 1307 1420 dicere,
1331 1350 1400 1427 ‘qui
1422 1357 1468 1408 est

151 1467 171 1503 1⁰
183 1455 227 1531 qui
250 1453 304 1514 tibi
326 1453 398 1514 iecit
415 1453 590 1515 iniuriam'l
620 1456 645 1516 si
666 1456 706 1515 ita
729 1454 834 1522 dicam.
858 1454 947 1516 modo
968 1471 1135 1532 pronomen
1158 1454 1222 1513 erit.
1254 1453 1279 1513 si
1301 1451 1382 1513 dicas
1403 1451 1468 1528 ‘qui

181 1557 266 1616 scisl'
298 1573 354 1635 pro
377 1573 413 1616 eo
435 1556 514 1634 qnod
537 1564 582 1616 est
605 1555 692 1627 nude,
717 1574 787 1617 ecce
806 1557 811 1633 l
831 1558 888 1617 iam
911 1573 971 1618 non
995 1565 1041 1618 est
1062 1573 1243 1635 pronomen.
1273 1553 1327 1616 sed
1349 1560 1395 1616 est
1416 1552 1467 1614 ad·

182 1657 317 1718 verbium.
362 1659 433 1719 item
455 1675 533 1738 pone
556 1660 612 1719 erit
633 1658 772 1720 verbum:
810 1664 892 1720 muta
916 1666 1085 1728 accentum,
1116 1667 1146 1718 et
1168 1656 1238 1718 iacit
1259 1656 1338 1736 pond
1360 1662 1389 1717 et
1411 1657 1468 1716 erit

181 1759 355 1822 adverbium.
400 1763 470 1821 item
494 1760 628 1840 proiecto
651 1759 768 1840 quando
790 1759 917 1822 dicimus
939 1759 1010 1841 [pro
1038 1759 1137 1821 brevis
1167 1766 1212 1820 εει
1239 1758 1328 1820 modo
1350 1756 1466 1838 modo]‚
1560 1745 1564 1754 ’

183 1869 209 1922 ει
228 1862 414 1942 participium
444 1869 489 1924 est
516 1870 545 1922 et
567 1861 749 1924 adverbium.
795 1863 881 1924 siita
904 1861 1000 1932 dicas,
1029 1863 1182 1942 ‘proiecto
1212 1861 1284 1922 milri
1309 1860 1346 1922 ad
1368 1859 1466 1921 villam

150 1972 171 2013 1⁵
181 1963 245 2026 illud
268 1966 419 2044 negotium
442 1965 587 2044 contigit’,
612 1964 668 2025 tale
692 1973 736 2025 εει
758 1983 791 2025 ac
814 1965 839 2026 si
862 1964 977 2026 diceres
999 1965 1080 2025 ‘cum
1094 1963 1249 2044 proiectus
1264 1981 1369 2037 essem,
1394 1960 1467 2022 iliud

181 2067 325 2144 negotium
348 2065 421 2127 milri
444 2068 592 2144 contigit'.
639 2084 712 2146 ergo,
733 2066 821 2126 modo
844 2067 1033 2146 participium
1057 2074 1111 2126 est.
1145 2067 1171 2126 si
1192 2065 1249 2126 boc
1271 2066 1361 2132 dicas,
1385 2066 1466 2144 ‘pro-

181 2169 253 2228 lecto
274 2175 384 2248 quanto
406 2170 498 2248 magis
521 2170 672 2248 magisque
694 2169 824 2230 arbitror
834 2175 852 2238 ’,
877 2168 966 2229 modo
989 2168 1162 2230 adverbium
1185 2175 1239 2228 εει.
1277 2175 1346 2228 ante
1368 2175 1468 2247 potest

182 2279 208 2330 et
227 2271 406 2348 praepositio
427 2289 492 2332 esse
515 2279 544 2331 et
565 2270 752 2332 adverbium:
782 2271 867 2332 ‘ante
890 2270 1062 2350 templum’,
1092 2270 1181 2332 modo
1203 2270 1383 2350 praepositio
1406 2275 1464 2338 εει;

181 2374 260 2432 ‘ante
282 2373 381 2441 iecit'‚
406 2371 494 2434 modo
516 2371 687 2434 adverbium
711 2380 765 2434 εει.
810 2392 876 2434 narn
906 2375 1042 2452 quotiens
1063 2391 1150 2434 casus
1172 2380 1350 2452 sequamur,
1379 2388 1466 2451 prae·

150 2475 282 2552 repositio
305 2483 364 2541 est;
395 2476 629 2553 quotiensnon,
652 2473 825 2536 adverbium
853 2483 909 2536 est.
954 2484 985 2537 ut
1008 2481 1106 2554 potest
1133 2481 1164 2536 et
1191 2475 1362 2536 coniunctio
1391 2491 1465 2541 esse,

181 2581 272 2654 potest
294 2583 324 2637 et
346 2575 532 2638 adverbium:

326 2686 363 2738 ut
384 2678 473 2750 vidi,
498 2687 535 2740 ut
559 2680 668 2758 perii,
694 2687 732 2740 ut
755 2697 808 2740 me
830 2680 948 2740 malus
971 2678 1129 2741 abstulit
1152 2697 1272 2739 error:

180 2779 207 2839 in
228 2778 376 2859 prioribus
404 2779 477 2841 loeis
505 2782 674 2843 coniunctio
698 2789 756 2851 est,
785 2783 815 2842 in
842 2781 1009 2861 posteriore
1035 2780 1207 2843 adverbium
1237 2787 1290 2841 est
1336 2779 1409 2841 loeus
1437 2785 1467 2839 et

179 2884 339 2943 interiectio
362 2890 406 2943 est
428 2890 456 2943 et
478 2882 668 2945 adverbium:
693 2886 718 2945 si
741 2883 823 2945 dieas

149 2996 169 3037 ιι
324 2984 417 3045 heus
440 2986 550 3045 etiarn
573 3004 718 3048 mensas
740 2987 1007 3055 consumimus,
1030 2986 1154 3065 inquit
1175 2984 1292 3053 iulus,

180 3083 263 3147 modo
285 3088 451 3149 interiectio
474 3098 533 3157 est:

325 3188 433 3259 heus,
457 3190 597 3267 inquit,
622 3190 792 3261 iuvenes,
816 3198 1024 3251 monstrate
1046 3192 1246 3261 mearum!

181 3288 263 3350 modo
284 3290 456 3352 adverbium
479 3301 524 3353 est
546 3290 740 3353 inclamantis,
786 3309 858 3370 ergo
882 3292 962 3353 vides
990 3311 1094 3355 omnes
1123 3299 1225 3371 partes
1252 3292 1395 3352 orationis
1416 3290 1465 3351 lra-

181 3390 246 3452 bere
269 3391 416 3471 quandam
439 3394 646 3497 cognationem
669 3412 735 3453 cum
759 3392 909 3455 adverbio.
946 3414 1014 3455 narn
1037 3396 1061 3455 si
1083 3393 1206 3455 desierit
1229 3411 1294 3453 esse
1316 3392 1396 3472 quod
1411 3400 1465 3462 est,

149 3492 249 3553 nnihii
271 3500 315 3555 est
336 3492 414 3555 aliud
438 3496 494 3555 nisi
517 3493 699 3565 adverbium,
744 3497 827 3556 utin
851 3498 971 3557 nomine
994 3496 1076 3571 laiso,
1098 3498 1131 3556 in
1152 3496 1329 3576 pronomine
1351 3495 1412 3573 qui,
1434 3496 1465 3555 in

180 3594 265 3655 verbo
286 3613 381 3675 pone,
409 3598 441 3656 in
463 3599 620 3676 participio
643 3598 791 3676 proiecto,
819 3600 850 3658 in
872 3600 1082 3680 coniunctione
1111 3606 1154 3669 ut,
1184 3600 1216 3658 in
1243 3597 1465 3677 praepositione

180 3705 257 3769 ante,
284 3700 314 3758 iu
342 3700 549 3759 interiectione
578 3698 662 3761 heus.
708 3717 779 3778 ergo
807 3685 911 3761 omnes
938 3707 1038 3780 partes
1065 3700 1206 3761 orationis
1233 3718 1302 3760 cum
1325 3697 1465 3760 adverbio

179 3801 380 3877 cognationem
402 3799 521 3861 babent.
566 3800 618 3863 sed
641 3800 742 3881 plane,
767 3804 821 3871 ait,
845 3804 876 3864 in
897 3802 944 3863 iris
965 3801 1057 3864 rebus
1078 3801 1173 3880 aliqua
1197 3802 1394 3863 discernimus
1416 3820 1464 3861 ac·

180 3909 273 3971 centu,
296 3920 386 3963 sensu
410 3900 517 3979 aliqua.
562 3883 730 3977 padoence,
754 3911 788 3964 ut
808 3902 979 3982 intellegam
1002 3903 1145 3983 proiecto,
1170 3902 1289 3982 quando
1312 3911 1358 3964 est
1374 3904 1464 3982 parti·

149 4004 298 4081 stipium,
326 4004 447 4081 quando
475 4004 662 4073 adverbium,
692 4023 782 4066 seusu
805 4006 953 4067 discerno.
998 4014 1030 4067 ut
1057 4014 1155 4067 autem
1182 4003 1351 4082 intellegam
1376 4022 1463 4083 pone,

181 4102 233 4164 boo
260 4122 317 4166 non
346 4104 441 4166 solum
470 4105 608 4167 discerno
635 4125 740 4176 seusu,
775 4107 826 4168 sed
861 4110 949 4168 etiarn
976 4116 1111 4170 accentu.
1157 4126 1228 4186 ergo
1255 4108 1286 4168 in
1315 4104 1464 4186 plerisque

182 4206 348 4283 significatio
372 4210 430 4268 erit
452 4226 488 4268 ex
511 4216 645 4277 accentu,
668 4210 698 4268 in
720 4207 870 4289 plerisque
893 4211 950 4271 erit
971 4228 1007 4271 en
1030 4228 1129 4271 sensu.

260 4308 320 4369 Hoc
349 4308 429 4389 quod
457 4308 591 4371 dicturus
619 4318 665 4371 est
692 4310 775 4371 vaide
803 4310 889 4372 nobis
912 4319 957 4372 εει
978 4311 1064 4382 utile,
1088 4319 1121 4372 ut
1142 4312 1282 4382 sciamus,
1317 4328 1404 4388 quem
1427 4294 1581 4423 adfflff⁷

246 4497 261 4547 7
278 4493 354 4563 luiso]
371 4498 436 4548 san.
448 4496 506 4561 Ing.
523 4498 535 4547 l
609 4497 641 4546 14
656 4506 681 4547 ει
699 4498 858 4565 perticipium
873 4507 898 4547 ει
916 4498 1065 4549 adverbium
1082 4498 1133 4549 BG
1151 4506 1176 4548 et
1194 4498 1343 4549 aduerbium
1360 4504 1385 4547 ει
1403 4512 1462 4562 par-

182 4566 287 4631 ticipium
305 4567 330 4615 A
416 4566 448 4617 15
468 4567 593 4631 contingit
610 4566 669 4618 AB
758 4568 791 4619 16
810 4568 915 4633 contigit
932 4569 1069 4635 (contingit
1084 4568 1151 4633 AB)
1169 4568 1329 4635 participium
1348 4577 1386 4618 εει
1400 4583 1461 4634 ergo

183 4635 251 4686 modo
268 4639 289 4688 ei
308 4636 357 4687 hoc
372 4637 458 4687 ABC
545 4638 624 4687 2011:
645 4646 729 4703 potest
747 4648 771 4686 et
792 4640 935 4688 coniunctio
954 4654 1011 4688 esse
1029 4647 1112 4704 potest
1129 4647 1154 4687 et
1174 4638 1324 4688 aduerbium
1344 4638 1416 4688 nea
1436 4648 1461 4687 nt

184 4708 299 4769 potentin
313 4708 490 4757 coniunctione
505 4722 562 4757 esse
582 4716 665 4771 potest
683 4707 830 4758 adverbium
848 4708 873 4758 A
942 4710 977 4758 22
994 4718 1021 4758 ut
1039 4707 1102 4773 vidi]
1122 4709 1201 4773 Verg,
1220 4708 1302 4761 bucol.
1321 4706 1344 4765 8,
1364 4708 1397 4758 41

184 4786 207 4825 ut
225 4778 275 4841 peri
290 4777 361 4827 BGo
379 4779 494 4842 ..peri.
514 4777 538 4827 Α
608 4776 642 4827 ‘lb
661 4778 724 4827 bens
739 4776 825 4845 etiam]
850 4780 929 4843 Verg.
948 4780 1015 4831 Aen.
1035 4780 1079 4827 vu
1100 4778 1149 4830 llll
1236 4779 1269 4827 27
1287 4778 1351 4828 incus
1366 4776 1460 4847 inquit]

189 4846 340 4913 nepueu.
359 4846 438 4899 1321
510 4846 544 4899 33
562 4849 740 4917 cognationem
762 4848 948 4905 trummacum
965 4849 1176 4923 significationem
1193 4848 1276 4905 Aee

846 5122 852 5153 i
