3525 5600
677 395 748 457 bRS
778 395 841 457 VIll
864 397 958 456 2-7
1396 393 1482 460 433·

200 511 224 552 p.
239 499 369 540 1r1s1sr.
1279 504 1434 557 passuri,

177 581 311 650 mittunt,
341 600 416 661 quae
445 583 476 644 in
504 586 654 662 praesenti
683 591 816 664 tempere
844 584 998 645 indicativi
1024 584 1103 645 modi
1131 603 1151 644 u
1181 591 1248 644 ante
1270 586 1459 645 novissimam

177 681 305 743 litteram
327 683 446 754 babent,
469 692 503 745 ut
523 684 623 745 tribuo
645 686 753 755 tribui,
778 693 873 748 statuo
896 689 1002 755 statui,
1025 688 1126 746 minue
1148 688 1255 754 minui,
1280 687 1381 748 imbuo
1403 689 1459 747 im·

178 781 244 853 bui,
268 783 365 846 adnue
387 785 492 856 adnui,
517 787 595 848 diluo
618 786 704 858 dilui,
728 787 822 848 obruo
845 787 947 858 obrui,
971 787 1061 849 induo
1083 787 1182 849 indui:
1205 789 1236 848 in
1251 788 1300 848 bis
1316 789 1373 849 due
1396 797 1458 848 tan-

177 892 252 956 tum,
281 905 356 966 quae
384 889 415 948 in
441 889 471 948 xi
501 890 621 950 mittunt
646 891 857 968 praeteritum,
888 891 947 951 tlue
969 890 1055 960 tluxi,
1079 896 1161 951 strue
1182 893 1288 950 suuni.
1333 897 1363 950 et
1384 908 1459 969 quae

153 989 206 1048 ein
229 987 258 1048 le
281 988 422 1069 syllabam
451 997 560 1052 exeunt
586 993 617 1053 in
645 994 811 1071 praesenti,
835 991 929 1052 nibilo
952 995 1050 1053 minus
1071 991 1264 1071 praeteritum
1285 991 1316 1051 in
1338 993 1369 1052 ui
1391 993 1458 1051 mit·
1543 976 1545 983 ¹

177 1096 255 1160 tuet,
286 1098 319 1150 ut
346 1091 410 1152 vole
438 1092 533 1162 volui,
564 1092 632 1153 nole
659 1093 756 1163 nolui,
786 1095 851 1154 colo
879 1094 974 1163 celui,
1002 1094 1125 1154 consulo
1146 1093 1296 1164 consului,
1320 1092 1366 1153 ale
1388 1093 1458 1153 alui.
1514 1130 1518 1137 -

175 1209 267 1272 pauca
290 1199 446 1272 praeterea
468 1197 500 1255 in
523 1195 646 1256 eandem
669 1197 887 1257 extremitatem
909 1197 1030 1256 mittunt
1050 1197 1260 1274 praeteritum,
1282 1213 1459 1274 quamquam

176 1313 315 1373 praesens
344 1295 440 1356 simile
469 1297 676 1376 superioribus
703 1316 761 1358 nen
789 1297 933 1368 habeant,
962 1305 1057 1358 tremo
1086 1299 1208 1367 tremui,
1237 1313 1322 1375 gemo
1349 1300 1458 1375 gemui,

175 1396 268 1456 ireme
292 1398 410 1468 fremui,
434 1401 517 1478 rapio
541 1401 636 1479 rapui,
660 1417 815 1478 compesce
837 1401 1021 1479 compescui,
1045 1405 1131 1460 necto
1146 1401 1246 1468 nexui,
1269 1405 1361 1459 sterte
1383 1406 1458 1459 ster·

142 1517 163 1556 re
176 1500 232 1568 tui,
256 1507 343 1578 pecte
365 1519 401 1579 pc
424 1503 470 1570 ui,
494 1508 561 1562 texe
583 1503 678 1571 texui,
702 1519 824 1562 senesce
840 1503 940 1570 senui,
963 1503 1053 1579 gigne
1068 1502 1172 1578 genui,
1196 1508 1226 1561 et
1247 1503 1332 1581 siqua
1354 1519 1390 1562 ex
1412 1500 1460 1561 bis

175 1607 400 1678 componuntur.
444 1604 471 1662 vi
504 1603 614 1683 syllaba
642 1605 839 1664 terminantur
872 1605 903 1663 in
935 1605 1098 1683 praeterito
1130 1603 1204 1663 baec
1237 1603 1313 1672 sela,
1350 1621 1459 1682 sperne

174 1703 288 1780 sprevi,
321 1709 421 1764 sterne
454 1707 560 1774 stravi,
594 1724 685 1766 cerno
718 1707 815 1774 crevi,
848 1723 916 1766 sere
943 1707 1019 1774 sevi,
1053 1712 1119 1765 tere
1151 1706 1237 1774 trivi,
1266 1721 1354 1784 pasce
1381 1706 1458 1784 pavi,

174 1821 284 1882 quaero
307 1807 454 1884 quaesivi,
478 1807 539 1868 lino
560 1806 627 1876 livi,
652 1809 772 1887 quiesco
794 1808 909 1886 quievi,
926 1805 941 1890 Η
958 1809 1046 1886 cupio
1068 1807 1182 1886 cupiri,
1205 1824 1368 1867 consuesco
1390 1825 1458 1867 cen·

174 1907 271 1976 suevi,
296 1914 365 1986 pete
387 1910 493 1988 petivi,
517 1911 600 1988 sapie
622 1910 726 1989 sapiri.
763 1911 827 1970 ini
850 1911 1020 1988 praeposita
1041 1914 1222 1970 consonante
1243 1910 1275 1968 in
1297 1911 1460 1988 praeterite

141 2006 329 2078 edesiuunt,
352 2029 427 2090 quae
450 2012 481 2070 in
503 2013 654 2090 praesenti
676 2011 714 2072 de
736 2010 847 2090 syllaba
870 2013 1068 2072 terminantur
1089 2009 1286 2090 praecedente
1307 2028 1327 2070 n
1349 2009 1458 2081 littera,

175 2116 206 2170 ut
226 2109 338 2170 scande
359 2111 476 2182 scandi,
507 2112 633 2174 ascende
656 2113 790 2182 ascendi,
820 2112 949 2174 accende
977 2112 1115 2182 accendi,
1138 2111 1285 2172 descende
1308 2111 1458 2181 descendi,

175 2209 291 2272 edendo
318 2211 442 2283 eilendi,
473 2215 570 2294 pando
598 2216 704 2295 pandi,
732 2216 846 2295 prende
873 2213 994 2294 prendi,
1023 2214 1131 2275 mando
1152 2213 1268 2274 mandi:
1306 2214 1364 2274 tria
1386 2232 1406 2274 n
1428 2216 1459 2275 in

174 2315 338 2392 praeterite
360 2315 514 2386 amittunt,
537 2316 629 2377 tundo
651 2317 729 2388 iudi,
752 2317 854 2397 linque
876 2317 966 2396 liqui,
990 2316 1094 2377 scindo
1115 2315 1206 2376 scidi:
1236 2317 1280 2376 sic
1300 2314 1438 2376 Lucanus
1499 2385 1503 2390 ,

325 2423 388 2477 aut
410 2417 526 2478 scidit
548 2426 584 2479 et
605 2419 743 2480 medias
766 2419 858 2479 iecit
880 2417 954 2478 sibi
977 2417 1092 2478 litera
1114 2424 1256 2478 terras:

140 2537 162 2578 aa
174 2524 203 2577 et
217 2535 294 2596 quae
309 2519 406 2579 minus
421 2515 604 2598 una'syllaba
619 2521 826 2600 preferuntur,
842 2519 987 2600 preducta
1001 2521 1098 2600 prima
1113 2516 1224 2597 syllaba
1238 2521 1270 2579 in
1286 2521 1458 2598 praeterite,

174 2637 248 2699 quae
264 2622 296 2680 in
311 2622 463 2699 praesenti
479 2624 655 2701 corripitur,
679 2630 712 2684 ut
727 2625 811 2703 capio
826 2625 907 2702 cepi,
924 2623 1001 2683 iaeio
1016 2622 1088 2691 ieci,
1112 2622 1189 2682 laeio
1204 2620 1273 2691 ieci,
1288 2622 1371 2698 iugie
1386 2622 1457 2698 iugi,

174 2721 253 2782 lodie
281 2723 352 2783 ledi.
397 2739 490 2803 pauca
518 2707 673 2804 praeterea
699 2721 832 2809 eanldem
860 2723 1021 2786 clausulam
1047 2720 1159 2783 babent
1179 2725 1338 2783 novissima
1360 2722 1459 2784 littera

174 2827 340 2905 praesentis
368 2827 509 2905 temperis
536 2827 568 2885 in
593 2828 604 2885 i
630 2844 785 2899 conversa,
815 2828 899 2888 vinco
928 2828 1000 2896 vici,
1028 2842 1134 2904 rumpe
1162 2826 1248 2904 rupi,
1273 2823 1353 2884 solve
1375 2824 1458 2894 solvi,

173 2926 256 2987 vulve
285 2927 375 2997 volvi,
403 2926 480 2987 cude
507 2928 584 2989 cudi.
629 2930 660 2989 ie
688 2932 714 2991 si
742 2931 937 3009 praeteritum
964 2931 1084 2989 mittunt
1110 2925 1159 2987 illa
1188 2924 1295 2996 verba,
1323 2944 1399 3005 quae
1427 2929 1459 2987 in

141 3028 326 3107 inpraesenti
348 3028 385 3089 de
407 3029 453 3090 vel
474 3049 524 3090 me
545 3030 665 3110 syllabis
687 3033 899 3100 terminantur,
922 3031 949 3091 si
971 3031 1012 3090 sit
1033 3036 1138 3090 natura
1159 3028 1245 3107 longa
1267 3028 1458 3108 paenultima,

175 3136 207 3189 ut
234 3128 305 3189 lude
333 3128 405 3199 lusi,
433 3129 518 3191 laedo
547 3130 633 3201 laesi,
663 3132 736 3193 cede
763 3134 855 3202 cessi,
884 3130 991 3211 plaude
1018 3130 1128 3210 plausi,
1157 3129 1245 3190 trude
1267 3131 1358 3199 trusi,
1387 3130 1459 3191 rade

175 3232 249 3301 rasi,
278 3230 372 3292 inlido
398 3230 495 3301 inlisi,
525 3232 623 3293 adlide
652 3234 752 3305 adlisi,
782 3252 886 3313 promo
918 3234 1065 3313 prompsi,
1095 3251 1179 3293 sume
1212 3233 1340 3311 sumpsi,
1373 3230 1459 3292 deme

175 3332 304 3412 dempsi,
333 3350 451 3393 resume
481 3336 638 3413 resumpsi.
683 3343 713 3396 et
739 3353 856 3415 preme,
885 3336 1020 3415 quamvis
1049 3341 1185 3413 correpta
1206 3335 1246 3393 sit
1268 3332 1457 3412 paenultima,

175 3436 205 3493 in
228 3434 353 3495 eandem
376 3434 518 3513 syllabam
540 3437 619 3511 exit,
642 3443 672 3497 et
693 3437 887 3517 quicquidex
901 3455 937 3496 ee
959 3436 1154 3515 componitur,
1178 3442 1211 3495 ut
1225 3452 1329 3514 preme
1349 3436 1457 3513 pressi,

140 3537 308 3615 perprimo
331 3540 474 3616 expressi,
498 3540 662 3618 comprime
684 3540 858 3617 compressi.
889 3544 920 3598 et
940 3555 1015 3618 quae
1037 3537 1068 3597 in
1090 3536 1129 3597 be
1152 3537 1198 3597 rel
1219 3538 1250 3596 in
1272 3555 1317 3616 po·
1333 3534 1460 3616 syllabas

176 3636 331 3707 desinunt,
354 3641 550 3718 praeteritum
573 3639 709 3701 similiter
730 3642 762 3701 in
785 3642 809 3701 si
832 3639 975 3721 syllabam
996 3641 1131 3709 mittunt,
1162 3645 1196 3698 nt
1217 3634 1316 3699 scribo
1338 3639 1458 3717 scripsi,

244 3821 262 3873 3
278 3824 361 3873 adnue
380 3852 415 3861 —
433 3823 495 3875 dilui
513 3832 537 3875 et
554 3826 631 3877 indue
646 3826 716 3876 indui
730 3842 774 3876 em.
787 3827 833 3885 Fr,-
902 3826 927 3875 in
946 3826 955 3875 i
973 3824 1013 3875 bis
1032 3826 1082 3877 due
1100 3831 1197 3875 tantum
1211 3830 1340 3874 mutantur
1357 3822 1460 3887 (nemn-

175 3902 215 3943 ter
230 3894 259 3957 s)
275 3901 372 3943 tanturn
391 3896 416 3944 F
429 3908 462 3943 ex
480 3892 521 3943 bis
538 3895 588 3945 due
606 3904 735 3947 mutantur
750 3904 847 3945 tanturn
858 3912 877 3961 9
894 3910 926 3945 ex
943 3894 985 3945 bis
1000 3895 1051 3945 due
1068 3902 1323 3947 notamurtaetems'
1369 3891 1460 3943 bneie

177 3963 245 4013 nolui
258 3976 303 4017 em.
320 3962 346 4012 P
414 3962 431 4013 8
450 3962 532 4015 simile
549 3962 641 4029 (simili
652 3965 689 4029 F]
708 3965 882 4031 superioribus
900 3964 1007 4014 babeant
1023 3964 1068 4021 re
1085 3962 1209 4015 dissimile
1227 3962 1400 4029 superioribus
1414 3962 1461 4012 ba—

176 4033 280 4099 beantp
340 4041 367 4083 et
385 4042 464 4084 tremo
484 4036 574 4083 tremui
592 4050 666 4103 gemo
685 4034 765 4085 fremo
785 4049 850 4100 pene
867 4036 907 4085 sui
924 4043 1009 4099 strepe
1028 4034 1072 4099 pui
1089 4047 1152 4098 rapo
1171 4046 1305 4098 compesce
1324 4039 1397 4082 necte
1415 4032 1460 4081 xei

176 4109 253 4152 sterte
277 4103 313 4153 tui
336 4110 409 4167 pecte
432 4103 476 4151 xui
501 4111 559 4153 texo
585 4106 629 4155 xui
651 4106 730 4171 gigne
752 4104 863 4173 genuip
948 4102 1055 4169 9repio
1074 4102 1159 4169 rapui]
1177 4104 1248 4168 pario
1266 4102 1341 4169 parui
1355 4102 1382 4150 P
1398 4115 1460 4166 pare

178 4170 311 4238 (pasees)
329 4173 402 4237 parui
420 4174 452 4233 F,
470 4188 516 4227 oar.
536 4188 553 4231 ς
624 4174 657 4226 10
674 4176 754 4240 gigne
773 4174 863 4241 gignui
881 4174 907 4223 P
923 4187 1009 4239 gygeo
1027 4175 1123 4238 gygeui
1141 4174 1167 4222 F
1182 4174 1262 4239 gigne
1281 4172 1360 4237 genui
1378 4173 1461 4221 iecra·

177 4244 250 4291 besee
269 4242 391 4293 increbui.
411 4258 468 4291 rtem
486 4243 587 4293 increbo
603 4259 653 4294 uon
671 4245 799 4294 inuenitur
818 4258 835 4301 ς
906 4244 939 4295 12
957 4258 1014 4294 sero
1032 4243 1101 4291 serui
1115 4252 1168 4292 tero
1187 4243 1251 4291 terei
1271 4242 1295 4290 F
1363 4240 1395 4291 13
1409 4241 1460 4290 line

178 4312 227 4360 leui
245 4313 286 4363 uel
305 4312 409 4377 liniuip
427 4312 484 4362 lene
501 4312 569 4363 lenui
586 4314 612 4363 F
662 4315 694 4365 14
712 4315 784 4381 sapio
802 4314 878 4378 sapui
896 4313 921 4362 F
937 4314 1010 4378 sepio
1027 4312 1101 4377 sapui
1116 4314 1188 4376 sepio
1204 4310 1309 4377 sepeip
1373 4310 1406 4362 18
1423 4311 1461 4359 sic

178 4382 271 4435 Lucan.
292 4382 317 4431 in
337 4381 368 4431 lll
388 4382 536 4434 Putecdiue:
555 4382 591 4432 sie
606 4383 712 4433 lucanus
730 4384 764 4432 ait
780 4382 860 4434 Scidit
876 4390 901 4432 et
918 4382 1054 4431 inmedies
1071 4380 1131 4431 feeit
1142 4381 1257 4431 sibilator
1275 4392 1371 4429 eternas
1388 4395 1405 4437 ς
1423 4380 1461 4429 sie

179 4452 283 4501 incanus
301 4451 376 4501 scidit
394 4462 419 4502 et
437 4452 463 4501 in
484 4452 580 4502 medias
597 4450 665 4513 (rell.
681 4452 738 4518 em.)
751 4467 781 4519 p:
800 4453 922 4503 Pleraei.
937 4452 972 4500 lll
991 4450 1025 4502 61
1095 4451 1127 4501 21
1153 4450 1219 4501 secie
1237 4449 1285 4500 ieci
1303 4465 1349 4501 em.
1369 4450 1394 4499 F

178 4522 210 4570 22
234 4520 309 4571 iodee
336 4519 392 4571 ledi
418 4535 474 4572 eme
500 4522 549 4571 emi
573 4522 597 4571 F
668 4522 715 4575 *23
731 4523 802 4573 selue
821 4522 888 4572 solui
916 4522 981 4571 ende
1008 4520 1065 4570 endi
1084 4516 1296 4585 uelue(uoleF)
1313 4518 1383 4568 uolui
1400 4519 1460 4573 rs:

179 4590 242 4639 eudo
261 4592 400 4641 secuudum
419 4592 558 4642 Diomeden
577 4599 601 4641 et
618 4591 759 4646 charisium
777 4602 801 4643 et
817 4592 925 4643 Pboeam
942 4592 1013 4653 cusi,
1030 4591 1169 4639 seeundum
1188 4590 1253 4639 alies
1271 4588 1329 4638 cudi
1347 4588 1461 4638 Praera-

179 4676 223 4709 nua
237 4661 255 4713 l.
274 4660 297 4710 X
313 4676 340 4723 p.
355 4662 415 4724 515,
434 4662 474 4713 16.
495 4663 527 4712 de
546 4660 665 4713 0}er
677 4664 720 4729 (p.
738 4662 805 4725 ate,
823 4662 851 4725 5)
868 4670 894 4712 et
911 4663 998 4714 Ptoca
1012 4674 1116 4711 masse
1133 4660 1232 4711 eidem
1247 4659 1405 4710 Maenas.
1429 4656 1461 4707 ab

179 4731 355 4793 ἰπιιψοὶαωνι
377 4738 521 4795 corruptum
539 4746 595 4782 esse
615 4730 723 4785 Phocum
737 4732 844 4796 putabat
856 4730 1000 4782 Bonum
1017 4745 1073 4783 aar.
1092 4733 1149 4783 lect.
1168 4744 1196 4793 p.
1214 4728 1266 4779 270
1352 4729 1387 4778 24
1405 4724 1460 4792 ille]

180 4799 275 4861 syllaba
292 4800 484 4866 Fsyilsbarns
553 4815 604 4863 que
622 4810 646 4852 et
663 4804 790 4869 praesenti
811 4804 833 4853 P
901 4802 936 4853 ab
953 4802 1031 4871 longa
1049 4816 1083 4871 pa
1105 4800 1244 4866 penultima
1261 4798 1286 4847 P
1353 4796 1388 4849 28
1406 4811 1462 4848 eer-

181 4871 294 4937 ruptaP
361 4870 394 4923 31
413 4869 555 4938 syllabaP
