3525 5600
312 396 374 464 416
877 395 1027 458 auocat:

337 523 359 564 p.
373 511 417 552 88⁸1.
430 511 456 552 28
469 507 491 549 L.
1399 513 1421 553 p.
1435 502 1493 542 last.
1512 500 1537 540 ib
1548 499 1570 540 P.

397 590 427 651 lr
455 589 564 670 syllaba
592 589 768 648 terminatur
797 603 888 646 unum
917 585 1149 665 monosyllabum
1172 585 1293 662 generis
1316 583 1472 643 masculini
1495 601 1591 642 secun·

313 695 367 756 dae
396 692 619 764 declinationis,
648 689 697 750 bic
724 689 770 747 vir
797 688 886 747 buius
915 689 988 756 viri,
1012 693 1042 746 et
1069 690 1153 767 siqua
1176 706 1211 746 ex
1240 687 1290 747 illo
1312 692 1543 765 componuntur,
1564 695 1593 745 ut

312 799 362 858 bic
384 797 506 859 semivir
528 794 667 854 triumvir
690 791 851 868 septemvir
873 789 1023 849 decemvir
1045 790 1137 860 levir,
1165 808 1241 869 quae
1263 788 1397 849 eiusdem
1419 794 1489 847 sunt
1510 787 1592 848 decli·

313 899 452 960 nationis.
495 915 588 956 unum
616 899 772 974 praeterea
800 893 899 951 neutri
928 893 1047 970 generis
1076 897 1229 972 repertum
1255 897 1302 950 est
1330 897 1361 950 et
1392 888 1593 968 monosyllabis

313 1004 473 1068 insertum,
496 999 552 1058 hoc
574 1000 602 1057 ir
623 993 845 1057 indeclinabile.
1603 1006 1614 1044 s

397 1102 439 1163 Or
467 1099 578 1180 syllaba
604 1099 688 1159 finita
716 1096 873 1157 masculini
900 1104 970 1157 suut
991 1099 1112 1174 generis
1134 1104 1165 1156 et
1186 1098 1293 1156 tertiae
1315 1094 1540 1163 declinationis,
1565 1103 1594 1154 ut

314 1205 362 1265 bic
385 1204 458 1264 odor
480 1203 596 1270 odoriS,
619 1200 669 1260 hic
692 1217 775 1260 amor
798 1199 923 1268 amoris,
946 1199 1045 1279 liquor
1067 1200 1207 1279 liquoris,
1235 1199 1368 1276 exceptIs
1390 1195 1503 1265 tribus,
1526 1215 1593 1275 (praa

313 1325 416 1368 samua
439 1304 498 1364 sibi
521 1303 697 1363 femininum
714 1300 892 1369 defendunt,
916 1299 1050 1360 eiusdem
1065 1307 1165 1361 tamen
1180 1300 1405 1368 declinationis,
1428 1298 1502 1358 baec
1517 1317 1593 1366 ttror,

313 1410 386 1468 baec
415 1425 512 1475 soror,
541 1404 614 1464 baec
642 1402 745 1472 arbor,
775 1408 804 1461 et
832 1405 948 1463 neutris
978 1403 1040 1472 his,
1069 1403 1235 1472 hocador,
1263 1402 1319 1462 boc
1344 1399 1356 1482 ll
1381 1419 1524 1470 marmor,
1545 1401 1595 1460 boc

315 1527 435 1590 aequor.
480 1495 598 1588 quidam
622 1513 652 1566 et
673 1505 729 1566 hoc
752 1503 838 1574 ebor,
862 1503 919 1564 boc
941 1504 1046 1574 robor,
1069 1506 1126 1564 boc
1148 1507 1245 1566 femor
1266 1503 1487 1564 rationabiliter
1509 1503 1594 1564 adnu-
1607 1525 1627 1560 o
1718 1576 1719 1579 y

316 1618 440 1673 merant.
484 1627 576 1671 unum
605 1615 650 1668 est
677 1608 842 1668 communis
870 1608 1006 1684 generis.
1034 1607 1084 1667 bic
1106 1614 1136 1666 et
1157 1607 1231 1668 haec
1253 1615 1369 1676 auctor,
1392 1623 1485 1665 unum
1505 1609 1596 1666 omnis
1718 1582 1720 1597 Ι

314 1715 450 1792 generis,
474 1712 523 1772 hic
546 1718 576 1771 et
597 1709 670 1770 baec
693 1715 723 1768 et
746 1709 801 1769 ltoc
824 1727 951 1775 memor,
975 1716 1005 1768 et
1027 1711 1223 1788 compositum
1245 1728 1282 1769 er
1305 1726 1341 1768 eo
1363 1710 1529 1767 immemor.
1569 1717 1597 1768 et

315 1817 413 1876 omnia
447 1816 478 1874 in
511 1814 586 1874 banc
619 1811 758 1892 syllabam
788 1810 955 1872 desinentia
983 1830 1000 1869 o
1029 1814 1059 1871 in
1087 1810 1219 1890 obliquis
1249 1807 1253 1888 Ι
1282 1795 1402 1871 casibus
1429 1810 1596 1889 productam

315 1917 444 1986 habent,
479 1918 504 1976 si
537 1916 598 1974 sint
630 1902 806 1993 appellativa
835 1921 865 1973 et
891 1913 999 1981 latina,
1028 1915 1161 1992 exceptis
1188 1911 1277 1972 arbor
1305 1919 1336 1972 et
1363 1931 1452 1992 snpra
1481 1913 1597 1990 scriptis

315 2020 433 2080 neutris
455 2024 486 2077 et
507 2034 620 2076 memor
643 2022 674 2076 et
695 2017 860 2076 immemor.
905 2017 1026 2094 propria
1054 2015 1144 2075 latina
1171 2017 1234 2076 sire
1262 2032 1409 2092 graecae
1435 2021 1628 2092 correptamu

316 2120 428 2182 babent
448 2123 480 2181 in
502 2116 640 2179 omnibus
662 2117 797 2186 casibus,
824 2123 858 2178 ut
879 2117 969 2177 detor
990 2115 1122 2186 Actoris,
1151 2115 1261 2177 Hector
1283 2116 1430 2177 Hectoris.
1474 2118 1599 2195 quaein

317 2242 350 2283 or
379 2222 518 2283 similiter
547 2220 687 2280 desinunt
714 2221 723 2280 i
752 2219 853 2282 littera
876 2217 970 2280 vocali
992 2220 1176 2298 praeposita,
1205 2219 1372 2279 communis
1394 2225 1464 2280 sunt
1485 2220 1599 2295 generis

271 2327 274 2341 '
317 2310 450 2384 eiusdem
473 2323 697 2390 declinationis,
720 2324 828 2382 tertiae
851 2321 982 2390 scilicet,
1006 2330 1036 2382 et
1057 2323 1155 2382 omnia
1178 2322 1372 2400 comparativi
1394 2327 1464 2380 suut
1485 2320 1598 2397 gradus,

317 2426 366 2485 bic
389 2432 420 2485 et
441 2425 514 2485 haec
537 2423 643 2484 melior
665 2423 813 2492 melioria,
837 2422 952 2484 doctior
974 2423 1127 2483 doctioris.

401 2527 441 2586 Vr
469 2523 580 2606 syllaba
610 2527 692 2586 finita
720 2527 840 2602 gatteria
867 2524 1023 2585 masculini
1050 2525 1123 2584 baec
1150 2533 1234 2594 sunt,
1262 2525 1312 2587 bic
1340 2525 1404 2594 fur,
1434 2525 1485 2584 bic
1513 2530 1631 2584 satura
1718 2550 1720 2559 =

317 2629 368 2688 sed
392 2629 441 2689 fur
463 2626 584 2708 quidem
606 2629 687 2687 iuxta
714 2629 860 2687 rationem
888 2625 1157 2705 monosyllabarum
1184 2629 1292 2689 tertiae
1320 2634 1366 2687 est
1388 2626 1599 2695 declinationis,

318 2730 397 2811 quod
426 2730 476 2791 alii
507 2731 671 2788 communis
699 2731 819 2807 generis
847 2747 913 2788 esse
936 2728 1093 2800 dixerunt3
1121 2736 1204 2790 satttr
1226 2738 1325 2790 autem
1347 2729 1512 2800 secundae,
1534 2747 1601 2808 quo

318 2834 397 2893 ulam
427 2833 604 2892 femininum
633 2840 731 2891 satura
760 2832 841 2892 facit.
887 2840 1043 2910 praeterea
1070 2833 1120 2893 bic
1147 2839 1259 2903 turtur,
1289 2831 1339 2891 bic
1365 2832 1466 2891 vultur
1488 2834 1602 2909 generis

319 2934 474 2996 masculini
503 2941 532 2993 et
559 2935 696 3013 epicoeni
724 2934 931 2995 declinationis
959 2935 1075 2993 tertiae.
1120 2942 1219 2995 cetera
1253 2936 1352 2994 neutri
1385 2942 1455 2994 sunt
1488 2934 1602 3013 generis
1718 3013 1719 3016 Ἴ

319 3035 453 3095 eiusdem
475 3035 698 3105 declinationis,
722 3042 755 3094 nt
777 3035 832 3095 boc
854 3042 969 3113 guttur,
993 3036 1050 3095 boc
1069 3036 1209 3115 sulpbur,
1232 3037 1289 3096 boc
1310 3035 1425 3113 fulgur,
1448 3035 1506 3096 boe
1526 3050 1633 3094 mur-a
1718 3079 1719 3096 2

320 3155 402 3207 mur,
425 3136 481 3197 boc
509 3138 592 3196 iecur
621 3137 762 3196 iocinoris
790 3137 836 3196 vel
858 3138 978 3196 iecoris
1022 3156 1114 3197 unum
1138 3140 1304 3198 communis
1326 3145 1372 3198 est
1394 3140 1530 3215 generis,
1558 3136 1602 3196 bic

320 3238 445 3299 ethaeo
467 3254 561 3315 augur
584 3240 714 3314 auguris.

403 3339 442 3399 As
469 3337 580 3419 syllaba
608 3341 765 3400 terminata
794 3340 932 3401 feminini
960 3348 1030 3401 sunt
1058 3343 1178 3419 generis
1207 3350 1237 3401 et
1258 3344 1365 3402 tertiae
1389 3342 1602 3409 declinationis,

320 3449 353 3502 ut
373 3440 446 3503 haec
475 3442 604 3518 dignitas
633 3444 728 3521 pietas
756 3442 879 3503 facultas
908 3444 1012 3503 civitas
1039 3450 1184 3522 potestas,
1213 3462 1230 3503 a
1257 3443 1355 3503 littera
1380 3445 1516 3504 inomni
1539 3461 1603 3503 casu

319 3542 474 3623 producta.
518 3560 610 3622 pauca
633 3546 825 3605 inveniuntur
852 3543 1006 3604 mascubni
1029 3546 1149 3622 generis
1171 3547 1278 3624 partim
1300 3548 1437 3625 propria,
1460 3548 1568 3624 partim
1588 3560 1635 3603 aar

321 3644 450 3724 propriis
473 3644 626 3705 civitatum
648 3645 818 3706 nominibus
840 3647 994 3715 translata,
1018 3656 1050 3706 ut
1069 3646 1118 3706 bic
1133 3646 1255 3708 Larinas
1270 3647 1435 3716 Larinatis,
1458 3646 1508 3707 bic
1529 3646 1602 3707 blae-

320 3763 409 3807 cenas
431 3744 623 3815 Maecenatis,
647 3746 696 3807 bic
718 3747 844 3827 Arpinas
866 3747 1033 3826 Arpinatis,
1055 3747 1106 3808 hic
1128 3748 1262 3829 Capenas
1282 3749 1450 3828 Capenatis.

390 3934 404 3984 1
425 3934 448 3981 ir
460 3931 558 3999 syllaba
575 3933 650 3983 Odor.
669 3934 713 3998 at,
734 3934 766 3987 19
785 3950 841 3985 eaec.
860 3933 935 3985 Char.
957 3935 1017 3997 540,
1036 3935 1070 3986 14
1136 3934 1155 3985 6
1173 3950 1202 3985 or
1219 3934 1319 4000 syllaba
1338 3936 1414 3988 Odor.
1433 3935 1477 3998 85,
1496 3932 1531 3985 23
1549 3950 1602 3985 aare.

321 4001 397 4056 Char.
413 4000 474 4063 543,
493 4000 535 4053 28.
554 4002 632 4054 Profa.
647 4005 713 4053 catlt.
735 4004 775 4067 12,
795 4002 827 4054 13
898 4004 934 4054 20
952 4021 981 4054 ur
999 4004 1097 4069 syllaba
1115 4004 1192 4059 Gbar.
1211 4004 1255 4066 30,
1275 4004 1317 4059 13.
1341 4005 1384 4070 86,
1404 4006 1438 4056 15
1454 4021 1515 4059 exe.
1531 4004 1602 4055 alar.

321 4073 382 4133 stt,
401 4073 417 4123 b
487 4072 521 4123 28
539 4087 568 4122 aa
586 4074 682 4139 syllaba
701 4072 777 4127 Olina.
790 4073 834 4139 26,
849 4074 883 4125 26

392 4240 490 4309 ttrite
506 4245 530 4293 P
574 4246 735 4295 terminatum
751 4244 868 4293 uutth
912 4243 1045 4295 3semiuir
1060 4247 1178 4296 duumuir
1188 4246 1349 4302 triumuirst
1363 4246 1468 4297 semiuir
1481 4246 1606 4297 decemuir

321 4328 386 4379 quae
397 4314 422 4362 P
475 4313 490 4361 7
503 4313 544 4364 hic
557 4315 619 4365 odor
634 4314 719 4364 odoris
730 4314 772 4363 bic
788 4314 885 4365 olorris
898 4314 940 4363 hic
951 4330 1022 4366 amor
1035 4328 1052 4372 ς
1100 4316 1118 4365 8
1129 4330 1219 4365 sexum
1231 4318 1256 4364 in
1271 4316 1352 4381 (corr.
1367 4318 1402 4366 al.
1413 4332 1492 4381 raon„
1504 4324 1533 4365 st
1543 4316 1605 4367 olde-

321 4392 376 4443 tur,
394 4389 483 4433 sexum
502 4382 566 4445 sibi)
586 4384 736 4435 femininam
755 4384 894 4434 defendunt
909 4387 932 4434 P
948 4386 1052 4436 sexusin
1072 4384 1195 4435 femininis
1215 4401 1310 4451 genere
1328 4386 1443 4435 defendit
1454 4386 1479 4435 F
1491 4402 1569 4436 sexus
1582 4388 1604 4433 iu

321 4453 444 4504 feminino
458 4468 551 4519 genere
562 4454 677 4504 defendit
686 4454 718 4515 [ς
731 4469 808 4503 sexus
820 4452 935 4504 feminini
949 4456 1051 4521 generis
1060 4455 1174 4506 defendit
1179 4471 1197 4519 q
1235 4456 1267 4505 10
1279 4456 1380 4519 qtridam
1392 4454 1512 4519 (quidam
1523 4452 1605 4517 oms)

321 4522 370 4573 boc
387 4523 448 4572 ebor
467 4522 514 4572 boc
532 4524 607 4574 robor
628 4524 729 4587 quidam
749 4534 773 4573 et
792 4522 839 4573 boc
857 4523 938 4573 femor
955 4526 1137 4576 rationabiliter
1153 4526 1320 4576 adnumerant
1336 4526 1381 4582 Fe
1452 4526 1485 4577 tt
1502 4534 1606 4589 excepto

321 4594 346 4643 F
352 4605 378 4654 ς,
397 4608 465 4642 corr.
485 4594 520 4645 αἱ.
538 4610 616 4657 mam,
630 4602 657 4644 aa
675 4596 781 4654 videtur,
796 4595 842 4644 -tis
857 4596 879 4643 P
948 4597 1128 4660 suprascriptis
1146 4596 1243 4645 neutris
1256 4604 1280 4645 et
1294 4595 1334 4660 (et
1348 4611 1396 4649 ora.
1415 4596 1452 4656 F)
1470 4604 1605 4645 memoret

320 4663 452 4712 immemor
473 4664 520 4717 Fe
537 4665 718 4730 suprascriptis
737 4679 835 4714 memor
851 4675 875 4714 et
895 4665 1025 4713 immemor
1043 4667 1069 4714 P
1137 4665 1169 4717 15
1188 4680 1280 4731 graeca
1298 4683 1313 4713 o
1329 4677 1470 4731 correptam
1484 4680 1554 4714 carr.
1573 4666 1605 4712 al.

321 4748 396 4795 orna,
416 4740 443 4781 st
460 4732 567 4797 videtur,
586 4749 678 4798 graeca
695 4748 759 4798 quae
778 4748 792 4783 o
811 4742 950 4799 correptam
969 4732 993 4783 P
1049 4736 1083 4787 24
1101 4737 1239 4801 epicoenon
1255 4744 1280 4784 et
1297 4736 1388 4785 eadem
1400 4734 1438 4797 (et
1451 4732 1607 4796 eiusdeml')

321 4801 498 4920 pecbitstpouis
517 4803 604 4919 tertlise
622 4806 647 4853 F
714 4803 745 4855 at
766 4803 806 4852 bic
824 4813 882 4855 sate
900 4806 1032 4855 Maecenas
1053 4820 1099 4855 om.
1119 4806 1171 4856 PF
1238 4804 1272 4856 112
1290 4804 1332 4854 bio
1350 4806 1471 4871 sapiebas
1489 4806 1606 4870 capiens·

332 4884 353 4919 ts
402 4890 412 4922 .·
449 4884 473 4919 to
490 4886 535 4921 om.
