3525 5600
669 389 906 452 connubium
1362 388 1426 453 225

1243 498 1399 552 quw-911.

152 593 251 658 tempus
264 575 449 657 personam],
474 584 501 636 et
517 579 637 654 require
659 595 748 638 unam
771 596 835 638 rem
857 584 971 638 tantum
993 576 1090 647 modo,
1117 579 1245 657 primam
1267 597 1424 659 personam

150 683 235 762 ipsius,
276 677 343 758 lego
365 681 430 760 ipsa
453 687 497 740 est
517 681 613 759 prima
635 699 772 760 persona,
797 687 884 740 canto
906 683 970 759 ipsa
993 688 1039 741 est
1058 683 1153 762 prima
1177 698 1314 758 persona.
1354 699 1425 758 ergo

151 781 251 860 quaudo
272 783 314 842 ris
336 779 468 842 iudicare
491 780 527 842 de
550 787 684 862 tempore
700 783 800 843 lutum
815 781 966 843 indicativi
980 783 1060 842 modi
1076 785 1180 844 tertiae
1201 784 1424 862 coniugationiS,

149 887 247 964 inspice
267 885 394 962 primam
417 901 576 963 personam
599 892 628 944 et
649 884 821 953 considera,
850 893 919 945 ante
940 887 1068 964 primam
1096 903 1255 965 personam
1285 902 1361 962 quae
1388 885 1427 943 sit

130 987 240 1047 alittera.
282 987 306 1046 si
330 988 410 1046 enim
432 987 581 1047 inveneris
603 993 670 1047 ante
692 988 787 1066 ipsam
810 1005 969 1066 personam
997 989 1124 1067 primam
1153 1005 1229 1062 quae
1257 990 1296 1047 sit
1315 991 1425 1060 littero,

149 1098 206 1150 tunc
225 1095 306 1168 potes
328 1087 470 1158 iudicare,
494 1087 612 1166 quando
634 1089 730 1148 mittat
752 1089 881 1150 lentinum
905 1095 1023 1168 tempus
1045 1091 1076 1148 in
1099 1107 1162 1158 am,
1185 1088 1303 1170 quando
1324 1090 1354 1149 in
1378 1086 1426 1148 bo.

149 1199 205 1252 ante
226 1191 316 1269 ipsam
338 1191 464 1269 primam
487 1209 647 1270 personam
676 1193 706 1252 in
735 1192 789 1250 ista
813 1192 1021 1269 coniugatione
1043 1191 1186 1271 producta
1206 1189 1210 1269 Ι
1229 1209 1289 1252 non
1311 1192 1427 1250 iuvenis

149 1295 197 1354 uisi
218 1293 287 1353 duas
309 1291 437 1362 litteras,
468 1311 485 1352 e
514 1300 543 1353 et
572 1294 590 1353 i.
635 1292 723 1353 audio
752 1301 781 1353 et
808 1313 860 1354 eo:
890 1292 991 1368 audio,
1020 1295 1031 1353 i
1053 1300 1098 1352 est
1120 1299 1189 1353 ante
1210 1311 1245 1363 o;
1274 1313 1319 1364 eo,
1344 1313 1359 1354 e
1383 1300 1428 1353 est

149 1402 205 1456 ante
231 1415 255 1456 o.
300 1413 373 1473 ergo
401 1395 477 1456 duae
504 1403 574 1456 suut
602 1397 676 1456 istae
705 1393 820 1456 litterae
849 1413 925 1473 quae
952 1402 1077 1474 possunt
1103 1396 1231 1456 inveniri
1260 1402 1328 1455 ante
1356 1396 1425 1455 oin

120 1500 222 1558 retortia
243 1497 449 1575 coniugatione
471 1495 624 1576 producta,
648 1498 657 1556 i
681 1504 710 1558 et
732 1516 757 1557 e.
788 1499 812 1558 si
834 1499 844 1558 i
866 1498 964 1568 luerit,
989 1514 1047 1575 quo
1069 1497 1157 1557 modo
1180 1498 1223 1556 vis
1244 1498 1335 1557 mittit
1348 1497 1425 1556 lutu-

148 1619 204 1660 rum
224 1607 346 1678 tempus.
378 1601 403 1660 si
424 1599 534 1660 dixeris
556 1599 651 1668 audio,
675 1601 685 1659 i
708 1606 776 1660 ante
799 1618 825 1669 o,
851 1617 909 1678 quo
931 1597 1020 1660 modo
1043 1599 1086 1658 vis
1107 1619 1141 1660 ae
1162 1597 1236 1659 libet
1249 1598 1303 1659 tibi
1317 1597 1425 1668 lacere,

149 1711 173 1763 et
196 1701 305 1762 audiam
335 1710 365 1762 et
391 1699 513 1769 audibo;
543 1701 638 1780 polio,
669 1709 698 1762 ει
719 1700 827 1780 poliam
851 1708 881 1761 et
902 1700 1019 1780 polibo:
1050 1703 1164 1771 nutrio,
1194 1707 1225 1761 et
1246 1701 1375 1762 nutriam
1398 1708 1428 1760 et

148 1803 262 1874 nutribo,
285 1804 353 1880 quia
377 1805 386 1864 i
410 1802 498 1864 babet
520 1811 588 1864 ante
611 1820 637 1862 o.
668 1804 693 1863 si
716 1811 815 1876 autem
831 1804 841 1862 i
856 1821 917 1864 non
939 1801 1047 1863 habeat
1069 1809 1138 1863 ante
1160 1823 1187 1873 o,
1211 1803 1262 1864 sed
1279 1821 1295 1862 e
1311 1801 1425 1871 babeat,

148 1907 265 1967 laturum
287 1913 406 1985 tempus
428 1907 457 1965 in
481 1905 519 1966 bo
542 1906 639 1976 mittit,
664 1925 736 1966 ereo
760 1905 861 1966 eribo:
885 1905 979 1966 esiam
1002 1923 1061 1965 non
1077 1903 1212 1974 dicimus,
1235 1903 1427 1965 soloecismus

119 2015 199 2076 uest;
227 2026 260 2069 eo
284 2025 348 2070 eam
378 2025 438 2067 non
467 2007 600 2068 dicimus
646 2008 782 2078 viderint,
812 2007 881 2086 quid
911 2013 1047 2068 auctores
1075 2006 1212 2068 habeant.
1257 2009 1319 2067 scio
1348 2009 1426 2067 euim

148 2109 207 2189 quid
227 2111 318 2189 possit
340 2109 398 2170 diei
422 2116 524 2172 eontra
547 2111 632 2171 istam
655 2109 797 2188 regulam.
840 2115 940 2171 tamen
962 2117 995 2170 tn
1017 2109 1073 2170 boo
1096 2128 1180 2170 serra
1202 2109 1324 2188 liquide.
1355 2126 1428 2186 ergo

148 2211 202 2272 ride
223 2211 289 2290 quid
306 2210 385 2271 dicit.
421 2215 686 2290 quotienscumque
703 2214 744 2272 vis
760 2214 845 2280 scire,
870 2229 958 2290 quem
975 2210 1010 2272 ad
1026 2211 1148 2272 modum
1162 2213 1294 2273 loturum
1310 2220 1428 2290 tempus

148 2315 229 2374 mittat
250 2315 335 2375 tertia
357 2316 527 2394 coniugatio
549 2314 703 2395 producta,
727 2313 791 2376 redi
814 2313 850 2380 ad
867 2316 993 2394 primam
1008 2332 1167 2394 personam
1182 2313 1332 2375 indicativi
1347 2313 1428 2373 modi

147 2426 170 2476 et
194 2433 314 2493 quaere,
343 2434 430 2494 quam
459 2417 586 2479 litteram
615 2425 683 2478 aute
706 2437 738 2478 se
764 2417 880 2478 babeat.
926 2436 987 2478 non
1013 2422 1111 2497 potest
1139 2415 1250 2476 babere
1273 2417 1332 2476 nisi
1354 2415 1427 2475 duas

119 2517 259 2588 relitteres,
293 2520 302 2578 i
332 2527 361 2579 et
390 2537 415 2578 e.
460 2521 485 2580 si
512 2521 523 2581 i
551 2518 712 2588 habuerit‚'
735 2519 823 2580 audio
852 2520 985 2580 luiturum
1013 2525 1130 2598 tempus
1158 2519 1227 2578 lacit
1253 2516 1368 2578 audiam
1398 2525 1427 2577 ει

147 2619 255 2690 audibo;
277 2622 302 2681 si
325 2641 341 2680 e
363 2620 500 2683 babuerit
521 2628 631 2693 anteo,
656 2622 702 2683 lae
724 2623 854 2683 littorum
879 2630 994 2701 tempus
1018 2640 1052 2681 eo
1075 2619 1133 2690 ibo,
1153 2639 1226 2682 exeo
1242 2619 1338 2688 exibo,
1363 2626 1425 2680 tan·

148 2713 246 2782 tum'in
269 2721 306 2782 bo
329 2724 426 2783 mittit.
448 2726 453 2795 1
472 2722 549 2784 lorte
573 2723 666 2785 dieas:
691 2723 769 2785 unde
791 2724 849 2785 hoe
871 2722 1109 2805 conprobamusl
1140 2722 1232 2783 babes
1246 2723 1323 2782 banc
1338 2739 1426 2800 regn·

146 2823 195 2885 lam
222 2828 360 2906 scriptam
388 2826 419 2886 in
448 2825 561 2897 Probo,
590 2826 641 2887 sed
670 2828 722 2897 sic,
753 2835 786 2887 ut
814 2838 908 2889 artem
935 2827 1025 2907 plane
1048 2833 1166 2888 secutus
1188 2835 1273 2887 esset.
1318 2833 1349 2886 et
1370 2826 1427 2885 boc

99 2965 103 2981 .
147 2929 231 3005 ipsum
253 2927 331 2989 unde
354 2926 481 3008 probas?
503 2928 571 2989 audi
587 2927 755 3007 exemplum
771 2949 862 2991 unum
878 2918 1057 3009 de‘Vergilio
1072 2938 1101 2991 et
1117 2947 1209 2989 unum
1224 2928 1262 2989 de
1273 2928 1424 3009 Terentio.

117 3028 275 3091 sbabemus
296 3032 327 3091 in
349 3029 478 3107 Vergilio

138 3123 143 3139 '
283 3132 428 3193 audiam
452 3138 487 3191 et
507 3132 599 3195 baec
622 3148 747 3195 manes
770 3134 894 3195 veniet
916 3132 1004 3195 mibi
1026 3135 1118 3195 lama
1142 3132 1208 3195 sub
1230 3136 1341 3201 imos;

147 3234 250 3295 audiam
277 3236 330 3304 ait,
361 3252 430 3295 eece
459 3234 489 3294 in
518 3252 565 3295 am
594 3238 683 3297 misit.
728 3238 886 3297 Terentius
913 3238 952 3299 ait
975 3237 1124 3297 ‘matris
1151 3236 1301 3298 servibo
1329 3254 1427 3296 oom-

148 3336 283 3403 modis';
308 3334 357 3396 ille
380 3338 410 3396 in
432 3336 471 3397 bo
493 3339 581 3398 misit.
628 3356 698 3398 eece
720 3336 770 3398 ille
792 3340 822 3398 in
846 3358 893 3399 aru
916 3340 1011 3408 misit,
1041 3337 1091 3399 ille
1113 3341 1144 3399 in
1167 3337 1219 3407 bo;
1249 3346 1279 3398 et
1300 3344 1427 3416 utraque

146 3440 223 3498 tertia
244 3446 287 3499 est
308 3440 475 3516 coniugatio
498 3438 651 3519 producta,
675 3450 742 3500 ante
765 3458 783 3499 o
805 3442 815 3499 i
837 3440 941 3510 habet,
965 3449 1036 3519 puta
1059 3440 1145 3501 audio
1168 3440 1299 3510 audiam,
1329 3441 1444 3501 servio·

119 3540 261 3601 ascribo.
305 3543 330 3601 sl
358 3542 389 3602 in
419 3560 464 3602 am
494 3544 638 3611 mitteret,
675 3544 717 3603 sio
746 3541 944 3603 debueramus
973 3542 1072 3603 dicere
1100 3544 1240 3618 serviam,
1274 3559 1361 3620 quem
1389 3542 1425 3602 ad

148 3642 253 3703 modum
275 3643 407 3713 audiam;
431 3645 456 3703 si
478 3645 509 3703 in
532 3641 570 3704 bo
594 3644 739 3714 mitteret,
764 3646 806 3705 sie
829 3643 1028 3705 debueramus
1057 3644 1156 3705 dicere
1186 3643 1308 3714 audibo,
1338 3660 1426 3721 quem

147 3744 312 3806 admodum
335 3745 462 3807 servibo.
495 3745 547 3806 sed
569 3747 625 3805 iste
646 3764 736 3805 unam
753 3751 865 3827 partem
882 3748 988 3825 posuit,
1012 3745 1062 3807 ille
1078 3766 1177 3807 unam.
1208 3746 1286 3807 unde
1302 3753 1427 3827 apparet

148 3848 272 3922 quoniam
293 3854 453 3928 utrumque
477 3848 613 3909 dicimus.
649 3849 673 3907 si
697 3849 707 3906 i
729 3846 868 3911 babuerit
888 3856 957 3910 ante
980 3868 1007 3920 o,
1031 3865 1090 3927 quo
1111 3848 1200 3910 modo
1223 3850 1266 3909 vis
1289 3848 1334 3907 lae
1350 3849 1425 3907 lutu-

147 3966 204 4008 rum
225 3956 348 4029 tempus,
373 3957 402 4010 et
424 3950 541 4012 audiam
564 3957 594 4010 et
615 3949 739 4019 audibo;
768 3952 793 4010 si
816 3968 832 4011 e
855 3949 993 4011 habuerit
1014 3960 1082 4013 aute
1105 3968 1132 4021 o,
1156 3950 1287 4011 loturum
1309 3956 1426 4027 tempus

206 4118 222 4169 3
244 4120 322 4171 loturo
341 4122 367 4170 in
389 4120 528 4171 indicatiuo
546 4120 621 4171 modo
642 4121 694 4171 BC
764 4122 954 4187 couirrgationis
978 4124 1013 4170 ita
1029 4122 1097 4171 circe
1115 4121 1215 4169 tertiam
1234 4134 1367 4185 personam
1387 4120 1425 4167 iu-

148 4188 208 4251 spice
225 4192 327 4255 primam
347 4205 480 4257 personam
501 4194 633 4253 expunctis
651 4208 673 4240 o.
695 4192 728 4240 ita
748 4194 814 4241 eirea
832 4192 931 4241 tertiam
948 4206 1084 4256 personam
1100 4192 1125 4239 Α
1177 4192 1193 4239 5
1212 4206 1276 4253 quae
1294 4190 1328 4238 sit
1344 4189 1426 4238 littera

146 4263 273 4321 posteriore
287 4264 341 4313 loeo
360 4276 406 4313 om.
429 4262 510 4313 ABG
578 4262 720 4313 iliuueniri
742 4260 789 4311 Ba
808 4262 924 4311 inuenire
942 4260 1013 4311 Aoo
1085 4260 1201 4324 tapetio
1220 4259 1357 4324 poliamA

150 4331 224 4379 nutrio
243 4334 346 4381 nutriam
366 4332 390 4379 A
451 4332 482 4384 14
497 4346 587 4381 exeam
607 4346 654 4381 non
670 4332 777 4381 dicimus
798 4328 857 4382 Oa*
873 4347 922 4397 nou
943 4330 1051 4380 dicimus
1069 4331 1153 4379 exiam
1171 4330 1196 4379 B
1214 4332 1298 4379 exiam
1316 4330 1354 4379 A:
1375 4344 1424 4378 non

149 4398 245 4449 deintus
260 4418 303 4452 om.
323 4402 361 4464 A,
380 4401 442 4451 aad.
459 4418 475 4451 a
564 4402 642 4452 15εο
662 4416 717 4451 eum
734 4402 807 4452 Bca
826 4416 855 4451 eo
875 4410 900 4449 et
918 4416 973 4449 eom
987 4402 1029 4454 A:
1044 4402 1160 4463 fortasse
1183 4415 1212 4448 eo
1235 4401 1286 4460 ibo,
1306 4400 1354 4447 iam
1375 4415 1424 4448 non

150 4466 245 4519 dicimus
330 4470 363 4522 16
382 4471 477 4533 liquide
496 4470 585 4521 Rea*
606 4472 670 4521 illud
689 4472 734 4520 A?
825 4472 855 4522 17
875 4471 1100 4535 quotienscumque
1119 4471 1157 4521 Cb
1177 4470 1294 4533 quotiens
1313 4484 1425 4533 eaquae

149 4536 198 4587 AB
261 4540 292 4592 23
311 4542 336 4590 in
356 4538 449 4606 Probo]
474 4543 551 4595 instit.
568 4550 617 4592 art.
630 4558 657 4605 p.
675 4542 770 4603 180,4
840 4542 885 4591 sed
904 4540 1013 4591 sicutA
1031 4542 1174 4594 sedai...
1195 4540 1216 4587 B
1236 4540 1281 4589 sed
1299 4538 1360 4590 stt·

135 4606 354 4676 ·plmeo*pleue
373 4611 455 4661 ABG
523 4612 557 4662 26
577 4610 689 4675 audiam]
715 4612 793 4675 Verp.
813 4610 878 4661 Aen.
902 4610 1018 4661 1111387
1088 4610 1245 4660 uenietAB
1267 4606 1426 4659 ueniath*

212 4676 287 4731 lamas
304 4683 350 4731 sub
367 4682 393 4733 B
464 4682 496 4733 27
515 4680 657 4747 Terentius]
677 4682 740 4731 Hee.
756 4682 787 4730 lll
804 4682 878 4742 5,45
931 4682 1018 4731 matris
1036 4681 1121 4730 ABG
1137 4681 1211 4729 metri
1229 4694 1246 4729 a
1316 4680 1425 4728 ilicon-

61 4750 62 4761 ²
153 4745 237 4811 iugario
249 4752 367 4825 prpdueta
382 4752 455 4803 noa
473 4752 618 4818 coniugatio
638 4752 683 4802 sed
703 4752 825 4817 prod-ueta
841 4753 865 4800 A
936 4750 971 4802 30
986 4751 1023 4800 sic
1041 4752 1209 4801 debueramus
1224 4750 1307 4799 dicere
1323 4750 1426 4798 audiam

153 4817 184 4864 sie
201 4819 359 4872 debueramus
378 4823 463 4872 dicere
481 4824 589 4871 seruiam
608 4822 671 4873 siin
690 4822 721 4871 bo
741 4822 825 4872 ABG
893 4819 927 4871 33
948 4822 1075 4885 quomodo
1094 4822 1135 4872 uis
1155 4822 1194 4871 uic
1212 4820 1252 4870 lae
1271 4819 1382 4869 loturum
1401 4820 1426 4869 B

153 4890 266 4949 quomodo
280 4893 317 4944 uir
336 4893 372 4943 sio
391 4892 504 4943 futurum
525 4894 601 4944 estO

197 4980 361 5027 GRAltlllAl'lCl
374 4982 467 5027 tarini
480 4984 509 5026 V.
