3525 5600
331 442 394 504 ονε
809 419 814 430 ’
891 437 1070 501 tricueun

358 563 379 604 p.
393 552 451 592 etot.
464 553 490 592 60
503 549 526 590 Ρ.
1033 587 1039 602 ,

332 650 387 692 cur
409 651 468 702 uon
491 639 520 689 et
542 625 688 709 γράφειν
711 632 742 689 in
765 628 891 689 aiterum}
914 646 1020 688 nonien
1044 631 1152 705 migret
1175 645 1209 686 cx
1232 625 1331 696 verbo,
1355 647 1424 688 cum
1448 645 1506 687 non
1527 625 1616 686 scium

335 735 423 794 tinem
446 741 570 801 moveat,
593 731 646 790 sed
669 731 759 793 etiam
781 731 1028 808 significationem
1055 748 1199 810 personae
1228 728 1538 809 numerique'perdet,
1562 748 1616 788 ma·

333 838 411 895 xime
445 852 526 904 cunr,
561 835 639 892 sicut
667 835 858 912 participium
892 834 923 892 in
952 833 1172 894 distinctionem
1201 849 1392 911 personarum
1427 831 1617 892 additamenti

334 938 519 1016 pronominis
540 942 681 1004 mutatur,
706 932 763 1014 ἐμὲ
778 934 899 1013 φιλῶν,
919 930 957 996 σὲ
980 933 1102 1015 φιλῶν,
1126 929 1258 996 ἐκεῖνον
1278 932 1400 1011 φιλῶν,
1423 935 1463 992 ita
1486 941 1516 992 et
1537 925 1616 991 ἀπα-

335 1033 493 1119 ρεμφύτῳ
520 1039 674 1114 contingit,
705 1031 763 1116 ἐμὲ
790 1036 920 1116 φιλεῖν,
949 1031 986 1098 σὲ
1015 1036 1144 1114 φιλεῖν,
1173 1033 1304 1098 ἐκεῖνον
1331 1035 1463 1114 pricio?
1506 1033 1557 1094 sed
1578 1033 1639 1095 iiiis

334 1142 386 1220 qui
409 1140 479 1200 tatia
502 1139 537 1198 de
561 1141 678 1200 infinito
700 1146 805 1217 putant
830 1138 885 1197 hac
913 1139 1040 1198 inarime
1068 1139 1183 1198 ratione
1212 1140 1383 1204 vincuntur,
1412 1137 1490 1216 quod
1521 1138 1551 1196 in
1573 1137 1617 1195 ad-

335 1241 437 1303 verbio
460 1250 626 1320 temporum
649 1242 883 1319 significationes
905 1259 963 1300 non
988 1241 1024 1299 de
1039 1241 1171 1300 eiusdem
1193 1243 1258 1300 soni
1281 1239 1439 1298 inflexione
1455 1247 1616 1306 nascuntur,

335 1344 387 1404 sed
422 1351 456 1402 ut
488 1352 621 1421 tempora
654 1349 806 1402 mutamur
838 1348 868 1400 et
897 1359 996 1411 voces,
1026 1340 1092 1402 νῦν
1119 1337 1223 1401 πύλαι
1251 1335 1408 1420 ὕστερον,
1439 1357 1517 1399 nunc
1539 1348 1618 1399 antea

336 1453 452 1526 postem
474 1447 506 1504 iu
529 1445 645 1505 infinito
667 1451 764 1504 autem
780 1462 835 1504 vox
857 1443 959 1504 eadem
983 1443 1133 1523 paululum
1156 1445 1230 1504 iiexa
1255 1453 1369 1522 tempus
1385 1445 1519 1511 inmutat,
1541 1437 1618 1520 γρύ-

336 1566 415 1628 φειυ
436 1540 644 1625 γεγραφέναι
665 1540 823 1625 γράψειν,
852 1546 986 1606 scribere
1009 1547 1165 1624 scripsisse
1192 1547 1334 1624 scriptum
1362 1545 1416 1605 ire·
1462 1562 1517 1603 nec
1538 1563 1618 1604 omne
1632 1563 1650 1597 n

335 1642 577 1728 ἀπαρέμφατον
591 1650 767 1726 cuicumque
783 1648 876 1708 verbo
899 1651 1031 1708 iunctum
1050 1667 1168 1708 sensum
1192 1649 1340 1726 exprimit,
1363 1647 1415 1706 sed
1437 1647 1499 1707 illis
1513 1653 1620 1706 tantum

337 1769 412 1832 «puae
436 1751 546 1810 nuttam
568 1768 632 1810 rem
655 1767 763 1828 perse
786 1750 863 1810 dicta
887 1751 1068 1828 signiticaut,
1098 1767 1172 1828 quae
1195 1749 1232 1810 ab
1259 1743 1565 1827 induperatorum,
1588 1745 1621 1806 ab

338 1853 385 1914 bis
407 1852 568 1913 arbitraria
590 1871 649 1911 uon
672 1851 800 1912 absurde
823 1854 925 1914 rocari
948 1858 1081 1930 possunt,
1104 1853 1173 1930 quie
1201 1870 1255 1930 per
1276 1853 1341 1929 ipsa
1363 1851 1546 1927 significatur
1568 1849 1622 1908 dis·

340 1957 516 2034 positionem
546 1973 598 2014 seu
627 1973 758 2014 aurorem
786 1953 832 2014 vei
854 1951 1013 2014 arbitrium
1041 1951 1162 2014 subesse
1193 1951 1279 2014 nobis
1301 1955 1344 2012 rei
1368 1951 1464 2012 adhuc
1486 1953 1622 2017 incertae,

339 2057 390 2116 sed
413 2074 467 2135 per
489 2055 710 2116 adiunctionem
732 2055 815 2115 verbi
838 2055 961 2116 atterius
983 2056 1203 2133 exprimendae.
1247 2075 1312 2115 nem
1336 2050 1442 2114 ἐσθίω
1464 2045 1545 2133 μετὰ
1566 2056 1624 2112 τοῦ
1636 2071 1653 2105 u

339 2151 478 2218 τύπτειν
499 2166 550 2218 aut
571 2156 742 2236 περιπατῶ
764 2151 846 2237 μετὰ
867 2157 929 2217 τοῦ
951 2155 1111 2217 πλουτεῖν
1133 2159 1215 2234 iungi
1239 2177 1297 2218 uon
1313 2163 1445 2236 possunt.
1477 2157 1547 2215 item
1563 2155 1624 2231 lego

340 2279 407 2320 cum
435 2260 540 2320 sedere
563 2261 696 2319 iunctum
718 2267 769 2319 aut
795 2259 895 2319 scribo
924 2277 990 2319 eum
1019 2258 1144 2318 caedere
1172 2258 1280 2319 nuliam
1309 2259 1405 2318 eiiicit
1432 2276 1534 2318 sensus
1562 2275 1624 2336 per·

342 2364 516 2431 sectionem,
544 2363 613 2440 quia
642 2369 673 2420 et
699 2361 766 2439 lego
793 2380 858 2420 rem
886 2361 1033 2438 significat
1060 2367 1089 2420 et
1116 2361 1234 2429 sedere,
1265 2369 1295 2420 et
1317 2359 1418 2421 scribo
1440 2359 1577 2419 similiter
1598 2367 1622 2416 et

342 2463 477 2522 caedere.
522 2464 546 2521 si
577 2481 645 2522 veru
673 2464 777 2524 dixero
805 2463 870 2522 voto
898 2469 948 2522 aut
979 2470 1048 2541 opto
1071 2473 1121 2522 aut
1143 2463 1222 2522 soleo
1245 2471 1295 2523 aut
1317 2465 1429 2541 incipio
1459 2469 1488 2522 et
1510 2461 1622 2530 similia,

296 2555 299 2561 ’
341 2565 452 2625 nuttam
480 2583 544 2624 rem
573 2583 609 2624 ex
637 2565 726 2626 huius
748 2565 828 2625 modi
850 2564 933 2624 verbi
955 2566 1195 2643 pronuntiatione
1225 2567 1375 2642 signidem
1404 2570 1434 2624 et
1465 2563 1536 2622 haec
1563 2571 1656 2622 sunta¹

344 2665 389 2726 vei
414 2665 481 2726 talia
505 2685 580 2746 quae
603 2665 679 2726 bene
702 2667 923 2746 apereruphatis
946 2667 949 2746 i
974 2666 1179 2745 implicantur,
1213 2676 1244 2728 ut
1267 2685 1301 2726 ex
1324 2685 1383 2726 uno
1406 2664 1572 2732 arbitrium,
1594 2683 1624 2723 ex

344 2769 439 2830 attero
467 2786 516 2827 res
545 2776 673 2840 notetur,
697 2769 762 2830 voto
788 2787 920 2839 currere,
944 2777 1013 2847 opto
1036 2769 1185 2839 invenire,
1213 2769 1336 2849 dispono
1365 2769 1528 2848 proticisci,
1551 2765 1626 2827 soieo

344 2870 490 2931 scribere.
535 2890 570 2929 cx
593 2872 648 2930 hoc
671 2872 855 2949 intellegitur
877 2874 1034 2931 inanimam
1063 2874 1122 2931 vim
1145 2870 1228 2932 verbi
1257 2874 1287 2933 in
1311 2872 1427 2931 infinito
1450 2888 1514 2930 csse
1536 2868 1625 2929 modo.

345 2972 491 3052 siquidem
526 2971 615 3033 verba
649 2990 749 3033 rerum
784 2976 902 3035 noudua
935 2986 1012 3044 sunt,
1047 2983 1077 3035 et
1104 2974 1237 3035 videmus
1270 2972 1306 3033 ab
1340 2972 1557 3051 aparempbatis
1587 2972 1627 3029 rei

343 3076 590 3149 significationem
616 3074 718 3135 alteris
739 3094 855 3155 quoque
877 3076 977 3137 verbis
1006 3096 1064 3137 non
1088 3076 1266 3137 habentibus
1288 3074 1516 3135 accommodari.
1558 3072 1656 3131 adens

345 3184 443 3237 autem
466 3175 514 3235 bic
536 3175 641 3236 modus
663 3176 830 3239 aiisoiutum
852 3198 960 3239 nomeu
989 3196 1086 3239 rerum
1115 3188 1169 3249 cst,
1193 3180 1277 3237 utin
1299 3172 1564 3254 significationibus
1583 3192 1625 3231 re-

345 3297 421 3346 rum,
445 3296 516 3355 eluas
533 3277 706 3339 Aristoteles
728 3298 851 3341 numero
866 3282 969 3341 docem
985 3280 1184 3361 κατηγορίας
1198 3288 1289 3347 vorat,
1305 3284 1445 3359 quattuor
1460 3296 1514 3356 per
1527 3268 1624 3351 ίπαρ

346 3375 496 3457 ε’μφατον
522 3380 728 3457 proterantur,
757 3386 891 3443 κεῖσθαι
919 3382 1008 3462 ἔχειν
1035 3389 1144 3444 ποιεῖν
1166 3372 1318 3460 πάσχειν.
1365 3398 1475 3457 graeco
1497 3375 1626 3437 vocabulo

347 3488 504 3559 propterca
532 3481 640 3541 dicitur
667 3476 923 3563 ἄπαρὲμφατον,
955 3485 1032 3564 quod
1059 3484 1171 3545 nulium
1201 3486 1308 3544 mentis
1342 3482 1456 3543 indicat
1489 3482 1624 3541 atterum.

348 3601 414 3642 uam
437 3577 557 3660 γράφω
579 3579 694 3644 τύπτω
717 3584 802 3664 τιμοῖ
823 3594 853 3645 ct
874 3604 939 3647 rem
962 3594 990 3646 et
1013 3589 1110 3665 ipsum
1128 3588 1218 3645 animi
1236 3584 1368 3644 habitum
1385 3586 1534 3663 expressit
1548 3596 1651 3659 agen-a

347 3686 402 3751 tis;
424 3678 569 3763 γράφειν
592 3704 662 3745 vcro
684 3686 731 3745 vei
753 3681 890 3747 τύπτειν
912 3686 958 3748 vei
980 3688 1079 3769 τιμᾷν
1102 3688 1212 3748 nullom
1234 3688 1366 3746 continet
1394 3686 1517 3745 affectus
1545 3685 1625 3759 signi·

348 3788 524 3853 iicatiuuem,
547 3788 618 3865 quia
640 3790 787 3848 incertum
810 3795 855 3847 est
876 3789 946 3867 quid
977 3798 1132 3868 sequatur,
1154 3784 1245 3849 θέλον
1267 3783 1378 3867 μέλλω
1401 3782 1566 3851 diatono,
1593 3800 1624 3840 au

348 3895 451 3947 contra
478 3882 521 3947 οὐ
546 3885 638 3949 θέλω
666 3880 708 3948 ού
733 3884 844 3967 μέλλω
871 3884 915 3949 ού
942 3887 1104 3953 διατυπῶ.
1149 3890 1218 3950 hine
1246 3890 1282 3948 de
1311 3890 1406 3967 ipsius
1439 3886 1624 3946 declinatione

349 3997 519 4050 tractemus.

433 4092 539 4151 Graeci
572 4094 681 4154 intiniti
715 4111 805 4153 urium
838 4102 955 4173 tempus
983 4094 1041 4155 duo
1080 4102 1215 4173 tempora
1251 4092 1450 4171 conplectitur
1490 4089 1656 4150 indicaturo

350 4194 443 4253 orodi:
477 4191 563 4253 ποιοῖ
595 4190 735 4254 ἐποίουν
762 4197 793 4255 iu
820 4195 995 4265 indicativo,
1025 4198 1055 4256 in
1084 4196 1198 4257 infinito
1227 4203 1323 4255 autem
1352 4196 1392 4254 ita
1423 4192 1623 4273 pronuntiatur.

351 4291 533 4365 ἐνεστῶτος
555 4292 611 4355 καί
632 4295 862 4374 παρατατικοῦ
883 4304 1003 4366 ποιεῖν,
1028 4300 1099 4357 item
1121 4294 1287 4375 πεποίηκα
1314 4290 1529 4374 ἐπεποιήκειν
1547 4302 1573 4351 et
1597 4292 1624 4349 in

351 4397 467 4455 induite
488 4393 738 4476 παρακειμένου
760 4394 816 4457 καὶ
839 4392 1127 4478 ὑπερσυντελικού
1149 4392 1378 4476 πεποιηκέναι.
1414 4396 1490 4475 apud
1513 4396 1624 4455 Graecos

350 4517 436 4557 οιυοο
458 4490 701 4578 ἅπαρὲμφατον
723 4509 772 4560 aut
794 4502 826 4560 in
848 4520 870 4561 ν
892 4502 1000 4561 desiuit
1023 4510 1072 4561 aut
1094 4502 1124 4560 in
1147 4520 1182 4560 αι
1204 4500 1431 4579 diphthongum.
1461 4498 1511 4557 sed
1526 4505 1553 4556 et
1566 4512 1622 4555 cum

350 4601 382 4659 in
409 4619 430 4658 ν
458 4600 583 4670 desinit,
618 4601 819 4680 diphthongus
850 4603 1010 4681 praecedat
1042 4621 1163 4663 necesse
1198 4612 1252 4671 cst,
1287 4608 1319 4662 ut
1340 4606 1452 4661 ποιεῖν
1480 4594 1618 4678 χρυσοῦν.
1633 4609 1657 4643 ν

351 4701 419 4762 ideo
440 4702 487 4781 τῷ
508 4703 657 4764 BOAIN
677 4701 758 4764 ἰῶτα
780 4703 952 4773 ascribitur,
976 4724 1012 4765 ne
1036 4706 1075 4763 sit
1097 4697 1338 4783 ἆπαρίμφατον
1361 4704 1425 4761 sine
1449 4698 1619 4781 diphthongo.

421 4940 436 4984 8
450 4953 476 4987 ut
490 4948 602 5003 temporo
616 4952 759 4989 minenturo
773 4956 830 4987 ures
844 4944 918 4989 etiam
933 4952 1106 5005 perotutuntur
1120 4958 1176 4993 cre.
1191 4940 1253 4993 liuh.
