3525 5600
304 338 369 405 480
857 335 1042 400 EV'l'l'CllIS

331 463 352 502 p.
367 451 455 491 ros-so
469 448 490 489 1„
1401 437 1561 494 parerer.

306 531 391 590 cuius
420 530 612 610 participium
641 529 789 608 passivum
817 528 972 605 praeteriti
996 527 1141 606 temporis
1163 523 1286 586 Ovidius
1307 526 1339 584 in
1361 522 1385 580 V
1406 519 1484 580 libro
1504 519 1583 580 iasto

306 651 372 694 rum
395 626 531 714 refert!

454 731 658 812 Hippolyte
681 731 834 800 infelix,
858 730 991 791 vellem
1013 730 1183 790 coluisse
1205 728 1363 795 Dionen,

534 851 613 894 cum
636 835 894 894 consternatis
915 832 1151 912 deripereris
1174 831 1291 910 equis.

390 936 423 996 ln
452 955 490 1016 po
517 934 607 996 verba
634 935 786 1014 primitiva
814 933 859 995 vel
886 935 1050 996 derivativa
1077 936 1192 1014 primae
1214 939 1284 992 sunt
1305 932 1534 1008 coniugationis,
1555 939 1606 990 uto

307 1057 397 1118 crepo
419 1056 539 1116 crepas,
563 1036 702 1115 discrepo
724 1037 836 1116 dissipo
859 1037 947 1117 culpo
969 1055 1082 1116 usurpo
1109 1044 1197 1115 turpo
1218 1053 1358 1114 nuncupo
1380 1051 1495 1112 occupo
1515 1049 1587 1092 man·

308 1143 391 1220 cipo,
414 1123 555 1200 lloratius
578 1156 747 1199 sermonum
770 1138 847 1199 libro
869 1138 897 1199 ll

459 1240 652 1321 quaedam,
677 1242 707 1300 si
731 1240 857 1301 credis
880 1241 1078 1310 consultis,
1101 1242 1292 1318 mancipat
1313 1257 1420 1300 usus:

307 1346 457 1426 participo
479 1342 648 1422 participas,
672 1343 818 1422 anticipo,
842 1341 966 1404 Ovidius
987 1343 1268 1422 metamorphoseon
1289 1340 1368 1401 hhro
1390 1339 1431 1399 lll

460 1444 608 1506 tardius
630 1445 819 1514 exierant,
843 1444 906 1506 sed
928 1463 994 1525 per
1015 1443 1232 1524 compendia
1254 1443 1393 1503 montis
1599 1460 1618 1498 n

460 1547 670 1626 anticipata
693 1546 749 1606 via
773 1553 842 1607 est:

308 1649 396 1732 palpo
423 1648 540 1729 palpas,
569 1647 648 1728 quod
675 1648 706 1708 in
734 1647 837 1708 eadem
865 1667 937 1710 voce
965 1655 1025 1709 tam
1052 1666 1159 1708 nomen
1185 1664 1275 1728 quam
1296 1645 1422 1707 verbum
1443 1645 1590 1724 significat

309 1753 415 1812 tertiae
438 1768 532 1830 pauca
559 1750 709 1830 primitiva
737 1753 946 1829 reperiuntur,
975 1759 1007 1810 et
1028 1757 1097 1811 sunt
1117 1750 1209 1820 haec,
1230 1749 1331 1829 scalpo
1353 1749 1476 1828 scalpis,
1498 1747 1591 1826 serdpo

310 1853 436 1932 sculpiS,
465 1869 556 1932 carpo
585 1869 657 1932 repo
685 1869 772 1931 serpo
800 1858 902 1933 strepo
929 1870 1053 1932 rumpo,
1082 1858 1114 1912 et
1140 1871 1216 1933 quae
1244 1869 1280 1912 ex
1302 1851 1350 1911 his
1372 1856 1591 1930 componuutru.
1698 1856 1701 1921 l

311 1957 343 2016 in
365 1973 420 2034 por
442 1971 559 2034 quoque
588 1953 754 2014 desinentia
782 1955 950 2015 communia
978 1954 1024 2015 rel
1051 1954 1229 2034 deponentia
1250 1956 1367 2034 primae
1388 1959 1473 2022 sunt,
1496 1959 1527 2012 ut
1545 1967 1623 2012 aru-re
1700 1938 1701 1995 l

312 2074 404 2136 cupor
428 2057 595 2134 aucuparis.
617 2051 631 2137 ll

397 2157 430 2218 ln
457 2175 515 2237 quo
543 2157 589 2217 vel
616 2157 647 2218 in
675 2176 751 2236 quor
782 2158 933 2238 primitiva
955 2158 1092 2237 quidem,
1119 2177 1196 2238 quae
1218 2166 1249 2218 et
1270 2176 1364 2238 pauca
1387 2167 1470 2227 sunt,
1493 2157 1594 2216 tertiae
1703 2188 1704 2219 r

246 2293 249 2304 ·
313 2266 401 2329 sunt,
430 2264 465 2318 ut
491 2259 590 2338 bnquo
617 2259 743 2338 linquis,
773 2259 909 2340 rehoquo
936 2259 1097 2340 relinquis,
1126 2259 1266 2339 delinquo
1293 2259 1459 2339 delinquis,
1482 2260 1594 2338 inquam

203 2373 213 2394 '
313 2361 471 2441 relinquo
493 2360 672 2422 deiecturum
699 2362 812 2441 inquis,
842 2364 929 2422 euius
954 2361 1101 2440 pluralem
1127 2362 1269 2423 lloratius
1296 2379 1469 2422 sermonum
1489 2359 1595 2420 librol

314 2465 427 2532 refert,
451 2464 654 2523 ‘communi
677 2481 788 2524 sensu
809 2463 920 2545 plane
943 2471 1059 2534 caret,
1089 2465 1312 2544 inquimus',
1341 2471 1372 2525 et
1394 2463 1627 2542 imperativum»
1707 2544 1708 2547 Ἴ

315 2565 473 2626 Terentius
495 2565 526 2624 in
541 2563 730 2636 Phormione,
755 2570 849 2627 ‘tum
872 2572 992 2626 autem
1014 2565 1125 2626 rideo
1146 2574 1291 2646 patrem
1312 2566 1434 2627 lilium
1455 2563 1497 2624 ab
1519 2582 1595 2624 sese

316 2670 492 2729 amittere
515 2667 688 2737 inritum,
711 2669 855 2748 inquo’,
885 2686 994 2748 sequor
1021 2670 1171 2748 sequeris,
1198 2669 1304 2748 loquor
1330 2667 1477 2747 loqueris,
1504 2665 1597 2745 liquor

315 2769 437 2851 liqueris
458 2768 611 2849 deponens
632 2771 729 2851 prima
746 2768 855 2850 syllaba
870 2769 1025 2851 producta,
1048 2776 1081 2830 ut
1096 2769 1237 2848 Virgdius
1257 2771 1288 2830 in
1312 2768 1324 2829 l
1346 2768 1426 2831 libro
1443 2769 1597 2847 georgicon

470 2889 556 2931 vere
579 2890 670 2931 novo
692 2872 841 2950 gelidus
864 2874 969 2933 canis
991 2891 1069 2933 curn
1092 2871 1284 2933 montibus
1306 2872 1436 2932 humor

472 2972 634 3051 liquitur
656 2981 691 3033 et
714 2974 874 3054 zephyro
896 2976 1023 3053 putris
1045 2992 1082 3033 se
1104 2974 1212 3052 gleba
1235 2974 1408 3044 resolvit,
1605 2987 1628 3028 ἦ

317 3077 452 3157 quamvis
485 3081 622 3136 neutrum
657 3077 717 3135 sive
752 3077 879 3135 activum
909 3076 1024 3155 primae
1061 3076 1278 3155 coniugationis
1308 3076 1473 3143 invenitur,
1509 3074 1599 3153 prima

320 3185 418 3238 tamen
441 3174 554 3257 syllaba
577 3184 729 3257 correpta,
753 3176 834 3257 liquo
856 3176 967 3257 liquas,
990 3178 1090 3257 cliquo
1112 3176 1242 3258 eliquas,
1264 3178 1403 3239 Lucanus
1423 3175 1502 3237 libro
1522 3175 1572 3236 vll

472 3278 642 3338 excussit
664 3279 803 3339 cristas
825 3278 944 3357 galeis
966 3279 1193 3359 capulosque
1216 3279 1355 3341 solutis
1378 3275 1382 3357 l

471 3378 642 3459 pertudit
663 3380 803 3457 gladiis
826 3388 1032 3461 ereptaque
1054 3381 1131 3461 pila
1153 3380 1330 3460 liquavit,

320 3480 442 3541 Persius
1609 3497 1632 3539 eo

472 3580 679 3662 Phyllidas,
702 3584 944 3666 llypsipylaS,
968 3592 1086 3646 vatum
1110 3592 1171 3645 aut
1192 3583 1379 3664 plorabile
1402 3582 1541 3663 siquid,

474 3682 634 3763 eliquat,
659 3704 698 3745 ac
721 3695 851 3747 tenero
874 3686 1094 3767 supplantat
1115 3685 1227 3747 rerba
1248 3686 1392 3766 palato,

323 3784 446 3846 Ovidius
466 3784 611 3846 fastorum
632 3785 710 3847 libro
733 3786 788 3847 llll

409 4041 423 4091 1
444 4038 566 4090 laetorum
586 4041 723 4102 (superer.
743 4039 820 4093 reiart
837 4040 955 4109 lripollite
972 4041 1060 4092 infelix
1080 4042 1167 4092 netum
1185 4042 1294 4092 coluisse
1312 4043 1428 4105 dionem)
1446 4044 1501 4110 ipse
1517 4043 1603 4092 diones

323 4110 362 4160 B:
376 4109 477 4172 fast.V
496 4109 547 4161 309
600 4110 779 4161 duellemPt
798 4111 1028 4176 uelimsneliesg
1080 4113 1189 4176 diones
1202 4113 1320 4163 didonem
1333 4114 1373 4163 Pt
1425 4112 1603 4179 dderipereris

323 4180 348 4229 B
367 4178 496 4243 deperoris
516 4180 541 4227 P
561 4180 679 4245 diriperis
702 4190 712 4231 t
731 4182 880 4246 ‹loriperef
928 4182 1078 4247 emancipe
1102 4196 1198 4249 occupo
1217 4183 1272 4233 BP
1324 4187 1504 4234 ‘isermonum
1521 4184 1564 4234 lib,
1583 4181 1603 4227 v

323 4258 348 4300 t:
367 4250 440 4313 epist.
461 4250 480 4297 ll
500 4248 592 4311 2,159
679 4250 695 4301 8
715 4254 872 4317 mancipatus
890 4266 953 4302 usus
972 4252 996 4300 P
1013 4253 1173 4316 mancipatus
1191 4262 1229 4302 est
1248 4268 1310 4302 usos
1327 4262 1338 4302 t
1361 4254 1510 4317 nranripatis
1528 4253 1602 4313 (corr.

324 4316 388 4381 ·tus)
405 4318 507 4380 oisuss
572 4317 589 4367 9
605 4318 668 4368 libro
687 4318 730 4384 lll]
753 4320 795 4369 lib.
818 4321 837 4369 ll
856 4321 896 4371 Bt
914 4321 976 4370 libro
998 4322 1109 4371 secundo
1126 4324 1167 4373 P:
1184 4331 1279 4376 oetam,
1295 4322 1328 4371 lll
1346 4323 1398 4371 234
1470 4320 1502 4372 te
1518 4322 1591 4382 inquo

326 4388 411 4449 inquio
431 4388 469 4439 P:
486 4387 520 4449 cs.
540 4388 625 4440 Prisc.
645 4392 662 4441 l.
684 4387 707 4437 X
724 4404 751 4451 p.
771 4390 831 4447 495,
851 4392 882 4441 lt
966 4407 1110 4443 sermonum
1129 4390 1236 4511 libross
1258 4390 1335 4453 ado
1421 4391 1457 4441 20
1472 4318 1604 4453 oommnnil

325 4458 423 4507 cumP
509 4453 910 4524 21rnrn0rmroneyvs,ao
998 4460 1191 4527 patremfilium
1238 4462 1256 4525 s
1275 4462 1604 4527 flliumpaoemrproem

324 4542 370 4577 our.
388 4526 413 4575 B
500 4527 534 4575 22
553 4528 668 4577 inditium
688 4543 755 4579 corr.
776 4530 890 4579 inuidnm
909 4530 934 4579 B
952 4532 1067 4581 innidnm
1086 4534 1115 4594 tl
1199 4534 1233 4581 22
1251 4528 1343 4598 liquor]
1371 4530 1455 4584 Pn'rc.
1476 4532 1494 4584 l,
1512 4531 1566 4579 vlit
1579 4544 1605 4592 p.

326 4596 419 4658 338,3
489 4596 522 4647 23
541 4598 564 4645 in
584 4597 592 4645 l
611 4598 676 4648 libro
692 4596 794 4665 georg]
815 4616 837 4649 o.
853 4600 888 4650 43
957 4601 991 4649 21
1010 4602 1126 4651 lurcones
1145 4601 1208 4651 libro
1228 4598 1287 4667 Vll]
1305 4618 1328 4650 o.
1348 4600 1399 4651 158
1468 4600 1501 4652 28
1519 4614 1605 4665 scapu-

326 4667 413 4729 lnsque
431 4667 527 4717 solutas
547 4668 756 4733 Pscopulesque
775 4670 898 4731 solutiss
912 4670 1068 4733 capillosque
1086 4672 1212 4721 solutost
1269 4669 1448 4736 '29gladiust
1496 4680 1605 4734 arrepta·

326 4751 374 4798 qne
393 4736 418 4785 P
486 4736 695 4803 30perseusP:
711 4748 762 4791 rot.
778 4739 801 4797 l,
821 4740 854 4789 34
923 4736 955 4789 31
975 4739 1087 4805 plrilidos
1105 4743 1131 4792 P
1197 4740 1232 4791 32
1249 4750 1335 4791 tenero
1354 4740 1606 4810 supplantantuerha

325 4804 435 4873 palatum
454 4812 464 4856 t
532 4806 566 4858 33
585 4806 705 4858 laetorum
723 4808 787 4858 libro
806 4806 858 4872 llll]
877 4824 901 4858 r.
922 4807 969 4859 151
