3525 5600
649 369 887 434 COMMENTVM
1358 366 1418 430 131

1245 489 1267 531 p.
1280 477 1357 518 'ld-‘18
1371 475 1394 516 L.

143 576 201 637 ergo
226 557 374 618 distinctio
401 559 567 636 corrumpit
591 558 664 618 istas
685 557 815 635 regulas.
859 558 930 619 item
953 556 1093 618 discretio
1115 563 1214 638 potest
1237 553 1336 636 [causa
1359 555 1419 616 dis-

141 659 279 740 cretionis]
307 676 502 738 corrumpere
529 660 601 720 istas
629 659 762 738 regulas,
791 667 823 720 ut
849 661 927 740 pone
957 666 986 720 et
1012 664 1099 741 pdne.
1146 661 1171 720 si
1199 658 1310 720 dixeris
1331 659 1419 739 pone',

140 765 189 824 erit
215 761 409 841 praepositio;
447 762 473 820 si
504 760 616 821 dixeris
649 768 745 841 ponc,
779 762 836 822 erit
870 761 991 823 verbum
1019 763 1187 842 imperativi
1215 759 1304 821 modi.
1351 779 1421 821 ecce

138 873 247 944 propter
272 863 483 924 discretionem
511 872 710 943 corrumpunt
731 866 858 942 regulas.
905 881 996 942 quare
1019 865 1231 943 corrumpunt?
1254 865 1322 941 quia
1345 862 1419 923 dixi·

120 983 194 1028 snus
213 963 322 1026 nullam
344 971 461 1044 partem
476 983 542 1026 csse
557 967 714 1036 orationis,
738 985 814 1045 quae
836 968 868 1026 in
891 965 994 1026 ultima
1016 973 1101 1046 parte
1123 964 1231 1026 babeat
1253 972 1419 1034 accentum,

138 1078 163 1128 et
181 1068 342 1128 invenimus
364 1065 453 1137 duas,
476 1067 555 1146 pone
579 1076 609 1127 et
629 1072 717 1147 pdne,
741 1073 813 1146 ergd
834 1076 865 1128 et
888 1065 968 1145 e'rgo.
1014 1067 1066 1128 sed
1089 1085 1149 1126 non
1172 1067 1347 1128 naturaliter
1368 1067 1421 1127 ba·

137 1171 181 1232 bet
208 1168 257 1230 illa
289 1167 392 1230 ultima
425 1167 536 1248 syllaba
568 1179 739 1238 accentum,
768 1168 820 1230 sed
848 1176 972 1250 propter
1000 1168 1220 1230 discretionem.
1264 1187 1332 1230 nam
1362 1185 1422 1246 quo

138 1273 215 1333 modo
235 1279 333 1351 potest
353 1271 419 1332 lieri
441 1279 473 1331 ut
486 1271 549 1330 ista
573 1270 675 1332 ultima
699 1269 811 1352 syllaba
832 1270 941 1332 babeat
963 1279 1133 1340 accentum,
1164 1289 1231 1331 cum
1259 1270 1423 1330 dixerimus

138 1377 163 1434 in
183 1373 280 1434 ultima
301 1371 414 1452 syllaba
429 1391 592 1452 numquam
607 1374 736 1434 inveniri
757 1391 844 1453 posse
867 1373 1043 1434 accentum?
1066 1391 1135 1434 nam
1157 1372 1275 1452 quando
1298 1372 1423 1433 dicimus

110 1477 206 1556 spone
228 1473 376 1555 [ultimam
398 1474 511 1536 babere
533 1473 719 1556 accentum],
743 1493 802 1536 non
825 1474 893 1536 ideo
917 1473 1060 1545 dicimuS,
1085 1477 1153 1552 quia
1177 1477 1220 1536 sic
1242 1473 1333 1534 debet
1354 1474 1421 1544 dici,

137 1577 183 1638 sed
203 1587 234 1638 ut
253 1579 292 1637 sit
314 1579 466 1639 discretio.
510 1579 583 1638 item
605 1577 725 1655 quando
748 1577 876 1638 dicimus
900 1581 986 1656 ergd,
1014 1595 1075 1638 non
1098 1577 1166 1638 ideo
1189 1576 1330 1647 dicimus,
1355 1577 1422 1654 quia

137 1681 175 1740 sic
193 1677 278 1739 debet
299 1678 373 1749 dici,
396 1678 450 1739 sed
473 1686 505 1739 ut
526 1680 566 1738 sit
587 1678 737 1740 discretio.
774 1681 846 1741 item
869 1678 990 1757 quando
1012 1677 1138 1740 dicimus
1161 1682 1247 1758 crgd,
1272 1695 1332 1738 non
1354 1678 1423 1738 ideo

138 1781 264 1849 dicimus,
280 1782 350 1860 quia
372 1781 415 1840 sio
437 1780 526 1842 debet
546 1781 620 1850 dici,
643 1780 696 1842 sed
719 1789 752 1840 ut
773 1783 812 1843 sit
834 1780 975 1844 discretio
997 1793 1121 1861 propter
1144 1781 1216 1858 e'rgo
1239 1781 1422 1840 coniunctio·

136 1901 198 1943 acm
217 1881 402 1943 rationalem.
447 1882 516 1943 ideo
537 1884 569 1943 in
593 1880 695 1944 ultima
718 1881 828 1962 syllaba
850 1884 1044 1944 inveniuntur
1066 1891 1215 1944 accentus.
1256 1900 1327 1961 ergo
1348 1883 1423 1942 istae

107 1993 199 2046 nsunt
222 1983 298 2044 duae
323 1994 426 2064 partes
451 1993 581 2055 tautum,
614 2001 691 2062 quae
720 2003 811 2046 causa
839 1985 1028 2047 discretionis
1054 1993 1252 2064 corrumpunt
1278 1981 1422 2064 regulam,

136 2087 325 2166 pronuntiatio
354 2086 527 2166 frequenter
554 2087 735 2166 corrumpit,
764 2097 796 2149 ut
822 2096 892 2167 puta
916 2088 920 2168 l
945 2087 1060 2148 doetus.
1106 2105 1180 2166 quac
1202 2085 1314 2166 syllaba
1336 2085 1525 2155 habetesnc

136 2189 298 2250 accentum?
333 2186 404 2257 doc,
433 2191 575 2266 quoniam
601 2191 685 2268 prior
712 2187 824 2268 syllaba
851 2207 971 2268 semper
998 2188 1089 2249 habet
1110 2199 1275 2250 accentum.
1321 2187 1423 2250 ultima

135 2293 208 2352 enim
227 2307 390 2368 numquam
411 2289 502 2351 habet
522 2300 572 2352 aut
593 2293 624 2352 in
647 2309 734 2352 versu
758 2299 809 2352 aut
830 2293 861 2352 iu
882 2310 982 2372 prosa.
1012 2291 1088 2352 adde
1110 2290 1153 2352 illi
1175 2291 1423 2360 coniunctionem,

137 2401 162 2454 ct
181 2393 258 2454 vides
284 2394 425 2470 quoniam
453 2393 537 2472 prior
563 2392 675 2474 syllaba
697 2393 804 2473 perdet
825 2402 997 2463 accentum,
1025 2403 1096 2474 puta
1119 2391 1300 2470 ‘doctusque
1322 2391 1424 2454 Palab·

105 2501 226 2556 unmn’.
267 2498 326 2556 iam
354 2497 459 2574 incipit
485 2515 546 2556 non
573 2497 603 2555 in
631 2495 688 2556 doc
718 2513 782 2556 csse
809 2501 972 2566 accentus:
996 2495 1048 2555 sed
1075 2497 1106 2555 in
1134 2501 1195 2564 tus;
1225 2513 1295 2556 ecce
1323 2492 1424 2554 ultima

136 2597 239 2676 syllaba
266 2595 389 2657 babebit
416 2605 581 2658 accentum.
627 2605 657 2658 et
679 2615 755 2676 quae
776 2604 846 2659 sunt
867 2606 968 2678 partes
990 2615 1066 2676 quae
1089 2595 1207 2657 additae
1230 2603 1426 2676 corrumpunt

135 2698 262 2777 regulas?
284 2718 346 2760 non
368 2701 447 2759 enim
470 2717 575 2760 omues
598 2709 808 2781 corrumpunt,
831 2700 884 2760 sed
907 2705 976 2760 sunt
997 2707 1098 2779 partes
1121 2717 1196 2780 quae
1219 2697 1335 2759 additae
1358 2715 1424 2758 cor-

135 2811 279 2881 rumpunt.
325 2810 355 2861 et
382 2809 452 2863 sunt
479 2804 567 2863 istae:
602 2821 656 2871 ne,
685 2802 804 2882 quando
832 2812 877 2863 est
899 2804 1082 2873 coniunctio,
1113 2822 1183 2863 ecce
1205 2800 1297 2863 babes
1319 2818 1425 2870 unam;

135 2888 189 2972 res
212 2922 279 2963 ecce
312 2901 406 2964 babes
434 2902 521 2972 duas;
549 2923 624 2984 que,
654 2922 726 2965 cccc
754 2904 848 2965 babes
875 2912 952 2971 tres:
980 2922 1029 2976 ce,
1059 2922 1129 2965 ecce
1159 2904 1251 2965 babes
1275 2910 1425 2982 quattuor.

105 3006 203 3066 sistas
223 3012 292 3065 sunt
313 3023 389 3084 quae
412 3016 608 3085 corrumpunt
628 3006 747 3085 regulas
769 3016 956 3067 accentuum.
987 3014 1057 3087 puta
1080 3008 1206 3085 primm,
1231 3005 1307 3067 adde
1322 3022 1426 3067 omnes

135 3110 200 3169 istas
225 3116 338 3187 partes:
368 3107 535 3186 primusne,
566 3126 637 3168 ecce
666 3126 726 3169 non
754 3107 876 3170 habebit
902 3110 961 3168 iam
990 3116 1146 3169 accentum
1176 3109 1237 3188 pri,
1267 3108 1319 3169 sed
1348 3127 1424 3177 mus

135 3228 199 3269 ecce
226 3210 405 3288 corrumpit;
435 3219 465 3270 et
492 3212 517 3269 si
543 3210 626 3271 dicas
651 3210 817 3290 primdsve,
847 3228 917 3270 ecce
940 3211 1121 3289 corrumpit;
1151 3210 1341 3291 primdsque,
1365 3210 1425 3289 pri-

136 3311 247 3379 misce,
271 3328 342 3371 ecce
365 3312 539 3391 corrumpit.
570 3312 624 3373 sed
645 3312 723 3373 lorte
744 3312 827 3373 dicas
849 3311 923 3371 mihi
945 3310 1014 3371 ‘sed
1037 3313 1145 3392 positio
1169 3312 1341 3391 corrumpit,
1365 3331 1426 3372 non

136 3430 266 3473 accessus
279 3414 404 3473 istarum
418 3416 577 3491 partium’.
609 3416 697 3474 etiam
720 3416 745 3475 si
767 3415 875 3494 positio
899 3432 959 3474 non
982 3412 1152 3483 accederet,
1178 3422 1276 3475 tamen
1292 3431 1427 3475 corrum-

106 3523 253 3593 cpcretur
274 3522 424 3576 accentus.
467 3523 538 3595 puta
560 3515 656 3586 blusa,
679 3535 730 3576 mu
751 3514 843 3577 babet
864 3524 1034 3585 accentum;
1062 3515 1137 3576 adde
1159 3514 1203 3575 illi
1224 3517 1294 3576 istas
1314 3522 1426 3595 partes,

136 3626 162 3677 et
175 3620 388 3699 corrumpitur,
411 3618 534 3679 blusdne
554 3617 673 3679 uusave
694 3618 836 3695 Musaque
856 3618 989 3679 Musica:
1015 3630 1084 3678 ecce
1104 3616 1154 3679 illa
1170 3634 1247 3698 quae
1269 3626 1314 3677 est
1328 3615 1427 3678 brevis

136 3718 233 3779 ultima
260 3721 323 3799 ipsa
351 3718 443 3779 babet
463 3728 628 3781 accentum.
673 3729 703 3780 et
724 3719 852 3781 diximus
873 3720 960 3800 quia,
983 3717 1102 3799 quando
1124 3718 1306 3799 paenultima
1329 3718 1428 3779 brevis

135 3820 234 3890 luerit,
256 3830 327 3881 tunc
349 3824 437 3883 tertia
459 3840 476 3881 a
498 3822 557 3883 line
579 3820 701 3883 habebit
722 3830 892 3891 accentum;
922 3829 951 3881 et
973 3828 1072 3882 tamen
1096 3839 1166 3881 ecce
1188 3830 1359 3901 corruptam
1381 3822 1427 3881 ln·

136 3923 272 3983 venimus.
316 3940 388 3984 ecce
415 3922 512 3993 vides,
541 3926 572 3983 in
601 3931 744 4003 quantum
773 3921 890 3984 valeant
916 3924 989 3983 istae
1012 3918 1197 4003 parlticulae,
1229 3924 1427 3999 inquantum
1490 3907 1495 3917 ¹

108 4026 245 4101 cpossint
263 4033 309 4094 ut,
333 4027 423 4086 etiarn
446 4025 591 4087 brevissi
614 4026 667 4095 sit,
695 4025 727 4085 id
757 4032 802 4085 est
827 4023 939 4103 syllaba
962 4042 1038 4103 quac
1066 4024 1241 4087 naturaliter
1263 4023 1362 4085 brevis
1384 4031 1429 4111 est

136 4134 253 4204 cogatur
275 4124 388 4187 babere
410 4137 581 4197 accentum,
605 4146 666 4188 non
687 4124 877 4196 naturaliter,
901 4127 954 4187 sed
977 4144 1065 4187 causa
1087 4128 1220 4188 istarum.
1266 4146 1334 4187 nam
1358 4144 1427 4186 ecce

135 4227 227 4298 llusa,
249 4226 300 4290 illa
321 4227 432 4309 syllaba
456 4247 531 4307 quae
545 4230 629 4309 prior
644 4237 690 4289 est
708 4230 772 4310 ipsa
788 4227 879 4289 babet
894 4237 1059 4289 accentum.
1090 4230 1115 4289 si
1131 4227 1220 4289 addas
1236 4248 1294 4308 que
1317 4237 1367 4288 aut
1382 4245 1426 4297 ve,

136 4329 258 4391 ridicas
272 4330 417 4408 Musaque
436 4330 572 4399 blusare,
596 4330 701 4392 ubiubi
721 4332 894 4408 contigerit,
918 4332 982 4409 ipsa
1004 4334 1107 4393 ultimo
1129 4330 1219 4391 babet
1241 4337 1404 4390 accentum.

199 4536 214 4588 1
239 4536 308 4586 idem
329 4534 450 4587 discrmo
466 4534 521 4587 Bc
540 4536 608 4585 idern
626 4535 741 4587 discritio
755 4551 772 4583 a
792 4534 860 4585 idem
877 4533 1008 4583 distinctio
1028 4534 1052 4583 A
1140 4533 1157 4585 9
1176 4534 1291 4584 inuenire
1308 4533 1361 4584 AG

138 4606 233 4666 quando
252 4606 367 4656 dicem
382 4606 408 4654 A
478 4604 512 4657 10
530 4620 581 4655 non
599 4607 658 4657 ideo
677 4606 791 4655 &cemus
806 4604 831 4653 A
903 4605 934 4655 11
954 4604 1055 4667 quando
1075 4604 1187 4655 dicemus
1207 4620 1269 4670 ergo
1286 4618 1337 4653 non
1355 4603 1426 4669 (ideo

138 4674 194 4724 add.
212 4672 389 4740 a*)dicernua
409 4676 434 4725 A
505 4675 537 4727 13
556 4676 758 4726 coniunctionem
777 4676 853 4726 coa
871 4675 1026 4724 iunctionem
1045 4674 1070 4723 A
1124 4670 1334 4741 irrationalem]
1356 4689 1429 4724 suana

138 4746 215 4795 ABG
294 4746 460 4795 inueniuntur
477 4744 536 4795 AB
554 4747 684 4797 inuenitur
702 4746 748 4796 Ga
837 4746 868 4795 17
888 4746 937 4794 doc
954 4744 980 4794 B
998 4746 1031 4794 do
1049 4744 1103 4797 Ao
1188 4744 1222 4793 32
1241 4744 1353 4793 diximus
1370 4746 1430 4809 quia

139 4816 235 4877 qnando
252 4814 326 4868 Bca
344 4816 458 4866 diximus
480 4816 531 4867 iam
547 4817 650 4880 quando
668 4817 693 4866 A
746 4815 781 4867 35
798 4816 885 4865 breuis
902 4816 925 4864 sl
943 4816 976 4864 sit
995 4814 1021 4863 ld
1035 4824 1074 4864 est
1087 4810 1179 4865 Bca*
1197 4814 1290 4865 bren..
1310 4814 1391 4864 idest
1407 4814 1429 4863 A

184 4884 219 4936 33
236 4897 343 4953 cogetur
354 4886 540 4937 Lindenmmua
553 4888 654 4954 cogitur
667 4884 719 4935 AB
736 4885 877 4953 cogeturO
926 4884 961 4937 33
975 4884 1017 4933 ubi
1034 4894 1058 4933 et
1072 4884 1148 4935 unio
1197 4884 1286 4933 ultimo
1298 4898 1345 4935 om.
1354 4884 1428 4935 ABG

1183 4966 1227 5031 9*
