3525 5600
662 393 899 456 COMMENTVM
1371 391 1429 455 161

1252 501 1371 554 prro-m
1385 499 1407 540 n.

153 585 238 644 nativo
263 579 404 660 singulari
432 583 530 642 omnia
558 580 694 643 similiter
723 591 847 652 exeunt,
877 581 925 641 hic
952 591 982 642 et
1009 581 1083 642 liaeo
1107 589 1137 642 et
1158 580 1214 641 lroc
1237 579 1316 640 lelix.
1361 597 1432 658 ergo

154 695 214 746 tunc
235 691 275 745 εει
297 703 386 745 amne
408 703 518 763 genus,
542 683 661 762 quando
676 686 875 746 nominativus
892 682 1048 762 singularis
1063 685 1153 760 trium
1177 701 1321 762 generum
1344 701 1432 745 unam

152 787 231 849 hahet
251 788 383 848 lormam.

124 942 127 947 ,
225 891 274 950 Est
295 891 383 950 etiam
407 891 582 970 epicoenon.
612 892 691 951 inter
706 891 870 970 epicoenon
888 898 918 952 et
939 907 1096 950 commune
1119 887 1175 948 lroc
1198 889 1329 950 interest.
1364 907 1431 950 nam
1444 895 1533 955 inse

123 990 264 1074 alpaene
286 992 363 1052 idem
389 999 434 1053 est
456 995 631 1073 epicoenon,
656 993 734 1072 quoti
757 1001 802 1054 cst
824 1011 991 1054 commune.
1039 1009 1105 1052 nam
1129 991 1246 1070 mando
1269 990 1335 1051 (lieo
1358 964 1550 1051 ι]εεε49“””37

153 1093 251 1175 aquila,
279 1097 445 1156 communis
473 1104 517 1158 cst
543 1097 678 1174 generis;
706 1098 777 1156 item
807 1094 927 1175 quando
956 1093 1021 1154 troo
1050 1092 1098 1154 hie
1126 1095 1223 1162 canis,
1247 1093 1366 1170 generis
1389 1098 1434 1152 εει

153 1199 318 1266 εειηεευειε;
347 1206 377 1258 ει
407 1206 505 1258 tamen
533 1200 654 1277 generis
675 1207 720 1259 est
741 1214 860 1276 semper
883 1199 1050 1257 communis
1072 1197 1166 1267 canis,
1197 1194 1292 1273 aquila
1314 1195 1434 1274 generis

154 1308 191 1360 est
216 1301 355 1380 epicoeni.
402 1309 432 1360 et
461 1318 538 1378 quae
566 1302 677 1380 poterit
699 1319 763 1361 εεεε
785 1299 969 1360 differentia?
997 1297 1074 1379 quod
1097 1299 1128 1358 in
1151 1300 1300 1358 communi
1322 1313 1433 1374 genere

153 1421 201 1480 pro
220 1421 303 1463 serus
330 1400 472 1482 qualitate
499 1403 573 1464 tluos
596 1403 700 1464 damus
722 1400 875 1472 articulos,
906 1402 1049 1481 epicoeno
1071 1419 1161 1462 unum
1185 1399 1304 1480 quidem
1325 1400 1432 1460 articu-

126 1505 206 1566 nlum
226 1505 338 1575 damus,
362 1505 414 1565 sed
437 1513 596 1585 utrumque
624 1504 823 1584 intellegimus
844 1522 957 1565 sexum.
1004 1502 1122 1580 quando
1144 1503 1263 1581 generis
1287 1507 1330 1562 est
1353 1519 1432 1562 com·

155 1609 253 1677 prunis,
276 1606 350 1667 duos
377 1605 518 1668 articulos
545 1607 663 1678 damus,
693 1607 742 1667 hio
764 1608 846 1668 oanis
867 1613 898 1666 ει
924 1605 999 1666 haee
1029 1605 1125 1672 canis;
1154 1605 1184 1664 in
1208 1605 1351 1684 epicoeno
1373 1621 1434 1664 non

156 1727 295 1789 ρεεεειεεε
322 1707 423 1770 dicere
450 1709 500 1770 hie
526 1709 623 1790 aquila
653 1717 683 1770 ει
710 1712 786 1771 haec
812 1707 924 1789 aquila,
954 1707 1006 1768 scd
1029 1713 1140 1768 tantum
1163 1725 1254 1766 unum
1277 1704 1434 1766 articulum

157 1813 261 1881 damus,
290 1811 366 1874 haec
392 1811 504 1892 aquila;
533 1821 564 1873 et
589 1813 638 1874 irio
665 1830 782 1893 passer,
811 1829 872 1872 non
907 1827 1063 1889 possumus
1091 1809 1191 1870 dicere
1219 1808 1293 1869 haec
1320 1825 1433 1887 passer,

157 1914 199 1974 sed
218 1916 274 1974 sive
295 1914 444 1976 masculus
466 1915 559 1976 luerit
580 1917 642 1975 sive
664 1916 782 1985 lomina,
805 1913 855 1976 hic
875 1931 978 1994 passer
1001 1912 1136 1973 dicimus.
1168 1928 1240 1990 crgo
1262 1909 1318 1970 hoc
1340 1911 1432 1969 inter·

127 2026 195 2076 nest
212 2017 284 2078 inter
311 2019 474 2096 epicoenon
502 2024 532 2077 et
561 2035 734 2088 commune,
766 2017 843 2096 quod
866 2017 897 2077 in
920 2016 1071 2077 communi
1093 2033 1203 2092 genere
1225 2012 1299 2074 dnos
1320 2012 1434 2072 inveni·

158 2137 214 2180 mus
232 2118 369 2180 articulos
398 2138 454 2198 pro
481 2138 570 2182 serus
598 2119 753 2200 qualitate,
782 2121 814 2178 in
837 2120 980 2199 epicoeno
1004 2135 1094 2178 unum
1116 2117 1298 2184 invenimus,
1322 2112 1373 2174 sed
1398 2111 1434 2172 ati

156 2228 299 2299 unumque
326 2241 445 2294 sexum,
475 2223 504 2282 id
534 2234 579 2284 est
600 2232 761 2302 utrumque
787 2240 890 2282 sexum
919 2239 977 2282 uno
1002 2218 1125 2280 articulo
1154 2217 1360 2296 conplectitur.
1406 2220 1436 2274 et

157 2342 205 2402 quo
225 2324 345 2385 articulo
373 2324 516 2386 utendum
545 2333 589 2386 εει
611 2327 642 2388 in
664 2326 826 2405 epicoeno?
854 2341 943 2404 quem
966 2321 1003 2383 ah
1026 2319 1196 2383 auctoribus
1219 2319 1433 2398 acceperimus,

155 2426 252 2496 idest,
280 2434 368 2507 prout
395 2426 570 2506 legerimus,
598 2430 638 2488 ita
660 2427 796 2489 dicimus.
844 2433 878 2486 ut
905 2423 999 2486 dicam
1029 2424 1102 2484 haec
1130 2423 1234 2483 cornix
1262 2421 1339 2482 uncle
1362 2420 1433 2487 scio,

127 2529 204 2587 annisi
225 2531 287 2605 qnia
309 2529 349 2590 ita
373 2528 450 2608 legii
473 2548 544 2608 ergo
567 2549 642 2611 qnae
664 2549 735 2610 pars
758 2530 893 2609 epicoeni
915 2528 1034 2606 generis
1050 2537 1094 2586 est
1110 2523 1241 2592 validior,
1264 2523 1434 2602 peripsam

156 2628 282 2691 debemus
304 2630 414 2692 dicere.
447 2638 476 2692 et
498 2651 556 2712 quo
581 2630 585 2711 Ῑ
609 2649 719 2710 genere
742 2629 950 2711 appellandum
974 2637 1021 2690 est
1039 2627 1111 2689 illud
1129 2625 1311 2707 epicoenon?
1335 2621 1435 2704 appel·

155 2729 260 2792 landum
284 2742 335 2803 est.
360 2751 448 2813 quem
471 2733 651 2796 admodum
672 2735 703 2794 in
726 2734 902 2794 auctoritate
925 2731 1096 2811 legerimus.
1125 2731 1202 2790 scire
1225 2735 1322 2788 autem
1345 2724 1435 2786 debes

155 2834 221 2911 quod
247 2836 303 2897 hoc
331 2840 496 2917 epicoenon
524 2836 561 2898 ab
590 2835 764 2898 auctoribus
785 2837 818 2896 lit
839 2853 1007 2897 commune.
1053 2852 1121 2895 nam
1143 2832 1247 2893 turtlus
1270 2831 1435 2909 epicoenon

156 2946 194 2997 εει
213 2955 226 2997 ε
247 2938 426 3009 masculino,
455 2940 574 3001 Persius
602 2956 760 3001 commune
787 2938 871 3005 lecit,
900 2935 949 2997 hio
972 2944 1001 2996 et
1023 2935 1096 2997 haec
1118 2933 1237 3003 turdus,
1261 2939 1294 2993 ut
1316 2938 1361 2992 est
1383 2934 1437 2991 ‘et

125 3046 273 3101 sternes
300 3040 496 3102 turdarum
525 3060 634 3103 nosse
660 3038 825 3103 saliras'.
870 3038 927 3100 hoo
954 3040 1051 3117 ipsum
1085 3036 1164 3117 quod
1194 3042 1238 3095 est
1271 3036 1436 3113 epicoenon

155 3159 297 3203 commune
319 3132 411 3204 traxit
432 3160 526 3222 genus
548 3143 585 3205 ab
608 3142 787 3205 auctoribus.
823 3142 893 3219 quin
918 3142 1007 3201 etiam
1029 3137 1100 3201 illud
1125 3136 1297 3206 sciendum,
1321 3135 1435 3215 specia-

155 3242 212 3304 liter
238 3246 305 3324 (prid
333 3248 372 3307 sit
394 3247 566 3326 epicoenon.
614 3248 778 3327 epicoenon
801 3250 846 3304 εει
867 3244 953 3306 citius
975 3260 1062 3303 serus
1084 3260 1143 3302 non
1166 3241 1335 3319 agnoscitur
1359 3238 1435 3305 visu;

155 3346 187 3405 ita
207 3345 356 3409 delinitum
380 3356 441 3419 est,
466 3366 524 3409 non
547 3348 679 3410 scicntia.
710 3355 809 3427 potest
830 3346 910 3407 enim
933 3344 1041 3423 aliquis
1063 3360 1225 3421 agnoscere
1248 3358 1361 3409 sexum,
1384 3338 1435 3399 sed

156 3466 184 3505 er
204 3451 336 3519 scientia,
366 3452 453 3512 euius
481 3454 519 3512 sit
546 3452 675 3529 generis.
721 3467 792 3527 ergo
819 3447 988 3527 specialiter
1015 3448 1193 3526 epicoenon,
1218 3441 1269 3503 ubi
1292 3444 1354 3503 visu
1376 3440 1435 3502 non

130 3553 331 3626 aegrescimus
353 3570 470 3623 serum,
494 3554 523 3614 id
547 3562 594 3614 εει
615 3552 765 3613 communi
787 3552 865 3621 visu,
894 3548 967 3610 illud
990 3549 1116 3610 dicimus
1138 3548 1312 3627 epicoenon.
1357 3552 1435 3605 cete·

157 3670 212 3713 rum
232 3656 353 3715 seientia
376 3654 454 3717 aliud
478 3662 530 3716 est

227 3754 383 3819 Praeterea
406 3759 484 3819 scire
506 3755 649 3818 debemus
672 3756 813 3835 quasdam
836 3752 954 3834 regulas
981 3754 1065 3832 quasi
1087 3750 1235 3812 solemnes
1258 3768 1324 3811 esse
1346 3758 1435 3827 genes

159 3871 221 3916 rum.
262 3877 332 3919 cccc
355 3878 371 3919 a
395 3862 480 3938 quasi
502 3860 644 3922 solemnis
667 3868 711 3920 est
733 3859 853 3937 generis
875 3856 1027 3923 feminini,
1057 3862 1127 3935 puta
1151 3854 1231 3914 illusa
1255 3868 1336 3919 oasa;
1367 3866 1436 3909 ecce

159 3956 210 4035 lpsa
230 3960 329 4039 regula
353 3964 436 4039 quasi
458 3962 591 4024 dedicata
614 3968 660 4023 est
680 3962 824 4022 leminino
846 3960 959 4039 generi.
991 3960 1060 4018 item
1084 3976 1119 4017 ns
1141 3953 1250 4034 syllaba
1274 3951 1435 4015 masculino

132 4063 245 4134 mgeneri
271 4065 354 4143 quasi
383 4064 517 4126 dedicata
546 4071 604 4135 est,
635 4063 739 4124 doetus
766 4062 864 4123 clarus
885 4079 1018 4139 magnus.
1064 4060 1210 4119 invenitur
1232 4065 1331 4118 tamen
1355 4064 1385 4115 ut
1408 4061 1438 4114 ει

161 4161 184 4219 ln
214 4183 246 4224 us
279 4174 364 4229 exeat
392 4174 422 4227 ει
448 4169 567 4245 generis
594 4167 632 4226 sit
661 4166 809 4235 feminini,
840 4173 873 4225 ut
900 4172 944 4225 εει
971 4162 1044 4223 haec
1072 4159 1181 4221 laurus.
1228 4176 1296 4219 ecce
1325 4154 1435 4235 syllaba

162 4268 229 4340 quast
254 4286 328 4347 quae
362 4276 426 4328 erat
454 4268 617 4330 masculino
644 4267 776 4328 dedicata
811 4266 945 4328 feminini
979 4272 1031 4325 est.
1078 4263 1129 4325 setl
1159 4279 1219 4321 non
1247 4260 1374 4340 peinitus
1401 4274 1436 4317 us

163 4364 254 4443 syllaba
276 4369 337 4430 dixi
359 4368 439 4448 quod
463 4370 598 4431 ‹tedicata
621 4372 660 4432 sit
680 4368 858 4439 masculino,
883 4368 935 4429 sed
960 4364 1037 4445 quotl
1061 4365 1254 4443 frequentius.
1291 4362 1362 4421 item
1385 4378 1435 4419 um

164 4519 258 4530 ξ.-

231 4624 328 4677 bidem
351 4636 390 4677 εει
407 4643 438 4677 a:
457 4619 495 4677 εει
512 4642 558 4680 ona.
577 4627 663 4677 ABG
744 4627 777 4677 16
800 4624 845 4673 sed
864 4624 897 4673 ad
915 4622 961 4687 (ati
979 4637 1025 4671 om.
1043 4620 1070 4685 e)
1090 4630 1221 4682 utrumque
1240 4631 1329 4667 sexum
1349 4616 1376 4666 id
1399 4623 1437 4665 εει

165 4701 280 4759 utrumque
302 4712 392 4748 sexum
413 4712 464 4747 nno
482 4697 588 4746 articulo
607 4696 669 4746 Bae
693 4696 738 4745 red
761 4705 895 4757 utrumqne
915 4708 1005 4743 sexum
1025 4706 1073 4741 uno
1096 4694 1185 4753 (ultum
1203 4687 1242 4751 Α)
1266 4688 1372 4738 articulo
1388 4684 1438 4735 AC

220 4765 251 4815 20
263 4782 323 4833 erga
336 4782 396 4833 pars
408 4768 523 4833 epicoeni
535 4767 655 4831 (epyeeni
672 4766 696 4815 Α
710 4766 858 4831 epicoenoni
871 4764 905 4827 0)
920 4763 1021 4829 generis
1034 4776 1098 4825 quae
1111 4770 1149 4809 est
1164 4758 1217 4824 (est
1229 4774 1275 4812 om.
1285 4758 1320 4817 A,
1334 4758 1395 4809 add,
1407 4754 1437 4819 a)

166 4832 256 4883 tnlilior
271 4837 353 4887 ABG
403 4838 434 4887 21
454 4847 477 4887 et
489 4852 535 4886 om.
550 4836 585 4899 A,
603 4838 665 4887 adri.
680 4852 697 4885 a
747 4836 781 4885 23
795 4836 863 4898 qrrod
877 4835 909 4883 ad
927 4834 974 4881 lroc
993 4832 1018 4879 Α
1071 4826 1335 4895 aspernamenta,
1352 4828 1385 4876 et

166 4900 194 4951 25
205 4906 322 4955 turdarum
334 4906 382 4957 BC
399 4907 528 4957 turdorum
539 4907 565 4957 A
583 4923 636 4956 rma
649 4909 727 4957 litum
744 4922 822 4969 super
834 4920 859 4968 a,
877 4914 904 4954 ut
919 4905 976 4954 olion
990 4898 1187 4966 superscriptam
1202 4899 1284 4962 suinae
1294 4898 1437 4950 videatnra

208 4994 372 5040 omnnium
387 4998 478 5041 mmo
491 4999 519 5040 v.
1196 4984 1233 5046 ll
