3525 5600
624 1479 627 1490 Ι
730 1343 824 1436 lili
860 1341 1259 1435 cultillum.

535 1527 605 1602 nu
633 1527 974 1604 cannameles
1000 1529 1070 1603 uu
1096 1527 1458 1605 mulceamus

376 1839 398 1881 p.
412 1829 463 1867 1-n
477 1827 500 1868 a.
1525 1838 1542 1868 a
1556 1827 1573 1866 1.
1585 1827 1600 1865 2.

435 1907 620 1970 barbarismi
649 1929 665 1970 a
693 1910 894 1990 metaplasmis
917 1911 1027 1972 distant
1054 1918 1084 1970 et
1105 1911 1217 1970 diversi
1240 1916 1309 1970 sunt
1331 1916 1362 1968 et
1383 1908 1514 1969 diversas
1534 1907 1623 1966 defini·
1720 1938 1721 1945 ,

351 2011 449 2071 tiones
470 2011 590 2072 habent.
616 2007 622 2096 Ι
647 2013 698 2073 sed
727 2016 796 2092 quia
825 2013 947 2092 quidam
975 2013 1070 2082 modi,
1100 2031 1135 2073 ex
1158 2011 1268 2092 quibus
1290 2013 1447 2080 eveniunt,
1470 2026 1624 2070 communes

352 2121 421 2174 sunt
449 2117 480 2175 in
509 2117 597 2195 ipsis,
626 2119 783 2176 coniuncte
812 2116 847 2175 de
877 2116 925 2176 his
953 2115 1111 2176 dicendum
1139 2121 1193 2174 est.
1239 2117 1281 2175 sic
1304 2117 1401 2184 enim,
1430 2133 1489 2193 quo
1512 2132 1526 2173 a
1548 2131 1575 2172 se
1599 2119 1643 2170 ets
1720 2186 1721 2189 Ἴ

352 2218 383 2276 iu
406 2217 515 2298 qtribns
537 2219 662 2289 distent,
691 2219 809 2280 facilius
837 2218 1001 2299 apparebit.
1046 2217 1125 2296 quod
1152 2219 1283 2277 comita
1306 2218 1440 2277 luturum
1464 2219 1502 2275 sit
1522 2218 1550 2274 in
1570 2216 1622 2292 ipsa

352 2321 552 2398 expositione,
582 2321 618 2381 acl
646 2340 710 2382 rem
740 2323 872 2401 pertinet
900 2323 984 2401 prius
1012 2328 1045 2380 ut
1071 2319 1259 2380 definitiones
1288 2321 1449 2398 separatim
1476 2318 1573 2378 demus
1599 2323 1623 2374 rt
1720 2320 1721 2323 ’

352 2421 546 2500 generaliter,
576 2423 647 2503 quid
675 2415 881 2485 distantiarum
910 2426 990 2484 inter
1013 2441 1045 2481 se
1067 2421 1211 2491 habeant,
1240 2422 1489 2482 demonstremus.
1532 2418 1623 2480 barba·

354 2525 462 2584 rismus
485 2532 544 2592 est,
567 2532 600 2586 ut
622 2525 742 2604 quidam
756 2524 881 2595 uolunt,
905 2543 963 2586 una
985 2544 1055 2605 pars
1077 2526 1221 2586 orationis
1234 2525 1342 2584 vitiosa
1356 2527 1388 2583 in
1405 2541 1538 2583 sermone
1557 2539 1624 2580 com·

353 2629 451 2686 nurui:
489 2626 562 2686 haee
590 2627 723 2688 delinitio
751 2634 869 2706 separat
895 2627 1135 2706 metaplasmum,
1165 2627 1306 2706 eoquod
1334 2627 1401 2686 lieri
1425 2624 1653 2686 barbarismumu

353 2727 426 2788 dicit
447 2731 478 2788 in
501 2731 649 2789 communi
672 2747 818 2798 sermone,
842 2731 990 2809 quoniam,
1015 2733 1039 2790 si
1062 2732 1092 2790 in
1117 2724 1262 2811 poemate'
1274 2747 1346 2810 pars
1367 2729 1513 2788 orationis
1533 2727 1623 2785 vitiosa
1720 2726 1721 2757 ³

354 2834 406 2901 sit,
435 2832 658 2911 metaplasmum
688 2832 800 2895 dieunt.
846 2834 918 2893 item
948 2831 1152 2893 barbarismus
1180 2839 1239 2901 est,
1268 2840 1302 2892 ut
1332 2831 1455 2911 quidam
1487 2828 1623 2891 deliniunt.
1720 2909 1721 2912 Ἴ

355 2936 445 2995 dictio
468 2936 573 2995 vitiosa
596 2935 813 2995 enuntiatione:
838 2934 894 2995 hoe
910 2934 977 2995 ideo
998 2933 1089 2995 habet
1110 2935 1390 3019 reprehensionem,
1414 2930 1623 3014 quoniamhaee
1720 2921 1722 2960 l

354 3038 488 3097 delinitio
511 3036 546 3098 ad
571 3041 702 3116 tempora
726 3043 756 3097 et
778 3044 918 3097 accentus
940 3042 1054 3097 tantum
1076 3039 1223 3115 pertinet,
1250 3035 1282 3096 id
1304 3045 1350 3095 est
1371 3036 1533 3115 prosodias.
1565 3035 1623 3092 item
1720 3047 1721 3100 ξ

354 3138 559 3200 barbarismus
585 3146 628 3199 est
655 3139 747 3198 dictio
776 3138 874 3219 aliqua
902 3146 986 3218 parte
1010 3141 1055 3199 sui
1079 3140 1198 3199 vitiosa:
1234 3138 1290 3198 hoc
1313 3138 1351 3197 ad
1374 3138 1580 3197 detractionem
1599 3141 1652 3191 eto

355 3239 551 3302 adiectionem
573 3248 602 3300 et
618 3243 896 3301 transmutationem
912 3249 943 3301 et
958 3242 1194 3302 immutationem
1208 3239 1378 3300 litterarum
1394 3238 1566 3319 syllabarum
1585 3254 1624 3296 ac·

355 3348 494 3403 eentuum
517 3351 683 3423 temporum
700 3344 973 3423 aspirationumque
995 3346 1141 3423 pertinet,
1164 3342 1243 3423 quod
1265 3341 1411 3421 exemplis
1432 3360 1498 3402 mox
1519 3340 1624 3420 prolatis

355 3446 520 3525 apparebit.
565 3446 616 3505 sed
639 3432 812 3525 priusquam
835 3444 870 3505 de
894 3446 1085 3525 metaplasmo
1107 3444 1335 3523 subiungamus‚
1359 3461 1527 3506 ammonere
1547 3440 1623 3501 debe·

355 3566 420 3608 mus
443 3548 522 3608 aliud
545 3566 610 3608 esse
633 3547 866 3617 barbarismum,
891 3547 1058 3608 aliudesse
1081 3547 1301 3609 barbarolexim
1337 3546 1539 3608 barbarismus
1557 3544 1624 3603 enim

356 3649 519 3709 secundum
548 3649 738 3710 delinitiones
766 3652 936 3729 superiores
963 3650 1010 3710 vel
1037 3650 1211 3711 accentibus
1237 3649 1283 3710 rel
1310 3649 1421 3709 litteris
1442 3647 1487 3707 vel
1514 3643 1650 3725 sylflabisu

355 3752 400 3812 vel
423 3751 609 3831 temporibus
631 3751 676 3811 vel
699 3751 931 3833 aspirationibus
953 3759 1069 3832 peceat,
1097 3753 1175 3812 sicut
1197 3770 1265 3811 mox
1286 3750 1383 3830 palam
1405 3753 1472 3821 liet;
1499 3746 1622 3809 barbaros
1720 3747 1722 3753 ’

355 3860 454 3915 autem
476 3853 550 3913 lenis
577 3872 636 3915 uno
665 3854 751 3915 modo
778 3860 892 3914 tantum
920 3854 1117 3931 intellegitur,
1146 3873 1213 3915 eum
1236 3872 1273 3913 ex
1296 3853 1392 3913 aliena
1413 3853 1513 3930 lingua
1532 3854 1560 3911 in
1577 3866 1621 3908 uo

356 3964 451 4017 strum
473 3976 558 4016 usurn
581 3956 678 4036 aliqua
700 3975 769 4036 pars
790 3958 935 4017 orationis
961 3957 1128 4025 inducitur,
1157 3964 1191 4017 ut
1212 3974 1280 4017 cum
1304 3955 1432 4016 dicimus
1453 3956 1556 4015 cateias
1573 3952 1621 4010 uti·

332 4053 413 4137 'que
441 4059 541 4119 hastas
569 4058 731 4128 Gallorrun,
760 4066 939 4119 mastrucam
967 4060 1176 4119 vestimentum
1203 4058 1382 4127 Sardorum,
1413 4056 1533 4134 magalia
1552 4054 1622 4113 liro-

356 4178 423 4220 rum
456 4179 553 4230 casas,
588 4163 724 4222 acinaces
757 4160 871 4237 gladios
903 4160 1065 4221 lledorum.
1110 4178 1189 4221 nune
1220 4159 1406 4239 metaplasmi
1441 4159 1650 4219 definieramus

356 4280 516 4341 ponemus:
541 4262 750 4342 metaplasmus
772 4269 818 4321 est
840 4280 898 4323 una
920 4281 990 4341 pars
1012 4264 1158 4322 orationis
1180 4263 1304 4339 ligurata
1326 4269 1431 4322 contra
1452 4256 1621 4321 consuetudi-

357 4384 424 4425 nem
448 4366 493 4426 vel
516 4373 638 4425 ornatus
660 4364 786 4426 alieuius
809 4382 896 4425 eausa
919 4365 964 4425 rel
986 4366 1075 4425 metri
1097 4366 1274 4424 necessitate
1296 4371 1434 4442 cogente.
1478 4364 1524 4423 hic
1544 4368 1619 4421 meta·

428 4571 440 4621 l
462 4572 552 4636 incipit
568 4586 609 4621 ars
627 4570 758 4623 eonsentii.
781 4584 804 4619 v.
821 4584 843 4622 c.
860 4570 894 4620 de
911 4569 1025 4619 barbaris
1052 4577 1077 4617 et
1100 4568 1271 4635 metaplasmis
1294 4569 1329 4619 Μ
1401 4570 1419 4619 4
1441 4567 1579 4618 conueniunt
1594 4561 1619 4610 dl

358 4642 509 4701 proveniunt
528 4641 690 4691 Buttmaaaua
778 4639 794 4689 8
813 4639 908 4688 habent
926 4640 959 4689 Μ
1044 4639 1077 4691 10
1093 4655 1124 4687 eo
1139 4640 1208 4703 quod
1223 4640 1324 4694 firmum
1338 4638 1384 4689 dii
1399 4641 1424 4688 io
1443 4635 1559 4688 commoni
1574 4646 1618 4681 ser·

358 4723 433 4760 tuone
450 4710 484 4760 M
553 4710 583 4759 13
602 4710 650 4761 hoe
668 4711 725 4760 ideo
746 4711 927 4759 nuntiationem
946 4708 1023 4759 habet
1039 4711 1066 4758 in
1082 4709 1279 4774 reprehensione
1297 4712 1348 4774 qui>
1372 4709 1477 4758 difinitio
1497 4703 1618 4769 lammae

357 4780 475 4843 iamarp.
495 4777 526 4839 li)
547 4780 579 4829 M
649 4781 680 4831 15
696 4790 734 4829 eat
748 4795 793 4828 om.
815 4780 849 4829 Μ
901 4780 932 4830 18
949 4780 1086 4830 admonere
1101 4780 1221 4828 debemus
1239 4780 1360 4829 lectorem
1376 4779 1486 4830 Clemens
1535 4774 1618 4825 iliber-

359 4848 488 4899 baraleaiu
509 4848 540 4896 Μ
605 4850 638 4900 21
658 4849 699 4897 het
717 4849 826 4899 Clemens
843 4849 936 4899 llatM
1007 4850 1041 4899 23
1058 4851 1142 4912 aliqua
1160 4863 1220 4914 pars
1238 4850 1348 4900 Clemens
1365 4849 1521 4914 parsnliqne
1538 4844 1564 4893 Μ
1607 4892 1610 4899 .

359 4918 453 4969 cateias
467 4919 552 4984 utique
569 4928 637 4969 astos
652 4919 761 4969 Clemens
776 4918 878 4971 caelicas
893 4918 979 4969 hastas
993 4921 1078 4985 ntique
1098 4919 1130 4968 M
1197 4918 1231 4969 26
1249 4920 1367 4985 ponimus
1385 4918 1419 4970 Μ
