3525 5600
353 397 414 463 180
491 459 494 466 ,
724 353 727 362 ’
924 399 1077 463 11111111

376 521 398 564 p.
412 511 500 550 rso-ar
513 509 536 550 1.

246 655 250 671 ,
351 598 380 651 et
403 589 452 650 diu
475 591 532 652 hoc
554 590 716 669 quaesitum
746 594 797 648 est.
843 596 987 668 quantum
1009 587 1127 649 videtur
1149 587 1235 649 nohis
1262 587 1299 648 ad
1321 586 1487 667 simplicem
1510 587 1635 650 intellec·

351 700 427 762 tum,
458 693 642 753 accusativus
669 689 792 771 pluralis
821 699 880 760 est,
911 691 964 752 has
986 689 1120 752 familias.
1166 699 1265 752 tamen
1287 693 1312 752 si
1334 708 1437 752 verum
1461 691 1634 760 consideres

350 812 408 856 non
433 802 477 856 est
498 795 691 862 accusativus,
715 792 767 854 sed
791 795 946 872 genetivus
967 793 1126 873 singularis
1148 796 1296 874 antiquus.
1341 794 1418 874 apud
1439 795 1569 855 maiores
1588 812 1635 854 uo·

349 905 427 958 stros
450 899 528 958 enim
551 895 694 976 pleraque
722 897 841 956 uomina
870 897 905 957 ad
933 898 1023 957 ritum
1051 915 1192 976 graecum
1220 895 1455 958 declinabantur.
1501 894 1635 957 hahemus

348 999 427 1078 apud
450 997 621 1060 Sallustium
645 999 862 1060 ‘thesauros
890 998 1083 1060 custodias
1110 1001 1264 1078 regias'.
1307 1002 1347 1060 ita
1369 996 1495 1079 iolcutus
1517 1007 1568 1060 est
1610 1005 1654 1059 eta

349 1102 401 1180 qui
425 1103 481 1162 erit
504 1099 689 1162 intellectus?
713 1099 819 1162 nullus
848 1100 900 1162 sed
922 1100 979 1162 hoc
994 1101 1085 1162 voluit
1106 1100 1216 1172 dicere,
1241 1104 1354 1163 ‘tendit
1368 1101 1510 1163 Lucullus
1524 1102 1634 1162 thesau-

347 1221 397 1263 ros
425 1202 485 1281 τῆς
511 1203 658 1264 custodias
685 1202 743 1284 τῆς
771 1205 897 1282 regias’,
926 1221 1033 1282 graeca
1061 1203 1274 1266 declinatione:
1304 1204 1452 1285 quemad
1475 1203 1636 1265 modumsi

349 1304 429 1366 dieas
452 1304 525 1367 haec
547 1306 644 1375 hlusa,
674 1306 720 1366 lae
743 1304 972 1368 declinationem
994 1325 1147 1385 graecam,
1176 1308 1234 1387 τῆς
1256 1308 1367 1376 llusas;
1390 1305 1489 1368 tabula
1517 1307 1576 1385 τῆς
1595 1311 1634 1365 ta·

348 1405 442 1468 bulas.
488 1408 523 1470 ad
552 1408 763 1469 nominativum
792 1408 885 1487 sigma
914 1407 1027 1470 addunt
1054 1420 1084 1471 ct
1111 1411 1223 1471 iaciunt
1247 1411 1417 1488 genetivum
1451 1407 1635 1486 singularem.

316 1554 319 1561 .
347 1513 390 1570 sio
414 1511 501 1571 etiam
525 1527 593 1572 cum
617 1510 741 1571 dicimus
763 1518 861 1590 pater,
885 1511 1084 1572 nominativus
1106 1520 1159 1573 est.
1204 1513 1251 1573 tac
1279 1513 1368 1574 etiarn
1392 1514 1482 1572 istum
1505 1510 1663 1570 nomina-ro

346 1613 453 1684 tivum,
482 1613 556 1674 haec
583 1612 709 1684 lamilia;
743 1612 827 1673 addis
855 1633 869 1674 s
898 1614 933 1675 ad
962 1616 1050 1676 istum
1079 1615 1305 1685 nominativum,
1334 1622 1365 1674 et
1390 1613 1517 1692 incipies
1544 1611 1634 1672 lacere

346 1715 482 1776 lamilias.
530 1731 600 1794 ergo
627 1717 750 1795 incipiet
770 1718 923 1794 genetivus
945 1715 1102 1794 singularis
1131 1736 1206 1778 esse.
1252 1723 1282 1776 et
1303 1717 1383 1777 unde
1405 1714 1570 1796 probamus
1590 1731 1635 1792 ge-

347 1819 478 1879 netivum
500 1815 681 1896 singularem
705 1819 798 1896 magis
821 1837 902 1889 esse,
926 1837 985 1880 non
1008 1821 1206 1881 accusativum
1228 1817 1392 1899 pluralem?
1415 1838 1454 1881 ue
1470 1819 1547 1879 torte
1562 1815 1635 1876 dicas

347 1925 423 1980 ‘noa
454 1925 499 1980 est
525 1923 678 1998 genetivus
705 1918 862 1998 singularis
888 1921 959 1995 iste,
988 1921 1041 1983 sed
1069 1921 1160 1982 dehet
1187 1941 1253 1983 esse
1281 1923 1465 1982 accusatims
1492 1918 1634 2000 pluralis'.

347 2040 402 2100 ego
426 2021 491 2082 dico
514 2019 568 2082 tihi
590 2041 650 2082 non
674 2039 739 2082 esse
762 2025 976 2092 accusativum,
1003 2023 1055 2084 sed
1077 2031 1192 2084 tantum
1216 2023 1305 2085 modo
1327 2025 1496 2103 genetivum
1518 2030 1663 2102 proptera

346 2125 434 2184 istam
458 2122 685 2184 declinationem
715 2142 862 2201 graecam.
906 2144 975 2186 nam
997 2125 1105 2189 licebat
1126 2127 1288 2188 maioribus
1310 2128 1422 2188 uostris
1444 2128 1500 2186 ista
1522 2125 1635 2184 nomina

347 2227 435 2287 ctiam
464 2243 570 2304 graeca
594 2224 791 2287 declinatione
815 2228 936 2295 elicere,
966 2235 998 2287 at
1020 2227 1135 2290 hahetis
1156 2230 1187 2290 in
1210 2228 1349 2291 Sallustio
1371 2227 1445 2288 illud
1467 2227 1546 2307 quod
1567 2225 1636 2285 diri-

347 2347 427 2398 mus,
457 2327 622 2390 ‘custodias
651 2329 764 2407 regias'
792 2347 848 2410 pro
877 2349 913 2390 eo
939 2329 1017 2410 quod
1046 2338 1091 2391 est
1117 2331 1286 2392 ‘custodiae
1314 2332 1449 2410 regiae',
1475 2337 1509 2388 ut
1534 2330 1577 2388 sic
1602 2329 1637 2387 sit

346 2429 604 2512 patrisfamiliae,
635 2449 723 2510 quem
751 2431 787 2492 ad
816 2432 937 2493 modum
960 2432 1111 2493 custodiae
1138 2435 1253 2512 regiae,
1282 2433 1329 2494 vel
1351 2440 1475 2513 propter
1498 2431 1573 2490 hanc
1594 2447 1636 2489 ra·

348 2533 459 2594 tionem
482 2532 527 2593 vel
550 2541 673 2613 propter
694 2531 782 2593 illud:
818 2536 916 2595 omnia
939 2536 992 2595 ista
1017 2536 1148 2605 nomina,
1172 2553 1248 2613 quae
1270 2541 1505 2615 componuntur,
1529 2532 1565 2592 de
1587 2549 1666 2590 111-11

346 2636 489 2696 minativo
512 2625 546 2696 ‘et
576 2637 714 2714 genetivo
742 2643 819 2696 sunt.
864 2636 1003 2697 trihonus
1026 2637 1165 2698 militum:
1198 2636 1335 2698 tribuous
1360 2635 1479 2715 quando
1507 2635 1636 2702 dicimus,

348 2739 398 2819 qul
422 2741 483 2798 est?
505 2733 712 2823 nominatilvus
735 2746 787 2801 est.
833 2747 955 2802 senatus
977 2740 1159 2802 consultum:
1188 2747 1309 2802 senatus
1330 2741 1382 2821 qui
1404 2740 1467 2801 esti
1489 2739 1637 2817 genetivus

349 2832 403 2900 est.
433 2840 642 2921 iurisperitus
666 2840 805 2903 dicimus:
830 2844 945 2921 peritus
967 2844 1070 2903 cuius?
1092 2843 1175 2904 iuris.
1214 2842 1357 2923 numquid
1381 2842 1507 2903 dicimus
1529 2842 1636 2921 peritus

346 2944 430 3003 iurat
456 2944 553 3003 omnia
577 2942 646 3003 talia
668 2952 746 3005 sunt.
777 2942 1031 3025 tribunusplebis
1053 2944 1186 3005 dicimus.
1209 2936 1336 3025 ‘quando
1358 2944 1485 3005 dicimos
1507 2942 1637 3004 tribuum

347 3043 457 3123 plehlS,
487 3044 625 3106 hibunus
652 3046 849 3106 nominativus
878 3054 938 3117 est,
961 3045 1057 3125 plebis
1079 3048 1233 3124 genetivus
1256 3056 1309 3106 est.
1353 3044 1497 3126 numquid
1519 3044 1669 3104 dicnnuss

348 3144 485 3207 tribunus
507 3145 642 3226 plebem?
678 3165 748 3226 ergo
778 3166 843 3209 cum
872 3156 970 3209 cetera
993 3147 1062 3209 talia
1084 3150 1204 3209 nomina
1226 3149 1257 3207 in
1279 3150 1473 3209 conexionem
1497 3146 1637 3207 venientia
1705 3139 1706 3212 J

348 3266 406 3309 non
434 3250 549 3328 possint
576 3247 665 3311 alium
694 3248 805 3311 hahere
834 3250 891 3311 nisi
917 3251 1099 3328 genetivum,
1134 3268 1227 3330 quare
1254 3269 1315 3311 non
1344 3268 1501 3331 possumus
1528 3255 1558 3309 et
1582 3248 1638 3307 hoc

347 3350 447 3411 dicere
471 3370 535 3413 esse
557 3352 747 3430 genetivum?
781 3358 831 3411 aut
853 3360 935 3412 certe
958 3350 994 3412 da
1016 3352 1088 3413 mihi
1111 3352 1308 3414 elocutionem
1331 3353 1368 3414 de
1389 3352 1554 3415 accusativo
1573 3349 1636 3429 plu·

347 3452 410 3513 vali.
456 3450 511 3513 hoc
539 3471 609 3531 ergo
632 3455 726 3531 magis
747 3455 831 3533 sequi
853 3452 1013 3525 dehemus,
1037 3456 1177 3534 quoniam
1200 3463 1280 3516 extat
1302 3454 1480 3534 exemplum.
1525 3450 1636 3514 118111-

346 3552 432 3615 lustio
456 3561 547 3623 extat,
570 3554 622 3615 uhi
645 3557 732 3617 etiarn
754 3557 786 3616 in
808 3554 944 3617 collativo
967 3574 1025 3616 non
1042 3559 1099 3617 nisi
1113 3558 1282 3637 genetivum
1303 3558 1498 3619 inveniamus.
1528 3555 1670 3615 1111111111

346 3656 425 3717 hunc
447 3656 616 3735 genetivum
639 3655 739 3718 dicere
761 3657 913 3719 dehemus.

227 3770 333 3833 43128
432 3758 508 3819 llicit
536 3776 599 3818 rem
622 3758 755 3819 stultam:
785 3760 907 3840 ‘plane’
937 3762 978 3823 ait
998 3760 1169 3823 ‘sciendum
1192 3769 1237 3823 est
1263 3762 1383 3822 nomina
1406 3761 1557 3840 conposita
1578 3776 1636 3818 non

347 3880 436 3941 posse
460 3863 616 3940 conponi'.
646 3870 675 3922 et
697 3864 832 3943 superius
854 3862 928 3923 dixit
948 3862 1041 3925 licere
1062 3862 1149 3923 nohis
1170 3864 1289 3925 nomina
1313 3865 1351 3924 de
1373 3861 1507 3943 plurihus
1529 3878 1636 3940 conpo-

347 3998 493 4007 ..—-—-
499 3998 531 4003 ...-

416 4050 432 4099 2
450 4057 488 4098 est
504 4064 549 4100 om.
567 4049 599 4111 A,
615 4049 709 4103 adda
761 4048 778 4099 5
794 4051 863 4114 apud
881 4048 1041 4119 Sallustium]
1060 4050 1160 4105 Charis.
1179 4070 1205 4117 p.
1223 4052 1281 4113 107,
1301 4052 1331 4104 tl
1352 4065 1428 4114 quam
1446 4050 1635 4101 declinationem

284 4118 287 4125 '
346 4128 370 4169 et
386 4118 521 4170 Sallustius
539 4120 564 4167 in
586 4120 616 4169 111
633 4128 734 4169 secutus
750 4120 785 4170 ait
805 4120 924 4170 ‘castella
946 4122 1076 4173 custodias
1091 4122 1266 4172 thesaurorum
1281 4123 1307 4171 iu
1329 4122 1482 4172 deditionem
1497 4120 1637 4185 acciperen-

346 4191 404 4249 tuv',
418 4192 490 4240 Seru.
504 4192 528 4239 ia
540 4191 619 4255 Verg.
629 4190 693 4243 Aen,
702 4188 737 4237 111
751 4189 801 4241 801
815 4191 953 4241 sectandum
970 4191 1117 4241 Sallustium
1131 4194 1156 4242 in
1172 4193 1219 4241 llll
1231 4192 1404 4253 historiarum,
1418 4192 1461 4255 qui
1474 4191 1510 4240 ait
1522 4189 1638 4239 ‘castella

346 4252 476 4310 custodias
500 4257 691 4309 thesaurorum’
716 4274 761 4325 pro
784 4260 924 4315 custodiae.
955 4263 991 4311 ita
1018 4263 1085 4311 enim
1107 4264 1182 4312 etism
1207 4265 1291 4328 Asper
1313 4263 1437 4329 intellegit
1506 4261 1637 4309 thesauros

347 4330 475 4381 custodias
493 4330 518 4377 A
589 4328 605 4379 a
623 4329 756 4381 thesauros
773 4330 830 4381 thes
849 4330 923 4395 (theo
939 4329 966 4395 e)
987 4333 1115 4383 custodias
1133 4332 1190 4382 tlaes
1208 4330 1279 4397 (thee
1293 4332 1321 4397 e)
1340 4335 1423 4397 regias
1442 4330 1494 4380 BG
1509 4331 1637 4381 thesauros

348 4398 403 4465 (the
422 4400 484 4453 add.
500 4397 545 4463 α*)
562 4400 690 4449 costodiae
708 4400 763 4463 (the
782 4402 843 4455 aad.
858 4399 906 4465 a*)
921 4403 1008 4468 regias
1023 4403 1046 4451 A
1117 4404 1132 4451 7
1148 4417 1265 4468 graecam
1282 4402 1478 4452 declinationem
1491 4400 1570 4450 ABG

348 4470 365 4519 8
382 4470 438 4520 thes
457 4485 544 4521 musas
563 4470 651 4521 tabula
663 4470 718 4520 thes
736 4472 834 4521 tabulas
851 4471 902 4520 BC
919 4471 961 4522 the
975 4487 1062 4522 musas
1080 4472 1165 4521 tabula
1184 4471 1227 4521 the
1242 4472 1340 4522 tabulas
1354 4472 1380 4520 A
1452 4468 1485 4521 10
1498 4486 1552 4519 com
1568 4469 1638 4517 dica·

349 4554 405 4589 mns
419 4554 487 4591 corr.
506 4556 562 4591 cum
578 4542 687 4591 dicimus
698 4542 735 4593 B:
753 4558 808 4591 eum
826 4543 942 4592 dicamus
960 4552 1031 4608 pater
1047 4558 1104 4592 cum
1120 4544 1236 4593 dicamus
1252 4543 1278 4592 A
1331 4542 1364 4592 ta
1380 4557 1442 4607 ergo
1458 4541 1559 4605 incipiet
1573 4538 1638 4586 Bc«

347 4623 409 4674 ergo
430 4610 517 4675 incipit
535 4610 560 4659 A
634 4612 665 4663 15
688 4627 737 4677 ego
758 4612 813 4661 dieo
835 4611 929 4676 Atho
949 4628 997 4677 ego
1020 4623 1103 4662 alitem
1123 4614 1179 4663 dico
1196 4612 1222 4663 Β
1241 4626 1303 4677 ergo
1327 4612 1384 4661 dieo
1402 4608 1436 4661 a*
1509 4610 1540 4660 18
1557 4618 1581 4657 ut
1598 4610 1638 4655 sic

347 4680 380 4728 sit
398 4704 429 4713 -
448 4681 535 4743 regiae
551 4696 596 4730 om.
616 4681 650 4741 A,
669 4682 730 4730 add.
750 4698 766 4731 a
837 4684 869 4732 25
887 4682 969 4746 plebis
986 4685 1121 4748 genetivus
1137 4692 1175 4735 est
1193 4698 1238 4732 om.
1255 4683 1289 4737 A,
1302 4682 1364 4731 add.
1382 4698 1398 4731 a
1468 4681 1572 4731 161111
1588 4693 1636 4725 om.

347 4749 381 4809 A,
399 4748 460 4800 add.
475 4764 492 4797 a
561 4760 643 4799 cetera
661 4750 710 4800 alis
729 4750 811 4801 ABG
879 4751 914 4803 29
931 4750 980 4801 hoc
995 4754 1069 4816 sequi
1084 4754 1167 4818 magis
1186 4754 1309 4802 dehemus
1327 4751 1352 4801 B
1421 4751 1539 4813 qnoniam
1555 4755 1639 4796 exstat

347 4816 411 4937 Ipa*
431 4816 551 4882 quoniam
571 4829 619 4869 stat
637 4820 659 4867 A
729 4820 804 4871 3111
825 4819 944 4872 collatino
960 4820 1033 4873 nea
1051 4823 1187 4873 incolatiuo
1203 4824 1229 4873 A
1247 4824 1271 4873 io
1290 4822 1424 4871 collection
1442 4835 1465 4875 c.
1478 4822 1589 4883 sortasse
1610 4818 1637 4864 lu

346 4906 359 4939 e
371 4890 489 4938 acutione
