3525 5600
316 335 376 398 100
881 335 1034 398 POblPEll

339 457 360 497 p.
375 443 485 482 11—1311.

313 522 430 584 litterae
459 531 526 584 suot
552 525 696 602 quinque,
725 543 741 584 a
765 541 780 583 e
802 524 813 582 i
835 542 852 582 o
876 542 909 583 u:
944 524 1018 584 istae
1047 525 1177 602 quinque
1205 521 1321 584 vocales
1348 529 1427 584 eunt.
1472 520 1614 599 reliquae

312 627 370 687 iam
400 635 595 687 consonantes
621 631 701 685 sunt.
746 624 796 686 sed
826 626 907 704 ipsae
936 633 1134 686 consonantes
1160 627 1230 686 item
1259 627 1289 685 in
1318 624 1390 685 duas
1412 631 1513 703 partes
1538 621 1615 682 divi-

313 728 437 798 duntur,
461 731 491 788 in
513 727 702 788 semivocales
725 735 754 788 et
775 735 880 788 mutas.
917 726 1108 788 semivocales
1130 733 1198 787 suut
1219 734 1349 806 septem,
1378 726 1392 788 l
1404 725 1414 786 l
1430 745 1459 785 m
1475 741 1495 784 u
1511 743 1528 784 r
1545 743 1561 782 s
1577 742 1613 788 xz

270 811 278 840 '
312 839 410 890 mutae
430 839 498 890 sunt
518 848 638 898 novem,
660 828 955 908 bcdghlrpqt.
986 829 1139 890 videamus
1160 829 1198 888 de
1220 826 1276 890 illis
1300 827 1449 888 vocabulis
1470 824 1613 904 singulis.

215 929 301 1020 42¹3ss
399 931 520 991 vocales
552 931 647 992 dictae
682 941 752 990 sunt
783 950 817 990 ca
845 933 977 1000 ratione,
1012 934 1151 1009 quoniam
1179 949 1234 1008 per
1261 948 1293 990 se
1321 947 1423 990 vocem
1451 927 1639 1008 impleants
1714 979 1715 982 ,

197 997 255 1056 ⁵¹⁹¹
270 1000 383 1112 29ιριίι]
407 1041 450 1093 est
472 1053 526 1112 per
547 1035 597 1094 sel
631 1042 749 1094 ceterae
770 1032 887 1094 litterae
910 1051 968 1093 non
992 1031 1077 1092 aliter
1101 1033 1269 1110 exprimunt
1290 1050 1394 1092 sonum
1417 1049 1519 1098 suum,
1553 1029 1614 1090 nisi

311 1137 433 1212 iungant
447 1135 503 1201 sibi
519 1135 662 1196 vocalium
679 1140 778 1196 sonos.
808 1133 925 1214 quaudo
948 1134 1014 1195 dico
1038 1132 1070 1204 h,
1095 1153 1154 1195 non
1177 1128 1262 1194 aliter
1284 1152 1389 1195 sonum
1413 1133 1495 1194 illum
1519 1149 1612 1192 suum

310 1236 477 1297 naturalem
501 1239 654 1315 exprimit,
684 1237 741 1296 nisi
769 1239 899 1298 iunctam
923 1236 1060 1298 babuerit
1081 1235 1222 1298 vocalem.
1267 1255 1283 1296 c
1307 1254 1367 1295 non
1389 1236 1474 1296 aliter
1497 1252 1611 1295 sonum

309 1337 392 1399 illum
418 1337 583 1398 naturalem
606 1340 759 1418 exprimit,
784 1340 842 1398 nisi
863 1340 994 1399 iunctam
1017 1336 1123 1399 babeat
1145 1337 1284 1399 vocalem.
1317 1335 1450 1398 similiter
1467 1343 1497 1396 et
1521 1336 1611 1396 lnon

311 1440 396 1500 aliter
418 1439 536 1501 dieitur.
575 1440 718 1501 stridores
741 1448 770 1502 et
791 1439 905 1500 dimidii
928 1442 1007 1506 soni,
1032 1441 1088 1500 nisi
1111 1438 1269 1518 praecedat
1291 1438 1348 1499 illis
1371 1437 1479 1498 vocalis
1502 1455 1649 1506 souus,1o

310 1560 368 1601 non
391 1549 524 1620 possunt
546 1543 630 1602 aliter
654 1543 788 1621 exprimi.
834 1561 907 1620 ergo
930 1542 1011 1602 vides
1033 1543 1172 1620 quoniam
1201 1539 1275 1602 aliae
1297 1557 1351 1618 per
1373 1557 1405 1599 se
1429 1558 1486 1599 noo
1512 1538 1612 1617 expli·

310 1650 378 1702 cant
406 1661 527 1714 sonum,
556 1645 613 1704 nisi
640 1646 749 1704 iuuetis
776 1644 934 1705 vocalibus.
978 1646 1060 1723 ipsae
1088 1651 1185 1704 autem
1213 1641 1328 1703 vocales
1356 1640 1465 1702 nullius
1486 1641 1611 1701 litterae

310 1744 418 1805 auxilio
447 1753 548 1822 egent,
577 1745 629 1806 scd
657 1765 712 1826 per
734 1764 766 1806 se
795 1745 920 1825 implent
940 1765 1057 1816 vocem,
1088 1756 1120 1806 ut
1142 1747 1166 1806 si
1189 1744 1269 1806 dicas
1292 1763 1308 1804 a
1331 1762 1347 1804 e
1369 1745 1379 1803 i
1402 1763 1420 1803 o
1441 1761 1475 1812 u,
1501 1761 1611 1804 omnes

309 1867 417 1926 perse
440 1848 653 1926 exprimuntur.
700 1866 771 1926 ergo
799 1848 867 1909 ideo
895 1847 991 1908 dictae
1018 1856 1087 1908 sunt
1114 1846 1245 1918 vocales,
1275 1848 1343 1926 quia
1372 1855 1401 1906 et
1424 1864 1527 1906 vocem
1551 1863 1610 1924 per

309 1932 467 2010 solariunt
482 1959 512 2008 et
532 1951 596 2010 aliis
620 1967 720 2009 vocem
742 1957 902 2028 praestant.
933 1969 1000 2010 nam
1017 1968 1076 2011 non
1099 1951 1195 2010 solum
1210 1951 1297 2028 ipsae¹
1308 1949 1476 2027 exprimunt
1499 1963 1607 2007 rocem
1623 1965 1645 2004 u

309 2069 406 2118 snam,
430 2051 481 2111 scd
498 2053 584 2111 etiam
600 2050 664 2111 aliis
679 2052 910 2111 consonantibus
930 2052 1042 2112 addunt
1063 2069 1174 2112 vocem.
1205 2059 1251 2112 est
1271 2050 1325 2112 alia
1348 2052 1423 2110 ratio
1445 2029 1606 2118 vocalium,

309 2155 377 2230 quia
399 2153 478 2213 solae
501 2157 614 2232 positae
637 2151 778 2232 syllabam
802 2154 920 2213 iaciunt.
953 2153 1031 2213 nulla
1055 2153 1109 2214 alia
1134 2154 1231 2214 littera
1255 2151 1314 2213 sola
1338 2153 1433 2231 posita
1456 2151 1605 2231 syllabam

307 2256 384 2316 lacit.
431 2265 500 2336 puta
523 2257 535 2315 l
555 2273 647 2334 pone,
671 2255 742 2315 tolle
764 2255 910 2324 vocalem,
935 2262 964 2316 et
987 2255 1057 2316 nibil
1081 2263 1180 2315 sonat:
1212 2274 1226 2316 r
1249 2272 1343 2334 poue,
1368 2253 1437 2314 tolle
1460 2254 1604 2322 vocalem,

308 2364 338 2416 et
365 2376 422 2418 non
452 2365 550 2425 sonat;
581 2365 610 2418 et
639 2369 754 2417 ceterae
783 2358 822 2416 ita
851 2376 883 2418 se
911 2359 1011 2437 utique
1039 2356 1156 2418 babent.
1201 2375 1331 2436 apone,
1361 2363 1391 2416 et
1412 2357 1470 2416 iam
1493 2374 1548 2434 per
1571 2373 1606 2414 sc

307 2459 394 2538 plena
418 2468 476 2531 est,
499 2479 554 2539 per
577 2478 609 2520 se
631 2461 770 2538 exprimit
791 2477 897 2520 sonum
922 2469 950 2520 et
973 2479 1026 2538 per
1048 2478 1080 2519 se
1102 2457 1243 2538 syllabam
1272 2457 1355 2527 lacit,
1385 2466 1417 2518 ut
1438 2459 1472 2518 ‘a
1494 2459 1603 2534 virgo
1617 2477 1642 2515 ao

306 2559 474 2620 inlelix’:
512 2579 530 2620 o
564 2581 658 2640 poue,
692 2570 720 2620 ct
753 2578 808 2639 per
840 2579 873 2622 se
902 2560 987 2641 plena
1017 2569 1074 2628 est,
1103 2569 1136 2622 ut
1163 2563 1197 2620 ‘o
1234 2567 1365 2640 torque
1393 2567 1603 2638 quaterque

308 2660 441 2721 boati':
471 2663 481 2721 i
509 2681 588 2741 poue
617 2671 645 2722 et
674 2682 728 2742 per
755 2682 787 2722 se
815 2661 933 2742 plenam
957 2663 1047 2722 elficit
1069 2681 1185 2730 vocem,
1215 2661 1242 2720 ‘i
1269 2679 1426 2740 sequere
1454 2659 1602 2719 ltaliam

307 2765 457 2825 ventis’.
494 2783 566 2842 ergo
589 2766 670 2843 ipsae
692 2764 809 2825 vocales
831 2763 912 2825 solae
935 2763 1076 2845 syllabam
1100 2765 1218 2824 l'aciuut.
1237 2757 1240 2841 l
1258 2761 1367 2841 duplici
1391 2780 1463 2841 ergo
1485 2763 1603 2823 ratione

307 2866 402 2926 dictae
431 2872 499 2925 sunt
527 2866 657 2938 vocales,
686 2874 736 2927 aut
763 2869 831 2946 quia
858 2886 913 2945 per
941 2886 973 2927 se
1001 2874 1120 2937 sonant,
1145 2874 1194 2927 aut
1216 2868 1283 2947 quia
1306 2865 1387 2927 solae
1409 2868 1522 2944 positae
1544 2883 1602 2944 pro

307 2968 426 3045 syllabis
448 2943 604 3028 llabentur.
1115 2954 1121 2974 ⁸
1614 2990 1639 3029 as

210 3074 298 3132 4‘tt,8
395 3072 600 3130 tlonsonaotes
622 3077 720 3131 tamen
743 3069 875 3150 reliquae
897 3068 964 3130 illae
988 3089 1021 3130 ea
1044 3072 1159 3131 ratione
1180 3070 1276 3131 dictae
1300 3077 1369 3149 suut
1391 3074 1602 3143 consonante-e,

211 3143 388 3249 5²⁰'3quod
419 3188 477 3229 uon
505 3180 627 3241 sonant,
656 3171 708 3231 scd
736 3180 914 3239 consonant,
943 3172 973 3231 id
1003 3172 1146 3249 estquod
1169 3172 1249 3232 solae
1272 3173 1383 3250 positae
1407 3190 1465 3231 non
1490 3170 1602 3231 babent

306 3271 427 3351 plenum
457 3291 577 3342 sonum,
606 3273 658 3332 sed
689 3292 755 3333 eum
784 3274 932 3334 vocalibus
960 3276 1076 3335 iunctae
1104 3276 1303 3355 proferuntur.
1351 3280 1382 3332 ut
1408 3274 1433 3332 si
1461 3272 1542 3332 dicas
1569 3272 1600 3339 b,
1639 3308 1643 3315 ·

252 3390 256 3398 ·
306 3373 378 3433 tollo
400 3374 470 3434 iude
492 3394 523 3444 e,
553 3382 582 3433 et
610 3384 753 3437 mutatum
781 3384 826 3436 est
853 3386 882 3437 et
910 3395 967 3437 non
991 3376 1081 3436 babet
1102 3376 1222 3455 plenum
1245 3394 1383 3436 sonunt·
1404 3383 1433 3434 et
1457 3374 1531 3433 bene
1555 3374 1601 3433 di·

307 3484 415 3535 cuntur
437 3482 648 3551 corisonantes,
672 3478 750 3555 quod
775 3478 834 3538 duo
857 3479 923 3539 soni
946 3478 1033 3539 simul
1056 3486 1172 3540 sonant.
1614 3498 1637 3539 ao

307 3629 389 3636 —0

378 3714 391 3764 1
415 3715 515 3765 uocales
540 3725 598 3765 suut
619 3715 731 3779 reliquae.
750 3716 799 3764 iam
819 3725 987 3767 consonantes
1007 3726 1066 3766 sunt
1089 3716 1133 3766 sed
1153 3718 1224 3781 ipsae
1249 3725 1417 3767 consonantes
1434 3716 1492 3763 item
1509 3714 1533 3764 L
1553 3731 1600 3763 uo·

308 3784 376 3833 cales
395 3795 453 3832 sunt
471 3801 559 3835 omues
578 3795 635 3834 rtem
655 3786 738 3836 Aac
806 3788 821 3834 'l
841 3788 989 3835 dissiduntur
1004 3796 1173 3836 consonantes
1192 3790 1216 3835 iu
1237 3786 1260 3835 B
1331 3781 1502 3851 dvocabulis]
1522 3800 1598 3835 uoca-

308 3854 374 3903 llboe
391 3854 416 3901 A
425 3854 506 3903 BGL
593 3855 707 3905 Servon
730 3855 853 3905 aliter-
872 3856 963 3905 habeat
987 3856 1097 3905 vocalem
1117 3873 1163 3909 om.
1184 3857 1252 3917 AL,
1271 3857 1332 3909 odd.
1355 3874 1370 3902 n
1389 3859 1414 3906 t'n
1430 3871 1499 3919 rvrurp
1581 3854 1598 3905 9

307 3926 422 3973 sinviliter
441 3935 465 3973 et
486 3924 498 3973 l
520 3940 567 3974 ooo
580 3926 659 3987 ,aliter
678 3942 717 3989 per
739 3928 873 3976 stridorem
893 3930 1018 3989 querulam
1039 3927 1147 3975 demedri
1174 3942 1251 3975 coatras
1271 3928 1317 3975 nisi
1338 3928 1469 3990 praecedat
1492 3924 1533 3973 tue
1552 3940 1597 3973 un-

307 3998 371 4042 cabs
389 4010 468 4045 sarnus
487 4010 547 4060 ergo
566 3996 638 4045 uides
659 3996 682 4043 t
754 3997 787 4046 lu
808 3997 908 4044 dimidii
928 4011 1007 4045 soum
1027 3997 1072 4044 nisi
1094 3996 1245 4061 praecedunt
1264 3997 1313 4046 illis
1334 3998 1429 4045 uocalis
1448 4010 1526 4043 seruus
1548 4008 1596 4043 raon

307 4078 414 4128 possunt
432 4071 531 4128 (petest
543 4064 577 4123 Β)
594 4065 618 4113 al
630 4080 666 4115 ter
680 4068 787 4131 exprimi
803 4065 853 4116 BC
869 4068 968 4115 demedi
984 4064 1138 4128 teintona)
1156 4074 1234 4117 solane
1253 4068 1302 4115 nisi
1318 4068 1467 4130 praecedent
1485 4075 1555 4127 q-ant
1568 4064 1598 4126 n)

308 4135 347 4182 illi
366 4136 466 4184 uocales
484 4135 549 4197 tellis
568 4137 662 4186 uocalis
679 4148 709 4195 α)
730 4150 809 4185 corvus
828 4150 876 4184 nun
898 4146 980 4199 potest
998 4138 1119 4202 (possunt
1137 4144 1165 4195 ot
1185 4139 1257 4186 aliter
1276 4138 1383 4199 exprimi
1403 4138 1428 4186 Α
1500 4134 1532 4185 13
1554 4149 1599 4199 per

308 4221 336 4252 se
354 4208 532 4269 exprimuntur
550 4216 575 4255 et
595 4208 690 4271 inplet-t
705 4220 791 4256 uorem
811 4208 834 4256 L
898 4208 929 4258 la
947 4209 1017 4273 ips-re
1035 4208 1178 4273 exprimunt
1194 4208 1249 4257 tsed
1269 4208 1329 4257 odd.
1348 4207 1384 4263 L)
1402 4222 1446 4271 per
1464 4220 1598 4255 senticem

309 4274 364 4323 Aa
434 4277 468 4323 ’λιι
484 4289 529 4338 per
551 4290 579 4324 se
597 4277 722 4338 exprimet
741 4291 832 4325 sonum
851 4285 875 4325 et
892 4293 938 4342 per
958 4294 986 4326 se
1005 4279 1117 4327 sitiebam
1138 4278 1199 4327 larit
1217 4286 1244 4325 ut
1260 4290 1275 4325 a
1295 4278 1369 4343 uirgo
1388 4276 1478 4325 iulelix
1497 4289 1512 4323 o
1532 4289 1598 4339 pone

309 4356 333 4393 et
352 4361 397 4409 per
416 4360 443 4392 se
463 4345 537 4409 plena
556 4355 594 4394 est
613 4358 639 4394 ιιι
653 4359 757 4408 sacerque
777 4357 944 4411 quatttvorqne.
965 4350 1030 4398 tveati
1050 4363 1066 4396 ιι
1086 4362 1150 4412 poue
1170 4345 1194 4395 L
1214 4362 1258 4411 per
1278 4362 1305 4395 se
1322 4348 1442 4413 exprimit
1461 4348 1598 4410 (exprimet

308 4414 379 4478 Ab)
402 4430 491 4463 sonum
510 4430 524 4463 n
547 4431 621 4481 uirgo
646 4416 734 4464 infelix
754 4417 793 4479 (io
815 4417 851 4477 A)
871 4434 886 4467 o
911 4428 997 4481 terque
1020 4424 1050 4477 (o
1070 4430 1139 4481 uterq
1160 4434 1173 4467 e
1194 4416 1227 4476 B)
1250 4426 1388 4480 quaterque
1406 4418 1414 4464 i
1433 4430 1498 4481 pone
1515 4414 1601 4464 Aac

377 4500 391 4531 a
416 4490 487 4550 virgo
521 4487 590 4550 Verp
620 4485 701 4537 bercol.
720 4486 750 4545 ll,
771 4487 804 4535 47
876 4486 907 4536 21
927 4504 942 4535 o
960 4483 1057 4553 terque]
1085 4490 1163 4551 Verp.
1182 4486 1245 4535 Aen,
1270 4489 1328 4537 illd
1399 4482 1594 4549 ddisequere]

313 4552 391 4615 Verp.
411 4555 476 4604 Aen.
498 4556 540 4603 llll
558 4556 606 4605 aul
662 4554 694 4605 '23
709 4565 798 4605 uentos
814 4556 837 4603 A
892 4556 988 4604 larciunt
1005 4558 1101 4623 doptlcl
1122 4572 1182 4621 ergo
1200 4557 1298 4605 ratione
1318 4558 1399 4605 dictae
1418 4568 1474 4606 sum
1495 4556 1597 4605 uoales

309 4623 422 4681 (uocales
445 4628 526 4673 «lictae
550 4637 608 4675 arant
627 4626 662 4683 A)
682 4638 723 4674 aut
745 4628 804 4689 quia
823 4628 879 4675 AL
898 4624 992 4674 sariunt
1015 4627 1070 4675 ideo
1092 4629 1173 4674 dvenae
1193 4636 1251 4675 sum
1270 4628 1370 4676 uorale-
1387 4627 1480 4692 duplici
1500 4627 1598 4675 ratione

309 4694 411 4741 uocales
426 4694 506 4742 dictae
525 4708 583 4743 saun
595 4696 663 4758 quod
682 4711 728 4762 per
744 4712 772 4745 se
790 4706 882 4744 sonant
902 4698 927 4743 id
946 4708 983 4745 est
1001 4697 1057 4745 sine
1071 4698 1166 4746 arixilio
1186 4698 1295 4746 alieuius
1312 4698 1375 4746 aliae
1395 4712 1441 4761 per
1458 4714 1485 4745 se
1504 4710 1596 4745 eotrnm

309 4776 358 4812 non
375 4763 478 4825 impleut
496 4779 557 4828 ergo
577 4766 677 4815 ivocales
698 4768 781 4815 dictae
801 4774 859 4814 sunt
881 4774 925 4814 aut
950 4781 1006 4827 quur
1032 4766 1083 4817 Bc
1156 4768 1187 4814 27
1206 4767 1274 4815 solae
1295 4770 1392 4831 positae
1409 4766 1525 4816 sillabam
1545 4780 1595 4817 non

309 4832 405 4886 tactum
421 4849 500 4899 oeque
518 4834 610 4885 babent
627 4838 728 4903 plenum
746 4851 836 4885 exartum
859 4836 881 4886 L
952 4834 985 4887 30
1004 4836 1071 4901 quod
1090 4836 1189 4887 duobus
1207 4838 1278 4887 sortis
1296 4836 1371 4887 simul
1391 4844 1481 4887 sonant
1500 4836 1524 4891 L
