3525 5600
639 399 875 483 connnbrvn
1164 433 1168 440 ·
1346 418 1406 484 115

1234 540 1254 582 p.
1267 530 1345 569 eli—44
1358 528 1381 570 L.

134 608 203 668 tides
222 609 302 687 quia,
331 627 388 688 qua
415 617 479 668 arte
506 607 673 686 colligimus
701 608 838 678 brevem,
869 609 1057 670 econtrario
1087 627 1120 668 εε
1148 615 1211 668 arte
1240 607 1407 688 colligimus

133 712 243 789 longam
285 709 405 790 quaudo
427 709 481 770 tibi
502 711 654 790 protertur
674 709 801 789 syllaba,
830 709 885 771 has
912 729 962 771 res
989 717 1128 788 quattuor
1151 728 1275 790 quaere:
1298 713 1406 771 sinon

133 814 241 881 luerint,
262 811 361 872 brevis
384 821 444 880 est:
467 814 493 872 si
512 813 517 890 Ι
536 813 661 881 luerint,
684 810 772 890 longa
795 820 848 874 est
879 831 1007 894 namque
1030 832 1047 874 e
1069 815 1220 874 contrario
1242 813 1405 882 considera,

134 923 157 974 et
174 914 249 974 rides
276 915 319 974 sic
347 932 412 975 esse
439 912 553 992 longas:
597 922 668 994 puta
698 913 753 976 nos
775 933 791 976 a
818 914 912 976 vocali
939 915 1027 994 longa
1054 914 1187 986 inchoat;
1216 915 1327 976 idcirco
1355 913 1409 976 dos

115 1035 184 1077 anon
203 1033 356 1096 possumus
378 1014 479 1076 dicere
500 1014 621 1078 brevem
649 1035 724 1077 esse.
770 1035 841 1095 ergo
869 1017 978 1078 'vocalis
1000 1015 1086 1096 longa
1110 1025 1168 1088 est,
1199 1025 1228 1078 et
1254 1015 1341 1095 longa
1364 1026 1409 1076 est

133 1117 237 1198 syllaba,
254 1119 393 1195 quoniam
408 1117 518 1179 vocalis
539 1117 629 1197 longa
645 1128 698 1179 est.
723 1117 793 1197 quid
814 1120 840 1179 si
860 1118 959 1180 brevis
981 1119 1073 1180 luerit
1094 1127 1123 1179 et
1145 1129 1310 1196 sequuntur
1333 1119 1407 1178 (luae

134 1222 330 1282 consonantes!
354 1228 386 1281 ut
408 1228 480 1301 puta
495 1232 575 1300 post:
598 1219 753 1298 oquitlem
775 1219 874 1281 brevis
897 1229 955 1292 cst,
980 1221 1031 1282 sed
1054 1223 1188 1300 sequitur
1210 1242 1223 1281 s
1245 1229 1274 1283 et
1296 1230 1316 1292 t,
1334 1221 1409 1281 duae

134 1329 323 1391 consonantes,
337 1333 367 1383 et
380 1323 499 1402 longam
514 1323 659 1383 lecerunt.
681 1322 790 1402 quidsi
806 1315 888 1384 clica's
909 1325 978 1402 pixl
1001 1325 1012 1384 i
1033 1323 1152 1403 quidem
1169 1323 1267 1384 brevis
1287 1331 1340 1394 est,
1357 1323 1408 1382 sod

135 1427 285 1504 seqnitnrx
302 1433 333 1485 et
346 1423 467 1504 longam
481 1425 561 1485 lecit.
583 1423 696 1505 quidsi
711 1424 793 1486 dicas
808 1426 873 1485 aiol
889 1445 905 1500 a
921 1424 1040 1503 quidem
1055 1423 1155 1487 brevis
1176 1433 1227 1496 est,
1244 1425 1295 1486 scd
1311 1427 1409 1504 sequi·

108 1528 197 1586 ouri
216 1527 292 1587 inter
307 1525 381 1587 duas
401 1525 519 1588 vocales
540 1528 699 1588 constituta
722 1535 753 1587 et
774 1525 891 1606 longam
914 1527 994 1590 lecit.
1024 1545 1095 1606 ergo
1119 1529 1196 1588 scire
1219 1527 1310 1588 (lebes
1333 1528 1409 1606 qula,

135 1628 227 1709 quibus
240 1628 330 1689 rebus
345 1628 585 1708 contingentibus
604 1626 710 1708 longae
725 1629 841 1699 fiuntc
862 1632 1013 1692 contrario
1036 1629 1141 1690 breves
1162 1637 1247 1709 potes
1269 1631 1411 1692 iuvenire.

205 1731 293 1792 Plane
314 1731 393 1792 scire
415 1729 507 1792 (lebes
534 1730 735 1810 diphthongos
764 1729 867 1811 longas
895 1751 968 1794 esse.
1014 1739 1082 1792 sunt
1110 1741 1207 1792 autem
1230 1732 1307 1812 apud
1331 1729 1409 1791 Lati·
1422 1746 1482 1807 423,
1496 1747 1528 1794 uu

134 1852 181 1893 nos
199 1839 333 1912 quattuor
354 1834 495 1902 usitatae;
517 1851 586 1894 narn
603 1851 661 1895 uua
675 1835 779 1913 periit:
804 1851 849 1904 ae,
872 1837 995 1904 Aeneas,
1019 1853 1070 1904 oe,
1093 1853 1200 1914 poena,
1226 1853 1278 1905 au,
1295 1851 1408 1902 aurum,

134 1955 177 2005 εε,
202 1943 233 1995 ει
253 1943 298 1995 est
318 1934 425 1996 Eurus.
469 1937 545 1996 istae
568 1943 638 1996 suut
658 1937 799 2004 usitatae;
822 1953 880 1997 una
905 1945 949 1997 est
971 1937 998 1996 ei
1026 1953 1101 2014 quae
1123 1938 1220 2016 periit.
1245 1938 1410 2016 quaesitum

106 2049 125 2088 1⁵
135 2047 174 2098 est
191 2039 281 2106 enim,
304 2055 394 2116 quern
410 2036 446 2098 ad
461 2037 581 2099 motum
598 2037 747 2099 scribatur
761 2040 830 2098 itur.
861 2039 902 2098 ait
916 2039 1114 2101 Terentianus
1128 2058 1183 2118 per
1199 2057 1215 2098 e
1231 2046 1260 2100 ει
1275 2040 1285 2098 1
1300 2037 1412 2098 debere

136 2138 228 2207 scribi,
250 2139 369 2199 ‘citur
391 2141 429 2200 in
450 2141 641 2217 antiquam
663 2138 822 2211 silvam',
851 2139 991 2220 quoniam
1014 2141 1160 2220 originem
1182 2139 1272 2202 habet
1288 2159 1304 2200 a
1319 2137 1412 2200 verbo

137 2242 198 2301 eois
222 2238 353 2320 [quando
372 2242 530 2302 transitio
552 2243 718 2321 perlectum
738 2251 869 2322 tempus,
894 2241 984 2302 debet
998 2243 1094 2321 ipsam
1112 2240 1253 2322 syllabam
1283 2241 1410 2308 trahere,
1467 2297 1469 2302 .

58 2339 62 2345 ’
136 2351 164 2402 ut
172 2341 270 2403 babeat
293 2341 421 2422 s].beue
433 2343 553 2423 quidem
566 2352 786 2423 argumentatus
797 2345 1054 2405 est'l'erentianus.
1067 2326 1166 2405 tltmen
1179 2347 1204 2404 si
1216 2343 1273 2404 hoc
1285 2361 1412 2424 quaeras

138 2444 253 2520 credere,
262 2446 387 2524 incipiet
396 2445 629 2524 versusVergilii
640 2465 700 2507 non
713 2457 800 2517 stare,
813 2445 1059 2526 ‘superasque
1072 2447 1113 2506 ad
1130 2445 1200 2506 lum
1209 2465 1251 2506 en
1266 2448 1411 2507 ituras’

108 2559 128 2598 u
138 2548 159 2605 si
170 2565 219 2624 per
238 2550 249 2606 i
266 2546 422 2617 scribatur,
439 2549 552 2626 poterit
565 2556 658 2617 stare;
682 2551 706 2610 si
723 2557 821 2610 autem
836 2548 1035 2628 diphthongos
1052 2555 1103 2620 est,
1120 2546 1202 2609 nulla
1216 2550 1331 2608 ratione
1346 2566 1412 2608 cor-

138 2649 243 2726 ripitur,
266 2657 294 2710 et
315 2669 375 2710 non
398 2656 466 2710 stat.
512 2667 583 2728 ergo
604 2652 680 2712 istae
709 2659 797 2713 erunt
818 2649 947 2731 syllabae
970 2649 1092 2721 breves,
1114 2652 1188 2712 istae
1209 2649 1324 2730 longae.
1361 2648 1413 2710 ubi

137 2751 270 2813 iuremus
291 2751 434 2832 syllabam
457 2771 517 2814 non
539 2751 698 2815 habentem
726 2752 900 2834 productam
924 2752 1054 2815 vocalem
1078 2761 1129 2815 aut
1151 2752 1224 2815 duas
1247 2771 1412 2815 consonan-

138 2862 175 2913 tes
194 2872 248 2914 non
270 2863 429 2934 sequentes
451 2862 503 2916 εει
528 2872 548 2915 1
570 2854 720 2935 duplicem
742 2874 801 2916 non
825 2865 1000 2936 sequentem
1029 2863 1079 2918 aut
1100 2857 1111 2915 i
1133 2856 1212 2915 inter·
1234 2855 1305 2917 duas
1328 2874 1412 2916 voca·

136 2954 186 3025 les,
205 2954 299 3017 brevis
321 2966 382 3027 est,
404 2957 435 3017 id
459 2965 503 3017 est
523 2958 549 3017 si
571 2976 631 3018 nou
652 2957 790 3019 habuerit
811 2957 923 3035 aliquid
952 2958 989 3019 dc
1012 2959 1075 3018 istis
1097 2956 1204 3028 rebus,
1232 2958 1330 3019 brevis
1353 2966 1413 3025 est;

108 3059 161 3117 ssi
178 3067 268 3119 autem
288 3056 429 3119 habuerit
450 3058 561 3138 aliquid
584 3058 622 3120 de
643 3062 707 3121 istis
729 3059 834 3129 rebus,
858 3059 945 3139 longa
970 3069 1023 3122 est.

518 3242 567 3290 Du
588 3243 816 3293 COMMVNIBVS
839 3244 1007 3293 sinuatus

211 3348 339 3411 Diximus
354 3348 481 3429 syllabas
496 3359 546 3410 aut
559 3348 666 3411 breves
681 3368 746 3411 esse
761 3359 812 3412 εει
825 3348 930 3428 longas
946 3361 997 3411 aut
1007 3368 1188 3411 communes.
1214 3350 1319 3411 breves
1331 3358 1415 3431 quat-

141 3457 196 3509 tuor
215 3450 308 3511 modis
325 3453 417 3524 liunt;
439 3470 456 3511 e
477 3453 627 3513 contrario
646 3450 753 3531 longae
768 3460 908 3531 quattuor
923 3452 1019 3513 modis
1034 3450 1178 3513 similiter.
1205 3451 1310 3513 breves
1330 3454 1414 3523 liunt,

142 3554 209 3611 siet
228 3561 393 3633 correptam
416 3552 548 3615 vocalem
569 3552 699 3615 habeant
721 3562 751 3613 et
772 3572 832 3615 non
854 3554 990 3616 desinam
1011 3556 1041 3616 in
1064 3554 1137 3617 duas
1159 3562 1357 3616 consonantes
1368 3562 1418 3615 aut

112 3654 166 3712 ain
190 3674 272 3717 unam
301 3654 450 3735 duplicem
477 3663 529 3716 aut
549 3657 580 3715 iu
608 3656 619 3715 i
645 3656 724 3717 inter
751 3654 824 3716 (luas
845 3656 963 3717 vocales
986 3654 991 3739 Ι
1017 3659 1216 3718 constitutam.
1267 3656 1372 3735 longae
1401 3676 1417 3717 e

143 3758 273 3817 contrario
294 3758 385 3828 liunt,
414 3758 444 3817 id
468 3766 514 3819 est
535 3760 560 3819 si
582 3765 634 3819 aut
661 3756 790 3819 habeant
811 3756 985 3819 naturaliter
1012 3758 1187 3837 productam
1210 3757 1356 3830 vocalem,
1386 3766 1418 3818 ει

142 3856 199 3927 tos;
218 3868 267 3920 aut
286 3858 417 3921 habeant
438 3859 513 3921 duas
535 3868 697 3938 sequentes
718 3868 930 3935 consonantes,
960 3870 994 3923 ut
1015 3879 1078 3929 ars;
1107 3869 1158 3922 aut
1179 3859 1307 3923 habeant
1328 3878 1416 3922 unam

202 4083 215 4133 l
235 4084 293 4145 quio
310 4097 362 4146 qua
381 4090 436 4132 arte
450 4081 529 4132 BCa
554 4095 605 4145 qua
623 4092 677 4132 orte
694 4082 719 4131 A
785 4084 803 4132 4
825 4082 872 4131 dos
893 4096 908 4131 a
928 4083 1010 4132 uocati
1034 4082 1111 4147 longa
1134 4083 1236 4133 inchoat
1254 4082 1348 4133 idcirco
1371 4080 1418 4132 dos

143 4149 205 4201 noa
217 4190 223 4201 .
236 4187 242 4199 .
256 4194 262 4206 .
280 4168 296 4201 ε
314 4152 396 4203 εεεεΙί
411 4151 512 4201 inchoat
525 4151 618 4203 idcirco
634 4187 660 4203 ..
674 4192 681 4205 .
696 4152 735 4204 A:
753 4166 782 4202 os
794 4152 951 4203 scribendum
965 4168 1020 4203 esre
1033 4155 1139 4205 coniecit
1153 4155 1355 4212 Lindemonnus5
1371 4152 1419 4203 dos

144 4222 247 4283 mnputl
261 4221 412 4273 Seroiwnln
426 4222 492 4274 Dori.
506 4236 532 4284 p.
546 4220 608 4283 423,
621 4221 654 4273 26
707 4220 762 4271 Bet
778 4236 823 4275 om,
837 4222 911 4273 ABG
963 4222 995 4273 15
1011 4220 1187 4291 Terentianus]
1208 4239 1231 4277 a.
1247 4222 1366 4289 lbilaqq.
1383 4223 1418 4285 cs.

146 4290 233 4346 Οιεεεε.
244 4308 271 4356 p.
287 4292 354 4344 1884
409 4292 442 4343 lb
458 4293 509 4341 itur
527 4290 619 4341 ABG:
641 4292 848 4357 Verp.Aer1.Vl
864 4292 914 4343 179
968 4293 1000 4343 17
1018 4292 1169 4357 quaudo-
1186 4292 1286 4351 habeat,
1303 4308 1368 4357 pune
1385 4294 1421 4341 uel

145 4365 360 4425 mammutium
378 4361 525 4412 Ter-entiam
541 4376 589 4412 non
599 4366 734 4424 pertinent,
749 4362 883 4427 adscripta
895 4378 950 4412 esse
965 4364 1081 4413 uidentur
1093 4363 1294 4429 adprobandum
1310 4364 1420 4427 scriptu-

146 4446 192 4478 ram
207 4434 261 4496 itur,
274 4438 388 4500 quereiam
404 4433 414 4481 i
431 4433 527 4482 coculis
542 4435 567 4483 in
582 4434 667 4483 eodem
680 4432 757 4482 uerbo
773 4440 799 4482 et
810 4434 921 4494 produci
931 4434 1012 4493 possit
1028 4440 1053 4483 et
1067 4437 1170 4497 corripi,
1186 4435 1250 4483 simet
1262 4432 1320 4483 aliis
1337 4448 1420 4482 exem·

144 4502 187 4560 plia
201 4502 279 4552 ἀειτᾰι
295 4502 400 4553 Seruius
414 4506 440 4553 in
463 4503 542 4566 Verg.
557 4503 575 4550 l.
594 4518 616 4551 c.
632 4518 711 4568 quare
726 4500 883 4552 scribendum
901 4502 1001 4551 videtur
1017 4512 1044 4551 ut
1061 4502 1153 4553 haheat
1168 4503 1285 4569 longum,
1300 4503 1344 4555 ivi.
1364 4518 1421 4551 nam

145 4572 243 4632 perlecto
262 4575 367 4637 {mpori
386 4572 560 4637 dipbtbonpmu
580 4573 604 4621 ei
621 4572 827 4623 contribuerunt
845 4574 1014 4637 grammatici,
1035 4588 1181 4639 quanquam
1204 4573 1347 4636 inspersecto
1366 4572 1422 4622 otuu
1487 4568 1493 4585 ⁸

146 4640 216 4689 eiham
225 4646 342 4708 scriptum
354 4656 411 4694 erse
423 4646 527 4707 saepius
539 4642 676 4693 docueram
730 4642 762 4693 18
777 4653 804 4691 ut
817 4640 910 4691 habeat
922 4639 995 4691 Auo
1006 4650 1033 4690 ει
1048 4641 1141 4693 habent
1159 4660 1172 4691 e
1186 4658 1200 4691 ε
1212 4651 1240 4691 ει
1253 4641 1329 4692 habet
1344 4642 1368 4692 L

146 4724 239 4770 quaeras
252 4713 354 4762 credere
366 4712 425 4763 AB
443 4713 532 4763 eredas
552 4728 674 4776 quaerere
692 4715 714 4764 0
783 4711 816 4762 19
834 4726 992 4777 superasque
1008 4710 1119 4761 ABCL
1140 4727 1311 4777 superumque
1328 4712 1422 4763 Linde-

146 4795 246 4840 κενεὴ
268 4782 552 4848 Verp.Aem.V1llSil
622 4783 653 4833 ει)
673 4783 758 4832 lumen
774 4782 828 4834 Ao
895 4780 930 4833 20
948 4782 1082 4847 corripitur
1097 4783 1189 4832 etenim
1210 4798 1261 4833 uon
1274 4790 1323 4832 stat
1336 4782 1421 4832 ΑΒΔ

147 4852 265 4916 corripitur
281 4854 348 4903 enim
369 4862 395 4904 ει
414 4868 465 4903 εοε
484 4853 573 4904 stati)
596 4846 600 4853 ’
640 4853 672 4904 ul
694 4851 831 4923 oothon
848 4852 891 4901 ribi
911 4852 954 4901 ubi
967 4850 993 4899 Α
1063 4852 1097 4901 24
1112 4852 1196 4902 brevis
1212 4862 1251 4903 est
1262 4855 1351 4918 priore
1369 4855 1422 4902 loco

146 4932 186 4972 on.
197 4922 227 4986 A,
243 4923 303 4977 add.
322 4938 340 4973 a
408 4922 444 4974 25
459 4923 556 4987 aliquid
570 4924 603 4973 de
617 4924 673 4973 istis
689 4923 766 4973 rebus
781 4925 926 4987 posteriorc
940 4924 996 4972 loeo
1012 4938 1058 4975 om.
1077 4922 1112 4988 A,
1132 4924 1194 4976 add.
1211 4938 1228 4972 a

1177 5008 1222 5071 8*
