3525 5600
336 395 399 460 648
893 401 1074 464 uttuoutt

363 520 384 558 p.
398 509 442 549 166.
457 509 483 548 ot
497 507 524 550 V.

336 587 429 665 pudet
456 588 527 647 licet
555 591 691 656 miseret,
721 587 860 648 taedebat
887 589 1008 667 pigebat
1030 588 1161 670 pudebat
1183 588 1292 650 licebat
1314 589 1486 661 miserebat,
1510 599 1610 652 laesum

338 697 382 748 est
409 689 481 758 luit,
511 689 632 767 puduit,
662 689 771 766 piguit,
800 689 885 750 licuit
912 692 957 752 vel
987 691 1103 752 licitum
1132 699 1177 750 est
1204 691 1274 761 luit,
1304 693 1460 752 misertum
1489 702 1534 752 est
1553 693 1610 756 luit

336 799 450 852 taesum
473 793 672 860 contineret,
695 791 861 871 puduerat,
885 795 1035 872 piguerat,
1059 792 1186 854 licuerat
1212 795 1259 853 vel
1286 793 1401 853 licitum
1430 801 1495 854 erat
1515 797 1611 864 luerat,

336 896 492 954 misertum
521 901 584 954 erat
611 894 721 962 luerat,
752 893 885 953 taedebit
912 895 1027 973 pigebit
1048 893 1173 974 pudebit
1196 894 1298 954 licebit
1320 895 1484 956 miserebit
1529 897 1568 955 sie
1588 907 1612 955 et

336 998 477 1056 ‘veritum
500 998 556 1056 est'
580 994 810 1075 inpersonaliter
824 997 962 1073 figuravit
976 996 1093 1056 Tullius
1110 999 1139 1056 iu
1155 997 1285 1057 seeundo
1301 998 1337 1056 de
1354 995 1463 1058 linibus
1480 997 1632 1060 bonorums

337 1098 547 1167 etmalorum,
577 1097 767 1177 ‘primum'
796 1100 893 1176 iuquit
926 1099 1135 1178 ‘Aristippi
1164 1097 1528 1178 Cyrenaicorumque
1550 1118 1612 1160 oru-

336 1201 450 1267 uium‚
484 1219 574 1280 qrros
607 1218 677 1259 non
712 1206 771 1259 est
803 1202 963 1260 veritum
991 1201 1027 1259 iu
1057 1219 1095 1260 ea
1124 1200 1330 1280 uoluptate,
1360 1219 1449 1280 quae
1473 1205 1612 1262 inanitur

337 1301 536 1362 dulcedine
565 1320 711 1362 sensum
733 1309 912 1371 inureret,
936 1320 1109 1362 summum
1131 1301 1263 1362 bonum
1286 1303 1457 1382 ponere’.
1483 1299 1487 1382 l
1511 1303 1556 1364 illa
1578 1313 1613 1362 ta·

336 1421 404 1463 meu
426 1404 545 1464 omuino
567 1407 689 1484 propria
711 1404 900 1473 Latinorum,
930 1423 1004 1484 quae
1029 1407 1058 1464 in
1081 1413 1129 1463 tur
1152 1414 1261 1465 exeunt
1283 1413 1312 1464 et
1334 1423 1388 1484 per
1411 1405 1527 1482 singula
1550 1413 1613 1464 tenr-

337 1524 408 1582 pura
437 1508 468 1566 in
495 1505 634 1566 omnibus
660 1506 757 1566 modis
783 1525 819 1566 ex
847 1508 936 1566 tertia
959 1509 1079 1565 veniunt
1103 1525 1229 1584 persona
1252 1507 1460 1567 declinationis
1481 1509 1643 1584 pessimun

335 1606 445 1667 llornae
468 1606 543 1667 bene
566 1607 704 1678 docetur,
728 1607 804 1667 bene
828 1615 980 1687 spectatur
1003 1611 1033 1667 in
1056 1609 1146 1678 circo,
1171 1610 1288 1668 lortiter
1311 1609 1470 1668 dimicatur
1492 1611 1522 1667 in
1545 1608 1613 1669 ludo.

336 1709 391 1768 lroo
413 1707 539 1788 amplius
567 1712 683 1788 species
705 1713 760 1770 ista
783 1711 933 1790 procedit,
964 1719 996 1770 ut
1018 1712 1106 1770 etiarn
1130 1729 1165 1770 er
1189 1712 1304 1770 neutris
1326 1711 1356 1770 in
1381 1718 1429 1770 tur
1452 1712 1614 1789 inpersona-

335 1810 374 1871 lia
402 1813 582 1888 figurentur,
611 1814 743 1873 curritur
771 1819 865 1872 statur
894 1813 1016 1872 sedetur
1049 1811 1246 1873 discumbitur
1279 1812 1444 1892 prandetur
1477 1821 1615 1891 pugnatur

335 1914 396 1972 itur
418 1912 546 1973 caletur:
570 1913 691 1974 Plautus
713 1916 744 1973 in
766 1913 898 1992 Captivis

359 2013 362 2021 ’
485 2017 590 2095 quasi
612 2033 691 2076 cum
713 2015 861 2076 caletur
885 2015 1029 2076 coeliae
1051 2019 1084 2075 iu
1109 2019 1256 2078 occulto
1278 2017 1414 2086 lateut;
1627 2041 1643 2076 r.

335 2124 440 2195 egetur
466 2116 545 2176 idem
573 2119 604 2176 in
632 2116 790 2191 Pseudulo,
821 2117 969 2194 ‘egetur
996 2125 1106 2194 atque
1134 2126 1276 2179 amatur
1304 2119 1510 2198 ampliter’.
1554 2137 1613 2178 curu

334 2221 425 2292 ipiter
448 2235 505 2295 per
531 2225 667 2295 tempora
693 2226 821 2280 currunt
846 2227 876 2279 et
905 2219 1021 2290 medea,
1051 2223 1115 2281 siue
1144 2223 1278 2299 personis
1304 2229 1402 2280 tomen
1431 2229 1462 2280 et
1490 2209 1613 2280 numeris

334 2320 534 2390 declinantur,
562 2323 693 2381 curritur
715 2321 893 2382 currebatur
921 2339 1040 2382 cursum
1063 2329 1107 2381 est
1130 2322 1184 2382 luit
1206 2339 1325 2382 cursum
1348 2330 1413 2382 erat
1433 2323 1531 2382 luerat
1552 2339 1611 2381 cur-

334 2431 426 2484 retur.
471 2423 547 2483 hane
569 2423 803 2503 inpersonalium
825 2425 956 2502 speciem
984 2441 1108 2501 graecus
1131 2441 1229 2484 sermo
1251 2423 1370 2502 penitus
1392 2424 1521 2500 ignorat.
1563 2423 1611 2482 boc

334 2543 451 2604 quoque
473 2525 629 2585 latinitatis
644 2535 689 2586 cst
703 2527 874 2606 proprium,
898 2527 975 2605 quod
992 2527 1150 2606 praedam,
1174 2543 1240 2585 cum
1258 2543 1293 2584 ex
1309 2527 1404 2586 activa
1420 2524 1609 2585 declinatione
1622 2549 1641 2584 s,

335 2627 500 2705 personalia
528 2628 600 2692 sint.
629 2630 660 2688 in
688 2646 815 2706 persona
842 2628 983 2708 patientis
1013 2629 1088 2688 stunt
1115 2625 1322 2707 inpersonalia.
1367 2645 1434 2688 narn
1459 2628 1610 2688 ‘maledieo

334 2727 405 2798 tibi,
428 2728 546 2788 invideo
570 2728 640 2798 tibi,
669 2747 762 2788 noceo
786 2728 859 2789 tibi'
888 2731 952 2789 sine
975 2728 1066 2790 dubio
1089 2731 1201 2789 activae
1224 2729 1449 2806 significationis
1473 2737 1553 2798 suut;
1583 2731 1607 2788 iu

333 2850 459 2911 persona
481 2849 552 2891 rero
574 2834 716 2911 patieutis
737 2850 795 2892 nou
825 2842 905 2892 reete
935 2832 1046 2893 dicitur
1074 2831 1252 2892 ‘maledicor
1275 2851 1290 2891 a
1313 2840 1359 2899 te,
1383 2831 1519 2892 inrideor
1539 2850 1553 2891 a
1575 2840 1606 2896 ιε,

333 2951 442 2995 noceor
469 2952 486 2993 a
515 2935 572 3004 ιε’,
602 2934 653 2994 sed
677 2932 885 2995 ‘maledicitur
906 2934 978 2993 mibi
1002 2942 1076 3003 ate,
1106 2941 1230 2993 nocetur
1253 2932 1323 2993 mibi
1354 2952 1370 2993 a
1398 2941 1443 3003 ιε,
1469 2934 1607 2995 inridetur

333 3036 405 3097 mibi
428 3056 444 3097 a
466 3036 523 3105 te',
546 3055 622 3115 quae
645 3036 738 3096 torma
761 3035 959 3115 inpersonalis
982 3044 1036 3095 est.

215 3156 316 3214 etum
418 3137 459 3197 Dc
486 3139 666 3216 usurpativa.
710 3138 786 3198 bane
814 3136 934 3217 quidam
963 3120 1089 3215 gerundi
1119 3137 1239 3197 modum
1263 3137 1306 3197 rel
1329 3138 1545 3215 participialem
1565 3154 1604 3195 ro·

331 3248 412 3309 caut,
442 3242 510 3321 quia
533 3238 622 3300 verba
646 3241 710 3299 eius
737 3256 830 3318 paene
858 3240 957 3299 omnia
980 3237 1086 3299 similia
1110 3241 1277 3319 participiis
1299 3248 1368 3299 sunt
1390 3246 1420 3299 ει
1443 3236 1503 3298 sola
1524 3240 1603 3315 sigui·

330 3343 467 3402 ticatione
493 3342 644 3401 distantia.
688 3358 756 3401 uam
785 3339 929 3401 salutandi
958 3348 988 3400 et
1010 3340 1165 3401 salutando
1188 3349 1218 3401 et
1245 3340 1431 3403 salutandum
1455 3361 1489 3401 ac
1511 3340 1602 3400 saluta-

330 3451 407 3512 tum,
439 3462 506 3503 cum
534 3461 588 3522 per
616 3462 647 3501 se
675 3442 832 3511 dicuntur,
855 3444 1012 3521 partieipia
1036 3442 1174 3503 videntur
1196 3443 1313 3503 casibus
1336 3442 1526 3511 declinanda;
1547 3460 1603 3501 euru

330 3564 400 3605 vero
427 3564 481 3625 per
507 3544 583 3606 bauo
612 3546 737 3604 lerneam
759 3546 969 3623 proteruntur,
993 3544 1067 3604 duce
1090 3562 1178 3605 sensu
1201 3544 1279 3606 aliud
1303 3564 1368 3605 esse
1392 3544 1636 3623 deprehendero
1723 3612 1724 3637 p

330 3655 387 3708 tur.
433 3664 500 3707 nam
523 3646 613 3705 ‘rado
635 3646 811 3707 salutatum'
834 3646 890 3707 boe
917 3655 960 3707 est
989 3645 1087 3707 dicere
1112 3646 1202 3708 ‘rado
1225 3646 1369 3707 salutare’
1393 3656 1444 3707 aut
1467 3646 1518 3707 ‘ut
1538 3645 1603 3705 salu·
1723 3642 1724 3651 ’

330 3752 421 3809 tern’:
444 3748 592 3825 Vergilius

476 3859 648 3910 renatum
670 3851 813 3911 Aeneas
835 3868 978 3929 unaque
1001 3852 1211 3911 miserrima
1233 3849 1324 3910 llido

476 3954 515 4011 in
538 3970 662 4013 nemus
685 3956 741 4012 irc
764 3958 910 4031 parant,

329 4054 359 4114 id
387 4063 432 4114 est
460 4056 560 4113 venari
588 4062 639 4113 aut
666 4062 699 4113 ut
726 4062 878 4113 reuoutur.
926 4054 1052 4134 (leuique
1081 4056 1224 4129 liguratur
1253 4057 1341 4115 etiarn
1372 4072 1408 4113 ex
1437 4054 1486 4114 bis
1516 4050 1633 4111 rerbise.

328 4174 404 4235 «puae
426 4158 572 4235 passivam
595 4155 824 4215 declinationem
848 4174 906 4215 non
930 4154 1054 4225 babent,
1078 4165 1111 4217 ut
1134 4164 1264 4217 natatum
1288 4174 1339 4224 eo,
1364 4154 1542 4216 ambulatum
1562 4171 1600 4214 eo,

395 4408 747 4473 3velpostlicuerat0m.B
814 4406 1147 4475 lmiserturn]mertumB
1216 4410 1411 4459 sicetverltum
1425 4405 1600 4475 est]Gell.lll'

329 4482 361 4530 13
429 4475 903 4546 bdelluibusb.etm.B.·ll13‚39
971 4478 1166 4529 8duleidian
1236 4476 1418 4543 ttptuusB:
1436 4476 1601 4541 Capetum

397 4550 429 4597 15
446 4547 508 4597 coeli
521 4581 649 4598 ........
662 4545 741 4595 latent
752 4544 792 4595 B:
809 4548 935 4611 aupplem't
954 4548 1039 4597 editor
1060 4546 1269 4599 Vindoboueuais.
1296 4549 1362 4597 sient
1378 4547 1480 4611 reliqua
1496 4559 1555 4608 prae
1570 4544 1600 4590 br·

327 4617 428 4665 olibetis
444 4616 538 4664 litteris
555 4629 682 4679 expresso
698 4620 756 4663 cunt
824 4614 857 4663 16
873 4614 898 4662 in
919 4612 1056 4679 Pseudolo]
1077 4616 1085 4663 l
1103 4618 1127 4673 3,
1147 4616 1179 4664 39
1197 4612 1232 4675 (a.
1246 4616 1296 4664 273
1309 4614 1353 4675 ll.)
1425 4615 1456 4663 17
1475 4608 1600 4661 tromerod

395 4686 428 4733 26
440 4682 477 4731 lle
489 4682 775 4747 rreurpntvo-tte,ao
787 4681 854 4730 lectu
866 4678 1018 4747 nlleuossloro
1027 4684 1114 4746 positu
1124 4698 1179 4731 erse
1192 4684 1255 4732 uidit
1267 4682 1353 4742 Ianam,
1364 4696 1446 4747 capue
1454 4680 1601 4744 tromper-nt

325 4759 387 4816 post
399 4752 483 4811 6524
496 4752 577 4817 potuit
589 4752 710 4801 invenire.
729 4752 798 4799 nolui
809 4756 891 4799 tomen
904 4750 979 4799 iuliis
992 4753 1123 4813 enuerptie
1134 4750 1166 4799 ab
1179 4752 1269 4801 ordine
1281 4752 1376 4801 codicia
1387 4751 1519 4804 recedere.
1534 4760 1601 4811 prae·

326 4822 413 4869 sertim
430 4820 576 4883 cuempiam
592 4820 684 4869 anessa
702 4832 758 4868 eoae
775 4819 908 4867 oemainrile
925 4821 972 4867 alt:
989 4820 1024 4881 es.
1043 4818 1126 4867 Diem.
1144 4834 1171 4880 p.
1190 4820 1252 4880 395,
1272 4820 1300 4867 11
1372 4818 1479 4883 gertrudi
1496 4816 1601 4865 modoet

327 4885 550 4955 participlnlemB
617 4884 832 4953 ‘lipart'rciplall
901 4886 1122 4937 anteuentuli:
1145 4886 1429 4951 repnenttttttt
