3525 5600
316 363 376 428 142
853 364 1007 428 ΡΟΜΡΕΙΙ

339 486 360 526 p.
375 475 463 515 1⁰1—dtt
477 472 498 513 l.

313 556 451 632 quoniam
473 570 656 634 praenomen
678 559 737 619 est,
767 560 797 612 et
818 552 973 614 Sallustius
995 569 1103 614 nomen
1127 561 1186 620 est,
1217 551 1356 628 quoniam
1379 547 1464 616 multi
1487 547 1621 608 luerunt
1722 519 1723 588 l

313 653 458 716 Sallustii:
489 656 536 716 dic
565 654 649 715 boc'.
686 653 738 716 sed
767 657 837 716 istas
862 675 913 716 res
941 673 1002 716 non
1031 637 1075 714 sic
1099 653 1278 723 iudicamus,
1308 669 1397 731 quem
1427 649 1619 712 admodum

314 755 459 816 naturalia
481 765 564 826 sunt,
586 757 639 816 sed
662 774 751 836 quem
773 757 809 817 ad
831 756 953 818 modum
974 759 1141 818 invenimus
1163 757 1193 816 iu
1216 754 1355 816 lectione.
1386 761 1507 831 ergoet
1524 751 1620 812 modo

313 841 450 926 Publius,
474 859 612 936 quoniam
635 857 757 940 nomllui
778 860 952 939 praeposui,
978 861 1033 920 erit
1054 875 1250 938 praenomen;
1274 856 1391 926 Lucius,
1416 855 1566 934 quoniam
1590 862 1620 913 et

312 959 363 1020 ille
379 959 487 1020 Lucius
510 968 554 1020 est
576 971 606 1020 et
627 959 677 1021 ille
692 959 803 1021 lucius
825 967 878 1030 est,
903 961 960 1021 erit
982 979 1091 1022 nomen
1113 957 1256 1026 familiam
1280 957 1442 1026 Sallustius,
1467 958 1645 1037 quoniam⁵
1723 960 1724 1046 l

313 1061 370 1122 boc
401 1064 467 1142 ipso
499 1063 621 1142 proprio
650 1061 792 1123 vocabulo
820 1053 1002 1142 appellatul·,
1032 1063 1088 1122 erit
1119 1079 1286 1139 cognomen
1320 1061 1412 1140 ipsius
1443 1059 1619 1140 proprium.

312 1172 394 1225 verte
420 1163 511 1234 illud,
543 1171 574 1224 et
600 1173 685 1243 potes
713 1164 804 1226 aliurn
832 1164 967 1226 ordinem
994 1165 1108 1234 lacere,
1136 1171 1224 1243 prout
1251 1160 1388 1224 volueris.
1434 1179 1510 1240 ergo
1535 1159 1621 1220 vides

312 1268 450 1344 quoniam
473 1285 533 1326 non
556 1283 675 1345 semper
697 1267 739 1326 sic
759 1265 935 1328 iudicamus.
980 1285 1072 1347 quare
1095 1267 1152 1326 hoc
1175 1264 1260 1326 dico?
1282 1264 1380 1326 solent
1400 1263 1492 1344 aliqui
1518 1263 1620 1324 bomi-

313 1386 365 1428 nes
392 1367 567 1447 plerumque
595 1387 661 1428 esse
689 1368 802 1440 callidi,
832 1375 862 1429 et
882 1371 1047 1448 interrogat
1074 1375 1102 1428 le
1125 1368 1230 1449 aliquis
1253 1375 1283 1429 et
1305 1367 1377 1428 dicit
1397 1366 1453 1428 tibi
1480 1366 1621 1427 ‘Lucius

312 1468 398 1549 quale
420 1488 531 1530 nomen
554 1472 633 1532 esti’
657 1472 823 1550 proprium.
853 1474 946 1551 ‘quae
968 1489 1038 1552 pars
1061 1479 1105 1532 est
1126 1471 1241 1551 proprii
1264 1471 1429 1531 nominisl’
1457 1468 1539 1529 dicis
1563 1467 1617 1537 illi,
1634 1478 1656 1515 ¹⁰
1724 1471 1725 1490 ³

311 1589 504 1651 praenomen.
548 1571 621 1632 dicit
641 1571 696 1632 tibi
718 1571 842 1634 ‘salsum
865 1581 926 1636 est:
965 1593 1032 1635 nam
1056 1592 1127 1634 ecce
1149 1591 1251 1635 servus
1273 1590 1356 1633 meus
1379 1574 1419 1632 ita
1441 1569 1620 1650 appellatur

311 1682 342 1734 et
362 1693 422 1735 non
445 1673 535 1736 babet
556 1679 767 1753 praenomen’.
812 1677 895 1736 vides
918 1693 989 1755 ergo
1012 1678 1151 1756 quoniam
1174 1678 1230 1737 ista
1253 1693 1313 1736 non
1335 1674 1500 1736 secundum
1525 1680 1620 1732 natu·

310 1793 375 1836 ram
397 1783 480 1845 sunt,
512 1775 565 1836 sed
592 1783 681 1855 prout
707 1779 825 1840 inventa
847 1779 972 1848 luerint,
996 1779 1035 1838 ita
1059 1777 1215 1847 dicuutur,
1238 1787 1271 1836 ιιι
1293 1779 1331 1836 sit
1353 1793 1463 1836 nomeu
1485 1782 1519 1834 et
1542 1793 1619 1854 pro·

310 1879 408 1958 prium
431 1887 461 1937 et
482 1875 611 1938 familiae
631 1877 719 1941 illius.

209 1989 298 2051 leno
394 1978 552 2040 Praeterea
574 1979 648 2041 illud
670 1983 747 2043 scire
770 1980 871 2050 debes,
895 2000 956 2042 nou
978 2001 1096 2042 omnem
1112 1982 1263 2044 bominem
1286 1980 1397 2042 babere
1418 1981 1474 2040 ista
1498 1981 1618 2039 omnia.
1633 1989 1657 2026 1⁵

310 2099 378 2142 nam
400 2088 499 2161 potest
519 2082 647 2144 inveniri
668 2083 775 2163 aliquis
796 2086 848 2164 qui
877 2102 969 2145 uuum
992 2083 1097 2152 babet,
1119 2093 1152 2145 ut
1173 2103 1289 2152 servus,
1313 2091 1346 2144 ιιι
1368 2079 1443 2150 dlxi,
1468 2080 1619 2142 Gauden-

311 2185 382 2243 tius:
412 2201 483 2244 ecce
511 2203 604 2246 unum
632 2184 722 2246 babet
749 2195 873 2248 mutum.
919 2187 997 2267 apud
1025 2189 1154 2248 maiores
1182 2195 1300 2247 nostros
1327 2184 1400 2244 baec
1423 2183 1620 2244 cousuetudo

310 2286 420 2356 luerat,
444 2293 477 2346 ut
499 2286 609 2367 singuli
631 2286 750 2366 singula
773 2287 919 2351 baberent
941 2290 1070 2351 uomina.
1117 2307 1188 2349 ecce
1209 2285 1353 2350 Romulus
1374 2303 1468 2348 uuum
1492 2295 1619 2348 tantum
1726 2336 1727 2346 ,

309 2385 414 2448 babet:
439 2387 518 2466 apud
540 2395 656 2450 veteres
677 2389 752 2450 nibil
774 2389 900 2470 legimus
922 2391 1060 2472 amplius,
1084 2391 1141 2451 nisi
1163 2389 1221 2450 boc
1242 2387 1347 2449 soluru.
1392 2389 1483 2466 quid?
1519 2388 1621 2449 babet

308 2491 364 2550 iste
392 2507 559 2568 cognomen
584 2499 715 2562 tautum,
744 2491 774 2552 id
797 2500 843 2554 est
862 2495 1019 2574 proprium
1043 2510 1160 2554 nomen.
1206 2489 1301 2552 Numa
1323 2489 1499 2570 Pompilius:
1541 2509 1619 2552 ecce
1633 2499 1658 2536 ²⁰

310 2591 368 2652 duo
391 2601 471 2652 sunt.
515 2593 573 2652 inm
595 2594 653 2654 isle
675 2592 818 2654 habetet
840 2613 950 2656 nomen
972 2595 1102 2656 familiae
1124 2603 1154 2654 et
1175 2613 1260 2654 suum
1283 2593 1450 2672 proprium.
1482 2591 1619 2653 Publius

309 2693 465 2771 Vergilius
491 2693 588 2756 blare:
618 2713 689 2756 ecce
715 2697 772 2756 tria
794 2695 899 2766 babet,
928 2715 1110 2777 praenomen
1132 2715 1241 2756 nomen
1264 2713 1441 2773 cognomen.
1485 2693 1620 2756 Publius

309 2794 465 2857 Cornelius
481 2796 580 2877 Scipio
595 2800 765 2859 dlrlcanus:
788 2818 858 2861 ecce
880 2808 1017 2880 quattuor
1039 2798 1143 2870 babet,
1173 2801 1270 2860 omnia
1298 2796 1397 2859 babet.
1435 2800 1527 2878 nequi
1559 2796 1619 2858 tibi
1727 2794 1728 2798 ’

308 2897 387 2959 dicat
409 2898 493 2959 verbi
515 2916 618 2971 causa,
642 2919 712 2961 ecce
728 2902 875 2980 Vergilius
899 2922 958 2963 uon
980 2902 1071 2963 habet
1093 2920 1256 2979 agnomen,
1280 2903 1347 2981 quia
1371 2898 1444 2959 nibil
1466 2900 1557 2969 lecit,
1584 2909 1620 2959 ut

308 3000 416 3078 diguus
439 3009 518 3063 esset
539 3003 712 3078 agnomine,
736 3004 805 3083 quia
827 3022 889 3065 non
910 3004 1015 3065 babuit
1036 3006 1153 3073 vitium,
1178 3012 1211 3065 ιιι
1233 3003 1303 3063 iude
1326 3003 1505 3064 traheretur.
1545 3002 1617 3063 Sal·
1632 3011 1657 3049 ’ὅ

308 3100 412 3163 iustius
445 3122 462 3161 e
495 3106 645 3165 contrario
678 3104 769 3167 babet
801 3123 962 3184 agnomen,
997 3088 1122 3167 Publius
1145 3105 1299 3167 Sallustius
1328 3104 1464 3185 ibimus:
1500 3104 1619 3165 dicitur

307 3205 424 3283 crispus
445 3204 583 3265 babuisse
605 3206 727 3287 capillos
749 3206 885 3269 obtortos
907 3216 937 3269 et
958 3210 1072 3288 accepit
1094 3228 1110 3269 a
1131 3228 1166 3269 re
1189 3226 1307 3269 nomen.
1353 3206 1418 3277 ille,
1442 3207 1511 3286 quia
1535 3205 1617 3267 nibil

308 3305 424 3376 babuit,
457 3326 519 3367 non
552 3311 666 3388 accepit
697 3326 854 3387 agnomen.
901 3328 972 3388 ergo
1003 3309 1085 3370 vides
1118 3312 1257 3389 quoniam
1292 3310 1449 3387 agnomina
1479 3306 1618 3369 arebus

307 3410 438 3469 veniunt.
469 3416 499 3469 et
520 3409 695 3490 plerumque
716 3412 883 3473 invenimus
906 3413 960 3472 ista
983 3411 1088 3472 ordine
1111 3420 1291 3473 commutato
1313 3412 1417 3491 posita,
1441 3410 1493 3471 sed
1517 3412 1616 3471 istum

309 3508 469 3589 Vergilium
491 3530 552 3572 nou
579 3512 743 3574 secundum
771 3522 906 3575 naturam
934 3514 993 3575 iam
1021 3515 1174 3593 ponimus,
1204 3514 1257 3575 sed
1284 3522 1373 3593 prout
1393 3514 1614 3573 invenerimus.
1631 3524 1657 3561 ³⁰

307 3620 466 3692 praeterea
488 3632 526 3675 ue
555 3623 584 3674 te
611 3622 698 3692 cogat
725 3625 757 3676 ut
779 3614 860 3677 dicas
880 3616 1069 3679 haecomnia
1085 3618 1116 3678 iu
1133 3635 1191 3677 uno
1207 3634 1341 3696 quoque,
1365 3622 1395 3675 et
1416 3614 1497 3675 dicas
1520 3633 1616 3693 posse

306 3716 433 3777 inveniri
461 3717 532 3777 istas
559 3724 699 3797 quattuor
727 3736 776 3779 res
803 3719 835 3777 in
864 3717 1016 3789 omnibns,
1044 3718 1096 3779 sed
1126 3720 1266 3799 quonlam
1295 3734 1355 3777 nou
1384 3723 1510 3795 possunt
1532 3715 1615 3777 ultra

307 3827 447 3895 quattuor
476 3836 551 3879 esse.
596 3836 668 3897 ergo
695 3820 834 3899 quoniam
865 3819 996 3881 didicisti
1018 3822 1091 3881 istas
1114 3828 1252 3899 quattuor
1274 3826 1391 3899 partes,
1415 3820 1493 3879 scire
1517 3817 1615 3879 debes

268 3997 276 4005 θ
306 3920 375 3996 quia
397 3920 537 3999 quicquid
560 3930 681 4001 praeter
702 3920 755 3981 bas
777 3940 826 3982 res
849 3923 939 3983 luerit
961 3920 1170 4003 appellativum
1194 3930 1248 3983 est.

391 4022 505 4083 lleinde
525 4024 557 4083 in
578 4023 826 4102 responsionibus
847 4023 945 4085 callidi
969 4023 1113 4086 debemus
1136 4043 1212 4086 csse.
1258 4022 1432 4104 plerumque
1455 4030 1508 4083 aut
1530 4022 1612 4083 male
1628 4032 1655 4071 ³⁵

305 4124 524 4203 respondentes
549 4124 662 4186 iaciunt
689 4143 744 4186 nos
772 4126 871 4187 lacere
898 4126 1106 4188 soloecismum
1129 4134 1180 4187 aut
1202 4124 1279 4187 ruale
1300 4128 1532 4204 interrogantes.
1579 4132 1613 4185 ut

305 4233 393 4305 puta,
423 4227 500 4306 siqui
528 4226 606 4287 dicat
626 4227 795 4300 Africanus,
819 4230 862 4289 sic
886 4227 981 4289 debeo
1004 4230 1205 4307 interrogare,
1228 4229 1271 4287 sic
1293 4226 1487 4307 respondere.
1513 4226 1612 4288 ‘ttri-

306 4346 398 4387 cauus
419 4347 495 4408 quae
516 4348 587 4409 pars
609 4331 790 4391 orationisl'
812 4340 842 4390 et
862 4348 939 4410 puer
961 4331 1042 4391 dicat
1064 4330 1220 4391 ‘nomen'.
1253 4346 1309 4407 ego
1331 4330 1483 4408 interrogo
1506 4329 1610 4409 ‘quale

377 4586 523 4637 iordlneru
541 4602 587 4639 ona.
607 4585 642 4649 A,
662 4585 724 4638 add.
744 4600 762 4634 a
833 4584 867 4637 10
883 4600 943 4650 pers
962 4594 1000 4635 est
1016 4586 1152 4654 propriiA
1169 4601 1229 4652 pers
1247 4589 1344 4654 proprii
1359 4587 1436 4638 nco
1507 4586 1541 4637 12
1558 4587 1609 4637 iste

305 4672 352 4706 om.
371 4655 406 4717 A,
423 4657 484 4712 add.
498 4675 515 4709 a
571 4656 603 4707 15
621 4666 752 4721 praeterea
771 4656 834 4705 illud
852 4656 919 4704 seire
932 4654 1010 4706 debes
1024 4658 1072 4707 Lo
1087 4664 1219 4723 praeterea
1232 4660 1299 4709 seire
1311 4659 1389 4708 debes
1407 4656 1460 4707 Ao
1474 4664 1610 4722 praeterea

194 4781 198 4787 .
306 4726 371 4775 scire
383 4726 506 4779 debemus
522 4727 548 4778 B
602 4726 635 4777 16
653 4726 764 4776 inueniri
779 4725 851 4776 nco
868 4725 1024 4777 inuenireA
1077 4726 1217 4781 Pddicitur
1235 4730 1335 4795 crispos
1354 4728 1438 4791 (corr,
1457 4728 1558 4791 crispus
1578 4728 1609 4790 n)

305 4795 393 4845 babuit
408 4798 515 4861 capillos
531 4798 556 4845 Α
646 4798 679 4847 27
698 4796 812 4846 obtortos
825 4796 881 4845 AB
900 4806 925 4845 et
939 4803 1019 4847 tortos
1033 4796 1054 4846 0
1118 4799 1233 4862 sortasse
1250 4808 1276 4849 et
1292 4800 1389 4863 accepit
1408 4810 1536 4862 agnomen

305 4864 340 4917 30
359 4866 531 4917 inuenerimns
551 4868 594 4917 Ga
611 4866 787 4916 inueniremus
802 4865 827 4913 A
845 4866 1025 4917 inueneremua
1045 4868 1067 4917 B
