<?xml version="1.0" encoding="UTF-8"?>
<!DOCTYPE html PUBLIC "-//W3C//DTD XHTML 1.0 Transitional//EN"
    "http://www.w3.org/TR/xhtml1/DTD/xhtml1-transitional.dtd">
<html xmlns="http://www.w3.org/1999/xhtml" xml:lang="en" lang="en">
 <head>
  <title>
</title>
<meta http-equiv="Content-Type" content="text/html;charset=utf-8" />
  <meta name='ocr-system' content='tesseract 3.04.00' />
  <meta name='ocr-capabilities' content='ocr_page ocr_carea ocr_par ocr_line ocrx_word'/>
</head>
<body>
  <div class='ocr_page' id='page_1' title='image "./grammaticilatin03hagagoog_0694.png"; bbox 0 0 3525 5600; ppageno 0'>
   <div class='ocr_carea' id='block_1_1' title="bbox 309 385 1040 474">
    <p class='ocr_par' dir='ltr' id='par_1_1' title="bbox 309 385 1040 474">
     <span class='ocr_line' id='line_1_1' title="bbox 309 385 1040 474; baseline -0.01 -21"><span class='ocrx_word' id='word_1_1' title='bbox 309 388 374 453; x_wconf 84' lang='lat'><strong>684</strong></span> <span class='ocrx_word' id='word_1_2' title='bbox 548 466 552 474; x_wconf 88' lang='lat'><strong>.</strong></span> <span class='ocrx_word' id='word_1_3' title='bbox 867 385 1040 448; x_wconf 78' lang='lat' dir='ltr'><strong>annuunt</strong></span> 
     </span>
    </p>
   </div>
   <div class='ocr_carea' id='block_1_2' title="bbox 309 571 1610 4592">
    <p class='ocr_par' dir='ltr' id='par_1_2' title="bbox 312 571 1603 777">
     <span class='ocr_line' id='line_1_2' title="bbox 312 571 1603 640; baseline -0.002 -13"><span class='ocrx_word' id='word_1_4' title='bbox 312 579 354 640; x_wconf 84' lang='lat'><strong>51,</strong></span> <span class='ocrx_word' id='word_1_5' title='bbox 368 581 384 628; x_wconf 82' lang='lat'><strong>3</strong></span> <span class='ocrx_word' id='word_1_6' title='bbox 414 575 512 626; x_wconf 84' lang='lat' dir='ltr'><strong>infinita</strong></span> <span class='ocrx_word' id='word_1_7' title='bbox 529 586 557 625; x_wconf 89' lang='lat' dir='ltr'><strong>nt</strong></span> <span class='ocrx_word' id='word_1_8' title='bbox 572 576 660 626; x_wconf 83' lang='lat' dir='ltr'><strong>cuiue:</strong></span> <span class='ocrx_word' id='word_1_9' title='bbox 678 576 743 624; x_wconf 86' lang='lat' dir='ltr'><strong>inter</strong></span> <span class='ocrx_word' id='word_1_10' title='bbox 760 573 859 623; x_wconf 83' lang='lat' dir='ltr'><strong>linitum</strong></span> <span class='ocrx_word' id='word_1_11' title='bbox 872 573 905 624; x_wconf 85' lang='lat' dir='ltr'><strong>ad</strong></span> <span class='ocrx_word' id='word_1_12' title='bbox 917 573 1012 637; x_wconf 86' lang='lat' dir='ltr'><strong>aliquid</strong></span> <span class='ocrx_word' id='word_1_13' title='bbox 1025 583 1049 622; x_wconf 88' lang='lat' dir='ltr'><strong>ct</strong></span> <span class='ocrx_word' id='word_1_14' title='bbox 1061 571 1187 623; x_wconf 87' lang='lat' dir='ltr'><strong>inlinitum</strong></span> <span class='ocrx_word' id='word_1_15' title='bbox 1199 574 1231 623; x_wconf 90' lang='lat' dir='ltr'><strong>ad</strong></span> <span class='ocrx_word' id='word_1_16' title='bbox 1244 573 1339 636; x_wconf 86' lang='lat' dir='ltr'><strong>aliquid</strong></span> <span class='ocrx_word' id='word_1_17' title='bbox 1351 573 1399 624; x_wconf 88' lang='lat' dir='ltr'><strong>hoc</strong></span> <span class='ocrx_word' id='word_1_18' title='bbox 1411 576 1525 626; x_wconf 78' lang='lat' dir='ltr'><strong>intereat.</strong></span> <span class='ocrx_word' id='word_1_19' title='bbox 1548 575 1603 624; x_wconf 85' lang='lat' dir='ltr'><strong>liui-</strong></span> 
     </span>
     <span class='ocr_line' id='line_1_3' title="bbox 415 641 1601 708; baseline -0.002 -14"><span class='ocrx_word' id='word_1_20' title='bbox 415 653 468 694; x_wconf 89' lang='lat' dir='ltr'><strong>tum</strong></span> <span class='ocrx_word' id='word_1_21' title='bbox 482 655 522 694; x_wconf 88' lang='lat' dir='ltr'><strong>eat</strong></span> <span class='ocrx_word' id='word_1_22' title='bbox 532 645 565 694; x_wconf 91' lang='lat' dir='ltr'><strong>ad</strong></span> <span class='ocrx_word' id='word_1_23' title='bbox 577 643 681 705; x_wconf 87' lang='lat' dir='ltr'><strong>aliquid,</strong></span> <span class='ocrx_word' id='word_1_24' title='bbox 694 643 796 706; x_wconf 90' lang='lat' dir='ltr'><strong>quando</strong></span> <span class='ocrx_word' id='word_1_25' title='bbox 809 642 918 692; x_wconf 81' lang='lat' dir='ltr'><strong>ostendo</strong></span> <span class='ocrx_word' id='word_1_26' title='bbox 932 657 971 690; x_wconf 86' lang='lat' dir='ltr'><strong>me</strong></span> <span class='ocrx_word' id='word_1_27' title='bbox 983 641 1079 705; x_wconf 89' lang='lat' dir='ltr'><strong>aliquid</strong></span> <span class='ocrx_word' id='word_1_28' title='bbox 1092 643 1239 708; x_wconf 85' lang='lat' dir='ltr'><strong>poaaidcrc;</strong></span> <span class='ocrx_word' id='word_1_29' title='bbox 1257 641 1380 692; x_wconf 80' lang='lat' dir='ltr'><strong>infinitum</strong></span> <span class='ocrx_word' id='word_1_30' title='bbox 1400 645 1484 693; x_wconf 81' lang='lat' dir='ltr'><strong>estad</strong></span> <span class='ocrx_word' id='word_1_31' title='bbox 1497 644 1601 707; x_wconf 83' lang='lat' dir='ltr'><strong>aliquid,</strong></span> 
     </span>
     <span class='ocr_line' id='line_1_4' title="bbox 412 709 1152 777; baseline -0.003 -16"><span class='ocrx_word' id='word_1_32' title='bbox 412 711 513 775; x_wconf 90' lang='lat' dir='ltr'><strong>quaudo</strong></span> <span class='ocrx_word' id='word_1_33' title='bbox 526 726 627 776; x_wconf 80' lang='lat' dir='ltr'><strong>quaero,</strong></span> <span class='ocrx_word' id='word_1_34' title='bbox 647 713 715 760; x_wconf 91' lang='lat' dir='ltr'><strong>etad</strong></span> <span class='ocrx_word' id='word_1_35' title='bbox 729 725 864 777; x_wconf 78' lang='lat' dir='ltr'><strong>perronam</strong></span> <span class='ocrx_word' id='word_1_36' title='bbox 875 710 1032 777; x_wconf 79' lang='lat' dir='ltr'><strong>possidentia</strong></span> <span class='ocrx_word' id='word_1_37' title='bbox 1044 709 1152 760; x_wconf 87' lang='lat' dir='ltr'><strong>relcrtur</strong></span> 
     </span>
    </p>

    <p class='ocr_par' dir='ltr' id='par_1_3' title="bbox 367 780 596 832">
     <span class='ocr_line' id='line_1_5' title="bbox 367 780 596 832; baseline -0.004 -2"><span class='ocrx_word' id='word_1_38' title='bbox 367 783 398 832; x_wconf 89' lang='lat'><strong>10</strong></span> <span class='ocrx_word' id='word_1_39' title='bbox 412 780 596 830; x_wconf 78' lang='lat' dir='ltr'><strong>uutitcduxtt</strong></span> 
     </span>
    </p>

    <p class='ocr_par' dir='ltr' id='par_1_4' title="bbox 311 845 1603 982">
     <span class='ocr_line' id='line_1_6' title="bbox 368 845 1603 914; baseline -0.002 -15"><span class='ocrx_word' id='word_1_40' title='bbox 368 851 400 899; x_wconf 89' lang='grc'><strong>16</strong></span> <span class='ocrx_word' id='word_1_41' title='bbox 414 849 483 914; x_wconf 88' lang='lat' dir='ltr'><strong>‘ipae</strong></span> <span class='ocrx_word' id='word_1_42' title='bbox 494 858 520 897; x_wconf 85' lang='lat' dir='ltr'><strong>et</strong></span> <span class='ocrx_word' id='word_1_43' title='bbox 530 847 579 898; x_wconf 89' lang='lat' dir='ltr'><strong>hoc</strong></span> <span class='ocrx_word' id='word_1_44' title='bbox 592 847 672 907; x_wconf 80' lang='lat' dir='ltr'><strong>lecit&#39;,</strong></span> <span class='ocrx_word' id='word_1_45' title='bbox 686 861 745 896; x_wconf 89' lang='lat' dir='ltr'><strong>cum</strong></span> <span class='ocrx_word' id='word_1_46' title='bbox 757 847 1023 896; x_wconf 77' lang='lat' dir='ltr'><strong>commemorationem</strong></span> <span class='ocrx_word' id='word_1_47' title='bbox 1036 845 1170 895; x_wconf 91' lang='lat' dir='ltr'><strong>videantur</strong></span> <span class='ocrx_word' id='word_1_48' title='bbox 1187 845 1281 896; x_wconf 84' lang='lat' dir='ltr'><strong>habere</strong></span> <span class='ocrx_word' id='word_1_49' title='bbox 1293 847 1467 912; x_wconf 82' lang='lat' dir='ltr'><strong>praecedentis</strong></span> <span class='ocrx_word' id='word_1_50' title='bbox 1478 861 1603 913; x_wconf 76' lang='lat' dir='ltr'><strong>personae</strong></span> 
     </span>
     <span class='ocr_line' id='line_1_7' title="bbox 311 914 1603 982; baseline -0.002 -14"><span class='ocrx_word' id='word_1_51' title='bbox 311 921 352 978; x_wconf 87' lang='grc'><strong>52,</strong></span> <span class='ocrx_word' id='word_1_52' title='bbox 366 921 399 968; x_wconf 93' lang='grc'><strong>22</strong></span> <span class='ocrx_word' id='word_1_53' title='bbox 412 931 469 966; x_wconf 93' lang='lat' dir='ltr'><strong>cnm</strong></span> <span class='ocrx_word' id='word_1_54' title='bbox 482 925 636 982; x_wconf 84' lang='lat' dir='ltr'><strong>correptum,</strong></span> <span class='ocrx_word' id='word_1_55' title='bbox 650 924 780 977; x_wconf 83' lang='lat' dir='ltr'><strong>neutrum;</strong></span> <span class='ocrx_word' id='word_1_56' title='bbox 797 915 864 965; x_wconf 86' lang='lat' dir='ltr'><strong>idem</strong></span> <span class='ocrx_word' id='word_1_57' title='bbox 877 916 900 964; x_wconf 85' lang='lat' dir='ltr'><strong>ai</strong></span> <span class='ocrx_word' id='word_1_58' title='bbox 913 915 945 963; x_wconf 83' lang='lat' dir='ltr'><strong>de</strong></span> <span class='ocrx_word' id='word_1_59' title='bbox 957 914 1109 975; x_wconf 78' lang='lat' dir='ltr'><strong>masculino,</strong></span> <span class='ocrx_word' id='word_1_60' title='bbox 1126 915 1287 964; x_wconf 76' lang='lat' dir='ltr'><strong>accusativus</strong></span> <span class='ocrx_word' id='word_1_61' title='bbox 1299 915 1389 981; x_wconf 77' lang='lat' dir='ltr'><strong>triplus</strong></span> <span class='ocrx_word' id='word_1_62' title='bbox 1402 927 1449 978; x_wconf 79' lang='lat' dir='ltr'><strong>eat,</strong></span> <span class='ocrx_word' id='word_1_63' title='bbox 1462 917 1484 966; x_wconf 82' lang='lat' dir='ltr'><strong>ai</strong></span> <span class='ocrx_word' id='word_1_64' title='bbox 1496 917 1529 965; x_wconf 84' lang='lat' dir='ltr'><strong>da</strong></span> <span class='ocrx_word' id='word_1_65' title='bbox 1540 931 1603 966; x_wconf 79' lang='lat' dir='ltr'><strong>ncu-</strong></span> 
     </span>
    </p>

    <p class='ocr_par' dir='ltr' id='par_1_5' title="bbox 354 983 1232 1051">
     <span class='ocr_line' id='line_1_8' title="bbox 354 983 1232 1051; baseline -0.003 -17"><span class='ocrx_word' id='word_1_66' title='bbox 354 1038 356 1043; x_wconf 68' lang='lat'>,</span> <span class='ocrx_word' id='word_1_67' title='bbox 411 994 459 1044; x_wconf 90' lang='lat' dir='ltr'><strong>tro,</strong></span> <span class='ocrx_word' id='word_1_68' title='bbox 472 985 528 1051; x_wconf 85' lang='lat' dir='ltr'><strong>ipae</strong></span> <span class='ocrx_word' id='word_1_69' title='bbox 540 994 580 1034; x_wconf 84' lang='lat' dir='ltr'><strong>eat</strong></span> <span class='ocrx_word' id='word_1_70' title='bbox 591 983 763 1033; x_wconf 82' lang='lat' dir='ltr'><strong>nominativus</strong></span> <span class='ocrx_word' id='word_1_71' title='bbox 776 984 819 1045; x_wconf 90' lang='lat' dir='ltr'><strong>qui</strong></span> <span class='ocrx_word' id='word_1_72' title='bbox 831 994 857 1032; x_wconf 87' lang='lat' dir='ltr'><strong>et</strong></span> <span class='ocrx_word' id='word_1_73' title='bbox 868 983 1030 1034; x_wconf 75' lang='lat' dir='ltr'><strong>accusativus</strong></span> <span class='ocrx_word' id='word_1_74' title='bbox 1230 993 1232 998; x_wconf 80' lang='grc'>’</span> 
     </span>
    </p>

    <p class='ocr_par' dir='ltr' id='par_1_6' title="bbox 366 1051 899 1118">
     <span class='ocr_line' id='line_1_9' title="bbox 366 1051 899 1118; baseline -0.002 -15"><span class='ocrx_word' id='word_1_75' title='bbox 366 1055 399 1104; x_wconf 91' lang='grc'><strong>24</strong></span> <span class='ocrx_word' id='word_1_76' title='bbox 411 1063 439 1102; x_wconf 91' lang='lat' dir='ltr'><strong>ut</strong></span> <span class='ocrx_word' id='word_1_77' title='bbox 451 1053 576 1118; x_wconf 88' lang='lat' dir='ltr'><strong>quiapiam</strong></span> <span class='ocrx_word' id='word_1_78' title='bbox 590 1053 692 1113; x_wconf 88' lang='lat' dir='ltr'><strong>quinam</strong></span> <span class='ocrx_word' id='word_1_79' title='bbox 704 1051 796 1116; x_wconf 85' lang='lat' dir='ltr'><strong>aliquia</strong></span> <span class='ocrx_word' id='word_1_80' title='bbox 809 1052 899 1115; x_wconf 77' lang='lat' dir='ltr'>nequis</span> 
     </span>
    </p>

    <p class='ocr_par' dir='ltr' id='par_1_7' title="bbox 310 1119 1605 1388">
     <span class='ocr_line' id='line_1_10' title="bbox 310 1119 1604 1185; baseline -0.002 -13"><span class='ocrx_word' id='word_1_81' title='bbox 310 1125 352 1184; x_wconf 90' lang='grc'><strong>53,</strong></span> <span class='ocrx_word' id='word_1_82' title='bbox 368 1123 399 1172; x_wconf 86' lang='grc'>15</span> <span class='ocrx_word' id='word_1_83' title='bbox 412 1121 471 1185; x_wconf 87' lang='lat' dir='ltr'><strong>quia</strong></span> <span class='ocrx_word' id='word_1_84' title='bbox 488 1136 537 1171; x_wconf 93' lang='lat' dir='ltr'><strong>uon</strong></span> <span class='ocrx_word' id='word_1_85' title='bbox 556 1119 617 1170; x_wconf 81' lang='lat' dir='ltr'><strong>lacit</strong></span> <span class='ocrx_word' id='word_1_86' title='bbox 633 1119 676 1169; x_wconf 90' lang='lat' dir='ltr'><strong>hic</strong></span> <span class='ocrx_word' id='word_1_87' title='bbox 692 1129 780 1170; x_wconf 80' lang='lat' dir='ltr'>neuter</span> <span class='ocrx_word' id='word_1_88' title='bbox 796 1119 872 1170; x_wconf 85' lang='lat' dir='ltr'><strong>huius</strong></span> <span class='ocrx_word' id='word_1_89' title='bbox 892 1119 983 1184; x_wconf 83' lang='lat' dir='ltr'><strong>uentri,</strong></span> <span class='ocrx_word' id='word_1_90' title='bbox 1002 1120 1068 1169; x_wconf 85' lang='lat' dir='ltr'><strong>elcut</strong></span> <span class='ocrx_word' id='word_1_91' title='bbox 1086 1133 1186 1168; x_wconf 91' lang='lat' dir='ltr'><strong>nomen.</strong></span> <span class='ocrx_word' id='word_1_92' title='bbox 1211 1119 1275 1168; x_wconf 86' lang='lat' dir='ltr'><strong>latae</strong></span> <span class='ocrx_word' id='word_1_93' title='bbox 1287 1120 1426 1185; x_wconf 71' lang='lat' dir='ltr'><strong>particulae</strong></span> <span class='ocrx_word' id='word_1_94' title='bbox 1439 1120 1532 1170; x_wconf 82' lang='lat' dir='ltr'><strong>dubiae</strong></span> <span class='ocrx_word' id='word_1_95' title='bbox 1543 1133 1604 1170; x_wconf 82' lang='lat' dir='ltr'><strong>suut</strong></span> 
     </span>
     <span class='ocr_line' id='line_1_11' title="bbox 412 1173 1602 1254; baseline -0.002 -16"><span class='ocrx_word' id='word_1_96' title='bbox 412 1190 477 1239; x_wconf 91' lang='lat' dir='ltr'><strong>iuter</strong></span> <span class='ocrx_word' id='word_1_97' title='bbox 489 1203 581 1239; x_wconf 91' lang='lat' dir='ltr'><strong>nomen</strong></span> <span class='ocrx_word' id='word_1_98' title='bbox 594 1199 619 1238; x_wconf 89' lang='lat' dir='ltr'><strong>et</strong></span> <span class='ocrx_word' id='word_1_99' title='bbox 631 1203 785 1254; x_wconf 68' lang='lat' dir='ltr'><strong>pronomem</strong></span> <span class='ocrx_word' id='word_1_100' title='bbox 802 1189 825 1238; x_wconf 86' lang='lat' dir='ltr'><strong>ai</strong></span> <span class='ocrx_word' id='word_1_101' title='bbox 837 1188 959 1238; x_wconf 79' lang='lat' dir='ltr'><strong>articulos</strong></span> <span class='ocrx_word' id='word_1_102' title='bbox 971 1187 1073 1252; x_wconf 88' lang='lat' dir='ltr'><strong>accipit,</strong></span> <span class='ocrx_word' id='word_1_103' title='bbox 1091 1201 1183 1238; x_wconf 88' lang='lat' dir='ltr'><strong>nomeu</strong></span> <span class='ocrx_word' id='word_1_104' title='bbox 1196 1173 1297 1250; x_wconf 52' lang='lat' dir='ltr'><strong>cogitio</strong></span> <span class='ocrx_word' id='word_1_105' title='bbox 1309 1199 1411 1248; x_wconf 87' lang='lat' dir='ltr'><strong>neuter;</strong></span> <span class='ocrx_word' id='word_1_106' title='bbox 1430 1189 1452 1238; x_wconf 83' lang='lat' dir='ltr'><strong>ai</strong></span> <span class='ocrx_word' id='word_1_107' title='bbox 1469 1203 1519 1238; x_wconf 91' lang='lat' dir='ltr'><strong>nou</strong></span> <span class='ocrx_word' id='word_1_108' title='bbox 1536 1189 1602 1237; x_wconf 85' lang='lat' dir='ltr'><strong>acci·</strong></span> 
     </span>
     <span class='ocr_line' id='line_1_12' title="bbox 413 1255 1605 1322; baseline -0.002 -16"><span class='ocrx_word' id='word_1_109' title='bbox 413 1257 459 1322; x_wconf 90' lang='lat' dir='ltr'><strong>pit,</strong></span> <span class='ocrx_word' id='word_1_110' title='bbox 472 1255 500 1305; x_wconf 90' lang='lat' dir='ltr'><strong>lit</strong></span> <span class='ocrx_word' id='word_1_111' title='bbox 511 1271 660 1322; x_wconf 83' lang='lat' dir='ltr'><strong>pronomen.</strong></span> <span class='ocrx_word' id='word_1_112' title='bbox 684 1257 719 1305; x_wconf 86' lang='lat' dir='ltr'><strong>ita</strong></span> <span class='ocrx_word' id='word_1_113' title='bbox 732 1268 756 1306; x_wconf 91' lang='lat' dir='ltr'><strong>et</strong></span> <span class='ocrx_word' id='word_1_114' title='bbox 767 1271 866 1308; x_wconf 79' lang='lat' dir='ltr'><strong>omnes.</strong></span> <span class='ocrx_word' id='word_1_115' title='bbox 891 1257 937 1308; x_wconf 85' lang='lat' dir='ltr'><strong>aed</strong></span> <span class='ocrx_word' id='word_1_116' title='bbox 951 1257 1007 1321; x_wconf 87' lang='lat' dir='ltr'><strong>quia</strong></span> <span class='ocrx_word' id='word_1_117' title='bbox 1021 1257 1046 1304; x_wconf 93' lang='lat' dir='ltr'><strong>iu</strong></span> <span class='ocrx_word' id='word_1_118' title='bbox 1065 1256 1182 1305; x_wconf 83' lang='lat' dir='ltr'><strong>omuibue</strong></span> <span class='ocrx_word' id='word_1_119' title='bbox 1199 1265 1277 1321; x_wconf 91' lang='lat' dir='ltr'><strong>ponat</strong></span> <span class='ocrx_word' id='word_1_120' title='bbox 1294 1255 1447 1306; x_wconf 83' lang='lat' dir='ltr'><strong>articulum?</strong></span> <span class='ocrx_word' id='word_1_121' title='bbox 1468 1271 1518 1306; x_wconf 92' lang='lat' dir='ltr'><strong>nou</strong></span> <span class='ocrx_word' id='word_1_122' title='bbox 1536 1257 1605 1305; x_wconf 89' lang='lat' dir='ltr'><strong>euim</strong></span> 
     </span>
     <span class='ocr_line' id='line_1_13' title="bbox 413 1325 797 1388; baseline 0 -13"><span class='ocrx_word' id='word_1_123' title='bbox 413 1325 531 1376; x_wconf 86' lang='lat' dir='ltr'><strong>omnibue</strong></span> <span class='ocrx_word' id='word_1_124' title='bbox 543 1325 736 1388; x_wconf 74' lang='lat' dir='ltr'><strong>pronominibus</strong></span> <span class='ocrx_word' id='word_1_125' title='bbox 749 1331 797 1375; x_wconf 82' lang='lat' dir='ltr'><strong>etc.</strong></span> 
     </span>
    </p>

    <p class='ocr_par' dir='ltr' id='par_1_8' title="bbox 311 1391 1117 1458">
     <span class='ocr_line' id='line_1_14' title="bbox 311 1391 1117 1458; baseline -0.007 -13"><span class='ocrx_word' id='word_1_126' title='bbox 311 1398 351 1453; x_wconf 87' lang='grc'><strong>54,</strong></span> <span class='ocrx_word' id='word_1_127' title='bbox 366 1397 398 1444; x_wconf 85' lang='grc'><strong>19</strong></span> <span class='ocrx_word' id='word_1_128' title='bbox 410 1407 517 1444; x_wconf 84' lang='lat' dir='ltr'><strong>aeneaco</strong></span> <span class='ocrx_word' id='word_1_129' title='bbox 529 1407 609 1444; x_wconf 84' lang='lat' dir='ltr'><strong>aencx</strong></span> <span class='ocrx_word' id='word_1_130' title='bbox 621 1407 679 1443; x_wconf 85' lang='lat' dir='ltr'><strong>eaec</strong></span> <span class='ocrx_word' id='word_1_131' title='bbox 692 1393 798 1458; x_wconf 83' lang='lat' dir='ltr'><strong>iucipi03</strong></span> <span class='ocrx_word' id='word_1_132' title='bbox 816 1406 894 1442; x_wconf 82' lang='lat' dir='ltr'><strong>aeneo</strong></span> <span class='ocrx_word' id='word_1_133' title='bbox 908 1405 957 1440; x_wconf 93' lang='lat' dir='ltr'><strong>uon</strong></span> <span class='ocrx_word' id='word_1_134' title='bbox 972 1391 1062 1440; x_wconf 80' lang='lat' dir='ltr'><strong>lectum</strong></span> <span class='ocrx_word' id='word_1_135' title='bbox 1078 1403 1117 1440; x_wconf 86' lang='lat' dir='ltr'><strong>cst</strong></span> 
     </span>
    </p>

    <p class='ocr_par' dir='ltr' id='par_1_9' title="bbox 312 1461 872 1527">
     <span class='ocr_line' id='line_1_15' title="bbox 312 1461 872 1527; baseline -0.005 -14"><span class='ocrx_word' id='word_1_136' title='bbox 312 1465 353 1522; x_wconf 91' lang='grc'><strong>55,</strong></span> <span class='ocrx_word' id='word_1_137' title='bbox 364 1465 380 1512; x_wconf 96' lang='grc'>2</span> <span class='ocrx_word' id='word_1_138' title='bbox 408 1461 543 1524; x_wconf 75' lang='lat' dir='ltr'><strong>Donatum,</strong></span> <span class='ocrx_word' id='word_1_139' title='bbox 557 1462 625 1524; x_wconf 90' lang='lat' dir='ltr'><strong>quod</strong></span> <span class='ocrx_word' id='word_1_140' title='bbox 637 1475 688 1511; x_wconf 91' lang='lat' dir='ltr'><strong>uon</strong></span> <span class='ocrx_word' id='word_1_141' title='bbox 700 1462 787 1527; x_wconf 84' lang='lat' dir='ltr'><strong>potina</strong></span> <span class='ocrx_word' id='word_1_142' title='bbox 798 1462 830 1510; x_wconf 90' lang='lat' dir='ltr'><strong>ab</strong></span> <span class='ocrx_word' id='word_1_143' title='bbox 842 1476 872 1510; x_wconf 91' lang='lat' dir='ltr'><strong>eo</strong></span> 
     </span>
    </p>

    <p class='ocr_par' dir='ltr' id='par_1_10' title="bbox 370 1526 1607 1920">
     <span class='ocr_line' id='line_1_16' title="bbox 370 1526 1607 1595; baseline -0.002 -16"><span class='ocrx_word' id='word_1_144' title='bbox 370 1532 401 1580; x_wconf 84' lang='grc'><strong>14</strong></span> <span class='ocrx_word' id='word_1_145' title='bbox 414 1530 497 1579; x_wconf 83' lang='lat' dir='ltr'><strong>omnia</strong></span> <span class='ocrx_word' id='word_1_146' title='bbox 509 1529 655 1595; x_wconf 79' lang='lat' dir='ltr'><strong>coniugatio</strong></span> <span class='ocrx_word' id='word_1_147' title='bbox 667 1531 691 1578; x_wconf 92' lang='lat' dir='ltr'><strong>in</strong></span> <span class='ocrx_word' id='word_1_148' title='bbox 705 1530 841 1595; x_wconf 86' lang='lat' dir='ltr'><strong>praeterito</strong></span> <span class='ocrx_word' id='word_1_149' title='bbox 854 1526 994 1593; x_wconf 77' lang='lat' dir='ltr'><strong>inperfecto</strong></span> <span class='ocrx_word' id='word_1_150' title='bbox 1007 1527 1033 1576; x_wconf 94' lang='lat' dir='ltr'><strong>iu</strong></span> <span class='ocrx_word' id='word_1_151' title='bbox 1048 1528 1102 1576; x_wconf 89' lang='lat' dir='ltr'><strong>bem</strong></span> <span class='ocrx_word' id='word_1_152' title='bbox 1117 1527 1178 1590; x_wconf 80' lang='lat' dir='ltr'><strong>exit,</strong></span> <span class='ocrx_word' id='word_1_153' title='bbox 1189 1535 1215 1577; x_wconf 91' lang='lat' dir='ltr'><strong>ut</strong></span> <span class='ocrx_word' id='word_1_154' title='bbox 1227 1541 1285 1577; x_wconf 89' lang='lat' dir='ltr'><strong>amo</strong></span> <span class='ocrx_word' id='word_1_155' title='bbox 1297 1527 1424 1589; x_wconf 85' lang='lat' dir='ltr'><strong>amabam,</strong></span> <span class='ocrx_word' id='word_1_156' title='bbox 1436 1528 1517 1577; x_wconf 84' lang='lat' dir='ltr'><strong>doceo</strong></span> <span class='ocrx_word' id='word_1_157' title='bbox 1530 1529 1607 1578; x_wconf 86' lang='lat' dir='ltr'><strong>doce·</strong></span> 
     </span>
     <span class='ocr_line' id='line_1_17' title="bbox 415 1595 1606 1663; baseline -0.003 -16"><span class='ocrx_word' id='word_1_158' title='bbox 415 1597 487 1660; x_wconf 84' lang='lat' dir='ltr'><strong>bam,</strong></span> <span class='ocrx_word' id='word_1_159' title='bbox 506 1597 563 1663; x_wconf 83' lang='lat' dir='ltr'><strong>lego</strong></span> <span class='ocrx_word' id='word_1_160' title='bbox 576 1597 705 1662; x_wconf 79' lang='lat' dir='ltr'><strong>legebam,</strong></span> <span class='ocrx_word' id='word_1_161' title='bbox 723 1597 799 1647; x_wconf 87' lang='lat' dir='ltr'><strong>audio</strong></span> <span class='ocrx_word' id='word_1_162' title='bbox 817 1597 945 1648; x_wconf 80' lang='lat' dir='ltr'><strong>audibam.</strong></span> <span class='ocrx_word' id='word_1_163' title='bbox 969 1595 1053 1660; x_wconf 87' lang='lat' dir='ltr'><strong>prima</strong></span> <span class='ocrx_word' id='word_1_164' title='bbox 1069 1596 1214 1660; x_wconf 78' lang='lat' dir='ltr'><strong>coniugatio</strong></span> <span class='ocrx_word' id='word_1_165' title='bbox 1227 1595 1252 1644; x_wconf 92' lang='lat' dir='ltr'><strong>iu</strong></span> <span class='ocrx_word' id='word_1_166' title='bbox 1265 1596 1401 1660; x_wconf 86' lang='lat' dir='ltr'><strong>praeterito</strong></span> <span class='ocrx_word' id='word_1_167' title='bbox 1414 1595 1530 1661; x_wconf 85' lang='lat' dir='ltr'><strong>perlecto</strong></span> <span class='ocrx_word' id='word_1_168' title='bbox 1543 1597 1567 1644; x_wconf 94' lang='lat' dir='ltr'><strong>iu</strong></span> <span class='ocrx_word' id='word_1_169' title='bbox 1580 1597 1606 1644; x_wconf 89' lang='lat' dir='ltr'><strong>ui</strong></span> 
     </span>
     <span class='ocr_line' id='line_1_18' title="bbox 414 1662 1607 1729; baseline -0.002 -15"><span class='ocrx_word' id='word_1_170' title='bbox 414 1665 527 1714; x_wconf 84' lang='lat' dir='ltr'><strong>iunctum</strong></span> <span class='ocrx_word' id='word_1_171' title='bbox 546 1665 606 1729; x_wconf 87' lang='lat' dir='ltr'><strong>exit,</strong></span> <span class='ocrx_word' id='word_1_172' title='bbox 626 1673 653 1714; x_wconf 88' lang='lat' dir='ltr'><strong>ut</strong></span> <span class='ocrx_word' id='word_1_173' title='bbox 668 1680 725 1715; x_wconf 90' lang='lat' dir='ltr'><strong>amo</strong></span> <span class='ocrx_word' id='word_1_174' title='bbox 742 1665 838 1724; x_wconf 88' lang='lat' dir='ltr'><strong>amavi;</strong></span> <span class='ocrx_word' id='word_1_175' title='bbox 860 1663 976 1714; x_wconf 78' lang='lat' dir='ltr'><strong>secunda</strong></span> <span class='ocrx_word' id='word_1_176' title='bbox 988 1663 1012 1711; x_wconf 90' lang='lat' dir='ltr'><strong>iu</strong></span> <span class='ocrx_word' id='word_1_177' title='bbox 1030 1662 1143 1714; x_wconf 77' lang='lat' dir='ltr'><strong>solutum</strong></span> <span class='ocrx_word' id='word_1_178' title='bbox 1159 1664 1184 1712; x_wconf 91' lang='lat' dir='ltr'><strong>ni</strong></span> <span class='ocrx_word' id='word_1_179' title='bbox 1203 1663 1262 1726; x_wconf 81' lang='lat' dir='ltr'><strong>exit,</strong></span> <span class='ocrx_word' id='word_1_180' title='bbox 1279 1675 1307 1714; x_wconf 92' lang='lat' dir='ltr'><strong>ut</strong></span> <span class='ocrx_word' id='word_1_181' title='bbox 1324 1663 1403 1713; x_wconf 89' lang='lat' dir='ltr'><strong>doceo</strong></span> <span class='ocrx_word' id='word_1_182' title='bbox 1420 1665 1510 1725; x_wconf 87' lang='lat' dir='ltr'><strong>docui;</strong></span> <span class='ocrx_word' id='word_1_183' title='bbox 1534 1665 1607 1712; x_wconf 86' lang='lat' dir='ltr'><strong>tertia</strong></span> 
     </span>
     <span class='ocr_line' id='line_1_19' title="bbox 414 1731 1606 1799; baseline -0.003 -16"><span class='ocrx_word' id='word_1_184' title='bbox 414 1733 560 1797; x_wconf 81' lang='lat' dir='ltr'><strong>coniugatio</strong></span> <span class='ocrx_word' id='word_1_185' title='bbox 572 1734 580 1782; x_wconf 95' lang='lat' dir='ltr'><strong>i</strong></span> <span class='ocrx_word' id='word_1_186' title='bbox 593 1741 708 1799; x_wconf 88' lang='lat' dir='ltr'><strong>correpta</strong></span> <span class='ocrx_word' id='word_1_187' title='bbox 720 1733 784 1797; x_wconf 79' lang='lat' dir='ltr'><strong>exit,</strong></span> <span class='ocrx_word' id='word_1_188' title='bbox 798 1743 826 1782; x_wconf 90' lang='lat' dir='ltr'><strong>ut</strong></span> <span class='ocrx_word' id='word_1_189' title='bbox 838 1733 895 1796; x_wconf 76' lang='lat' dir='ltr'><strong>lego</strong></span> <span class='ocrx_word' id='word_1_190' title='bbox 910 1731 975 1796; x_wconf 80' lang='lat' dir='ltr'><strong>legi3</strong></span> <span class='ocrx_word' id='word_1_191' title='bbox 994 1740 1082 1795; x_wconf 89' lang='lat' dir='ltr'><strong>quarta</strong></span> <span class='ocrx_word' id='word_1_192' title='bbox 1095 1731 1226 1797; x_wconf 89' lang='lat' dir='ltr'><strong>producta,</strong></span> <span class='ocrx_word' id='word_1_193' title='bbox 1245 1741 1272 1780; x_wconf 92' lang='lat' dir='ltr'><strong>ut</strong></span> <span class='ocrx_word' id='word_1_194' title='bbox 1283 1733 1358 1781; x_wconf 90' lang='lat' dir='ltr'><strong>audio</strong></span> <span class='ocrx_word' id='word_1_195' title='bbox 1372 1732 1449 1781; x_wconf 84' lang='lat' dir='ltr'><strong>audii.</strong></span> <span class='ocrx_word' id='word_1_196' title='bbox 1473 1741 1565 1794; x_wconf 81' lang='lat' dir='ltr'><strong>quarta</strong></span> <span class='ocrx_word' id='word_1_197' title='bbox 1581 1733 1606 1781; x_wconf 91' lang='lat' dir='ltr'><strong>in</strong></span> 
     </span>
     <span class='ocr_line' id='line_1_20' title="bbox 414 1799 1607 1866; baseline -0.003 -15"><span class='ocrx_word' id='word_1_198' title='bbox 414 1801 552 1866; x_wconf 79' lang='lat' dir='ltr'><strong>praeterito</strong></span> <span class='ocrx_word' id='word_1_199' title='bbox 568 1801 682 1866; x_wconf 82' lang='lat' dir='ltr'><strong>perlecto</strong></span> <span class='ocrx_word' id='word_1_200' title='bbox 700 1811 724 1850; x_wconf 91' lang='lat' dir='ltr'><strong>et</strong></span> <span class='ocrx_word' id='word_1_201' title='bbox 741 1801 809 1850; x_wconf 90' lang='lat' dir='ltr'><strong>audii</strong></span> <span class='ocrx_word' id='word_1_202' title='bbox 827 1811 852 1849; x_wconf 89' lang='lat' dir='ltr'><strong>et</strong></span> <span class='ocrx_word' id='word_1_203' title='bbox 862 1799 950 1850; x_wconf 86' lang='lat' dir='ltr'><strong>audivi</strong></span> <span class='ocrx_word' id='word_1_204' title='bbox 963 1811 988 1850; x_wconf 87' lang='lat' dir='ltr'><strong>ot</strong></span> <span class='ocrx_word' id='word_1_205' title='bbox 998 1799 1096 1848; x_wconf 89' lang='lat' dir='ltr'><strong>iuliuito</strong></span> <span class='ocrx_word' id='word_1_206' title='bbox 1110 1801 1185 1849; x_wconf 89' lang='lat' dir='ltr'><strong>modo</strong></span> <span class='ocrx_word' id='word_1_207' title='bbox 1199 1809 1223 1848; x_wconf 92' lang='lat' dir='ltr'><strong>ct</strong></span> <span class='ocrx_word' id='word_1_208' title='bbox 1235 1801 1340 1850; x_wconf 78' lang='lat' dir='ltr'><strong>audisne</strong></span> <span class='ocrx_word' id='word_1_209' title='bbox 1352 1809 1377 1849; x_wconf 88' lang='lat' dir='ltr'><strong>et</strong></span> <span class='ocrx_word' id='word_1_210' title='bbox 1387 1800 1529 1852; x_wconf 78' lang='lat' dir='ltr'><strong>audivisse.</strong></span> <span class='ocrx_word' id='word_1_211' title='bbox 1554 1811 1607 1849; x_wconf 77' lang='lat' dir='ltr'><strong>trra</strong></span> 
     </span>
     <span class='ocr_line' id='line_1_21' title="bbox 412 1871 571 1920; baseline 0.013 -2"><span class='ocrx_word' id='word_1_212' title='bbox 412 1871 571 1920; x_wconf 82' lang='lat' dir='ltr'><strong>littoracatc.</strong></span> 
     </span>
    </p>

    <p class='ocr_par' dir='ltr' id='par_1_11' title="bbox 366 1934 631 2002">
     <span class='ocr_line' id='line_1_22' title="bbox 366 1934 631 2002; baseline -0.015 -13"><span class='ocrx_word' id='word_1_213' title='bbox 366 1941 397 1989; x_wconf 85' lang='grc'><strong>21</strong></span> <span class='ocrx_word' id='word_1_214' title='bbox 411 1934 498 2002; x_wconf 81' lang='lat' dir='ltr'><strong>gnato]</strong></span> <span class='ocrx_word' id='word_1_215' title='bbox 510 1940 527 1987; x_wconf 87' lang='lat' dir='ltr'><strong>l.</strong></span> <span class='ocrx_word' id='word_1_216' title='bbox 539 1950 631 1987; x_wconf 83' lang='lat' dir='ltr'><strong>aucoco</strong></span> 
     </span>
    </p>

    <p class='ocr_par' dir='ltr' id='par_1_12' title="bbox 309 2003 600 2069">
     <span class='ocr_line' id='line_1_23' title="bbox 309 2003 600 2069; baseline -0.014 -11"><span class='ocrx_word' id='word_1_217' title='bbox 309 2009 379 2067; x_wconf 89' lang='grc'>55,5</span> <span class='ocrx_word' id='word_1_218' title='bbox 409 2003 485 2069; x_wconf 91' lang='lat' dir='ltr'><strong>libro]</strong></span> <span class='ocrx_word' id='word_1_219' title='bbox 498 2008 514 2055; x_wconf 88' lang='lat' dir='ltr'><strong>l.</strong></span> <span class='ocrx_word' id='word_1_220' title='bbox 528 2006 600 2055; x_wconf 85' lang='lat' dir='ltr'><strong>vibro</strong></span> 
     </span>
    </p>

    <p class='ocr_par' dir='ltr' id='par_1_13' title="bbox 312 2073 548 2140">
     <span class='ocr_line' id='line_1_24' title="bbox 312 2073 548 2140; baseline -0.017 -14"><span class='ocrx_word' id='word_1_221' title='bbox 312 2078 353 2140; x_wconf 93' lang='grc'>57,</span> <span class='ocrx_word' id='word_1_222' title='bbox 368 2078 400 2126; x_wconf 87' lang='grc'><strong>10</strong></span> <span class='ocrx_word' id='word_1_223' title='bbox 412 2075 461 2124; x_wconf 80' lang='lat' dir='ltr'><strong>ctat</strong></span> <span class='ocrx_word' id='word_1_224' title='bbox 473 2073 548 2123; x_wconf 85' lang='lat' dir='ltr'><strong>habet</strong></span> 
     </span>
    </p>

    <p class='ocr_par' dir='ltr' id='par_1_14' title="bbox 366 2139 1608 2481">
     <span class='ocr_line' id='line_1_25' title="bbox 366 2139 1608 2206; baseline -0.003 -12"><span class='ocrx_word' id='word_1_225' title='bbox 366 2145 399 2194; x_wconf 84' lang='grc'><strong>34</strong></span> <span class='ocrx_word' id='word_1_226' title='bbox 412 2152 485 2192; x_wconf 88' lang='lat' dir='ltr'><strong>notua</strong></span> <span class='ocrx_word' id='word_1_227' title='bbox 501 2150 606 2191; x_wconf 82' lang='lat' dir='ltr'><strong>naturus</strong></span> <span class='ocrx_word' id='word_1_228' title='bbox 624 2139 687 2203; x_wconf 89' lang='lat' dir='ltr'><strong>(non</strong></span> <span class='ocrx_word' id='word_1_229' title='bbox 707 2141 859 2198; x_wconf 75' lang='lat' dir='ltr'><strong>nasciturus,</strong></span> <span class='ocrx_word' id='word_1_230' title='bbox 878 2141 938 2202; x_wconf 88' lang='lat' dir='ltr'><strong>qaia</strong></span> <span class='ocrx_word' id='word_1_231' title='bbox 950 2139 1011 2190; x_wconf 81' lang='lat' dir='ltr'><strong>iacit</strong></span> <span class='ocrx_word' id='word_1_232' title='bbox 1023 2141 1054 2190; x_wconf 89' lang='lat' dir='ltr'><strong>ab</strong></span> <span class='ocrx_word' id='word_1_233' title='bbox 1067 2155 1098 2190; x_wconf 88' lang='lat' dir='ltr'><strong>eo</strong></span> <span class='ocrx_word' id='word_1_234' title='bbox 1111 2141 1180 2203; x_wconf 91' lang='lat' dir='ltr'><strong>quod</strong></span> <span class='ocrx_word' id='word_1_235' title='bbox 1193 2147 1232 2190; x_wconf 83' lang='lat' dir='ltr'><strong>cst</strong></span> <span class='ocrx_word' id='word_1_236' title='bbox 1244 2146 1332 2190; x_wconf 84' lang='lat' dir='ltr'><strong>natus:</strong></span> <span class='ocrx_word' id='word_1_237' title='bbox 1354 2141 1488 2206; x_wconf 77' lang='lat' dir='ltr'><strong>participio</strong></span> <span class='ocrx_word' id='word_1_238' title='bbox 1501 2140 1608 2206; x_wconf 83' lang='lat' dir='ltr'><strong>perlecti</strong></span> 
     </span>
     <span class='ocr_line' id='line_1_26' title="bbox 411 2207 1607 2275; baseline -0.002 -15"><span class='ocrx_word' id='word_1_239' title='bbox 411 2209 533 2275; x_wconf 83' lang='lat' dir='ltr'><strong>temporie</strong></span> <span class='ocrx_word' id='word_1_240' title='bbox 551 2225 566 2259; x_wconf 88' lang='lat' dir='ltr'><strong>a</strong></span> <span class='ocrx_word' id='word_1_241' title='bbox 582 2209 685 2274; x_wconf 86' lang='lat' dir='ltr'><strong>paaeivo</strong></span> <span class='ocrx_word' id='word_1_242' title='bbox 703 2208 777 2258; x_wconf 82' lang='lat' dir='ltr'><strong>tolles</strong></span> <span class='ocrx_word' id='word_1_243' title='bbox 793 2223 815 2269; x_wconf 84' lang='lat' dir='ltr'><strong>a,</strong></span> <span class='ocrx_word' id='word_1_244' title='bbox 833 2209 912 2258; x_wconf 76' lang='lat' dir='ltr'><strong>addar</strong></span> <span class='ocrx_word' id='word_1_245' title='bbox 929 2224 973 2258; x_wconf 82' lang='lat' dir='ltr'><strong>rua</strong></span> <span class='ocrx_word' id='word_1_246' title='bbox 992 2217 1016 2258; x_wconf 85' lang='lat' dir='ltr'><strong>et</strong></span> <span class='ocrx_word' id='word_1_247' title='bbox 1033 2209 1114 2257; x_wconf 84' lang='lat' dir='ltr'><strong>leciati</strong></span> <span class='ocrx_word' id='word_1_248' title='bbox 1132 2207 1244 2268; x_wconf 82' lang='lat' dir='ltr'><strong>luturntu</strong></span> <span class='ocrx_word' id='word_1_249' title='bbox 1262 2210 1293 2258; x_wconf 86' lang='lat' dir='ltr'><strong>ab</strong></span> <span class='ocrx_word' id='word_1_250' title='bbox 1311 2207 1410 2271; x_wconf 82' lang='lat' dir='ltr'><strong>activo)</strong></span> <span class='ocrx_word' id='word_1_251' title='bbox 1423 2221 1448 2258; x_wconf 87' lang='lat' dir='ltr'><strong>et</strong></span> <span class='ocrx_word' id='word_1_252' title='bbox 1461 2213 1607 2258; x_wconf 72' lang='lat' dir='ltr'><strong>nascendus</strong></span> 
     </span>
     <span class='ocr_line' id='line_1_27' title="bbox 413 2275 1607 2341; baseline -0.002 -13"><span class='ocrx_word' id='word_1_253' title='bbox 413 2293 463 2328; x_wconf 90' lang='lat' dir='ltr'><strong>uon</strong></span> <span class='ocrx_word' id='word_1_254' title='bbox 479 2276 548 2327; x_wconf 82' lang='lat' dir='ltr'><strong>lacit.</strong></span> <span class='ocrx_word' id='word_1_255' title='bbox 574 2277 684 2326; x_wconf 83' lang='lat' dir='ltr'><strong>moriana</strong></span> <span class='ocrx_word' id='word_1_256' title='bbox 701 2285 817 2326; x_wconf 75' lang='lat' dir='ltr'><strong>mortuus</strong></span> <span class='ocrx_word' id='word_1_257' title='bbox 834 2277 984 2326; x_wconf 83' lang='lat' dir='ltr'><strong>moritumar</strong></span> <span class='ocrx_word' id='word_1_258' title='bbox 1002 2276 1034 2326; x_wconf 87' lang='lat' dir='ltr'><strong>ab</strong></span> <span class='ocrx_word' id='word_1_259' title='bbox 1054 2291 1082 2326; x_wconf 90' lang='lat' dir='ltr'><strong>eo</strong></span> <span class='ocrx_word' id='word_1_260' title='bbox 1100 2277 1169 2340; x_wconf 87' lang='lat' dir='ltr'><strong>quod</strong></span> <span class='ocrx_word' id='word_1_261' title='bbox 1188 2287 1228 2326; x_wconf 88' lang='lat' dir='ltr'><strong>eat</strong></span> <span class='ocrx_word' id='word_1_262' title='bbox 1244 2278 1355 2326; x_wconf 82' lang='lat' dir='ltr'><strong>moriens</strong></span> <span class='ocrx_word' id='word_1_263' title='bbox 1369 2291 1420 2326; x_wconf 92' lang='lat' dir='ltr'><strong>nou</strong></span> <span class='ocrx_word' id='word_1_264' title='bbox 1433 2275 1494 2326; x_wconf 87' lang='lat' dir='ltr'><strong>lacit</strong></span> <span class='ocrx_word' id='word_1_265' title='bbox 1507 2289 1607 2341; x_wconf 77' lang='lat' dir='ltr'><strong>tempus</strong></span> 
     </span>
     <span class='ocr_line' id='line_1_28' title="bbox 410 2343 1606 2410; baseline -0.003 -14"><span class='ocrx_word' id='word_1_266' title='bbox 410 2347 524 2396; x_wconf 79' lang='lat' dir='ltr'><strong>futurum</strong></span> <span class='ocrx_word' id='word_1_267' title='bbox 539 2359 555 2394; x_wconf 88' lang='lat' dir='ltr'><strong>a</strong></span> <span class='ocrx_word' id='word_1_268' title='bbox 571 2345 674 2410; x_wconf 81' lang='lat' dir='ltr'><strong>paaeivo</strong></span> <span class='ocrx_word' id='word_1_269' title='bbox 692 2344 837 2394; x_wconf 81' lang='lat' dir='ltr'><strong>moriendus</strong></span> <span class='ocrx_word' id='word_1_270' title='bbox 854 2343 936 2408; x_wconf 82' lang='lat' dir='ltr'><strong>(aiunt</strong></span> <span class='ocrx_word' id='word_1_271' title='bbox 947 2360 1045 2406; x_wconf 82' lang='lat' dir='ltr'><strong>aniana,</strong></span> <span class='ocrx_word' id='word_1_272' title='bbox 1065 2344 1124 2394; x_wconf 87' lang='lat' dir='ltr'><strong>tollo</strong></span> <span class='ocrx_word' id='word_1_273' title='bbox 1136 2361 1159 2408; x_wconf 82' lang='lat' dir='ltr'><strong>a,</strong></span> <span class='ocrx_word' id='word_1_274' title='bbox 1177 2345 1243 2394; x_wconf 89' lang='lat' dir='ltr'><strong>adde</strong></span> <span class='ocrx_word' id='word_1_275' title='bbox 1256 2345 1312 2405; x_wconf 82' lang='lat' dir='ltr'><strong>dns,</strong></span> <span class='ocrx_word' id='word_1_276' title='bbox 1326 2355 1352 2393; x_wconf 87' lang='lat' dir='ltr'><strong>et</strong></span> <span class='ocrx_word' id='word_1_277' title='bbox 1363 2343 1450 2394; x_wconf 80' lang='lat' dir='ltr'><strong>iecisti</strong></span> <span class='ocrx_word' id='word_1_278' title='bbox 1462 2343 1577 2394; x_wconf 77' lang='lat' dir='ltr'><strong>loturum</strong></span> <span class='ocrx_word' id='word_1_279' title='bbox 1592 2359 1606 2392; x_wconf 88' lang='lat' dir='ltr'><strong>a</strong></span> 
     </span>
     <span class='ocr_line' id='line_1_29' title="bbox 410 2409 1432 2481; baseline -0.002 -17"><span class='ocrx_word' id='word_1_280' title='bbox 410 2414 523 2481; x_wconf 85' lang='lat' dir='ltr'><strong>paaaivo‚</strong></span> <span class='ocrx_word' id='word_1_281' title='bbox 536 2422 564 2462; x_wconf 88' lang='lat' dir='ltr'><strong>ut</strong></span> <span class='ocrx_word' id='word_1_282' title='bbox 576 2409 723 2476; x_wconf 75' lang='lat' dir='ltr'><strong>amandus),</strong></span> <span class='ocrx_word' id='word_1_283' title='bbox 736 2412 803 2461; x_wconf 87' lang='lat' dir='ltr'><strong>aicut</strong></span> <span class='ocrx_word' id='word_1_284' title='bbox 815 2412 865 2462; x_wconf 88' lang='lat' dir='ltr'><strong>alia</strong></span> <span class='ocrx_word' id='word_1_285' title='bbox 876 2413 979 2478; x_wconf 79' lang='lat' dir='ltr'><strong>similia,</strong></span> <span class='ocrx_word' id='word_1_286' title='bbox 993 2412 1038 2462; x_wconf 87' lang='lat' dir='ltr'><strong>eed</strong></span> <span class='ocrx_word' id='word_1_287' title='bbox 1051 2422 1091 2461; x_wconf 83' lang='lat' dir='ltr'><strong>cat</strong></span> <span class='ocrx_word' id='word_1_288' title='bbox 1102 2412 1252 2478; x_wconf 86' lang='lat' dir='ltr'><strong>participale</strong></span> <span class='ocrx_word' id='word_1_289' title='bbox 1265 2412 1432 2463; x_wconf 86' lang='lat' dir='ltr'><strong>moribundus</strong></span> 
     </span>
    </p>

    <p class='ocr_par' dir='ltr' id='par_1_15' title="bbox 310 2480 1556 2546">
     <span class='ocr_line' id='line_1_30' title="bbox 310 2480 1556 2546; baseline -0.006 -10"><span class='ocrx_word' id='word_1_290' title='bbox 310 2488 352 2546; x_wconf 87' lang='grc'><strong>53,</strong></span> <span class='ocrx_word' id='word_1_291' title='bbox 365 2487 399 2536; x_wconf 89' lang='grc'><strong>35</strong></span> <span class='ocrx_word' id='word_1_292' title='bbox 411 2495 502 2532; x_wconf 81' lang='lat' dir='ltr'><strong>vescor</strong></span> <span class='ocrx_word' id='word_1_293' title='bbox 513 2481 620 2531; x_wconf 91' lang='lat' dir='ltr'><strong>dubium</strong></span> <span class='ocrx_word' id='word_1_294' title='bbox 633 2491 673 2529; x_wconf 82' lang='lat' dir='ltr'><strong>eat</strong></span> <span class='ocrx_word' id='word_1_295' title='bbox 685 2495 728 2529; x_wconf 88' lang='lat' dir='ltr'><strong>cur</strong></span> <span class='ocrx_word' id='word_1_296' title='bbox 739 2481 873 2543; x_wconf 89' lang='lat' dir='ltr'><strong>inaequale</strong></span> <span class='ocrx_word' id='word_1_297' title='bbox 886 2481 993 2544; x_wconf 80' lang='lat' dir='ltr'><strong>dicatur,</strong></span> <span class='ocrx_word' id='word_1_298' title='bbox 1007 2489 1050 2530; x_wconf 87' lang='lat' dir='ltr'><strong>aut</strong></span> <span class='ocrx_word' id='word_1_299' title='bbox 1062 2480 1126 2530; x_wconf 80' lang='lat' dir='ltr'><strong>sorte</strong></span> <span class='ocrx_word' id='word_1_300' title='bbox 1139 2482 1196 2531; x_wconf 89' lang='lat' dir='ltr'><strong>ideo</strong></span> <span class='ocrx_word' id='word_1_301' title='bbox 1210 2495 1310 2540; x_wconf 81' lang='lat' dir='ltr'><strong>vescor,</strong></span> <span class='ocrx_word' id='word_1_302' title='bbox 1324 2481 1384 2542; x_wconf 88' lang='lat' dir='ltr'><strong>quia</strong></span> <span class='ocrx_word' id='word_1_303' title='bbox 1396 2481 1458 2530; x_wconf 83' lang='lat' dir='ltr'><strong>lacit</strong></span> <span class='ocrx_word' id='word_1_304' title='bbox 1471 2481 1556 2530; x_wconf 82' lang='lat' dir='ltr'><strong>veacni</strong></span> 
     </span>
    </p>

    <p class='ocr_par' dir='ltr' id='par_1_16' title="bbox 312 2547 920 2616">
     <span class='ocr_line' id='line_1_31' title="bbox 312 2547 920 2616; baseline -0.012 -11"><span class='ocrx_word' id='word_1_305' title='bbox 312 2555 354 2611; x_wconf 86' lang='grc'>50.</span> <span class='ocrx_word' id='word_1_306' title='bbox 367 2556 401 2604; x_wconf 90' lang='grc'><strong>30</strong></span> <span class='ocrx_word' id='word_1_307' title='bbox 412 2552 438 2600; x_wconf 88' lang='lat' dir='ltr'><strong>iu</strong></span> <span class='ocrx_word' id='word_1_308' title='bbox 453 2549 587 2616; x_wconf 82' lang='lat' dir='ltr'><strong>praeterito</strong></span> <span class='ocrx_word' id='word_1_309' title='bbox 601 2549 724 2598; x_wconf 86' lang='lat' dir='ltr'><strong>antelam</strong></span> <span class='ocrx_word' id='word_1_310' title='bbox 737 2547 832 2598; x_wconf 81' lang='lat' dir='ltr'><strong>lactum</strong></span> <span class='ocrx_word' id='word_1_311' title='bbox 844 2547 920 2598; x_wconf 79' lang='lat' dir='ltr'><strong>luerit</strong></span> 
     </span>
    </p>

    <p class='ocr_par' dir='ltr' id='par_1_17' title="bbox 311 2612 760 2682">
     <span class='ocr_line' id='line_1_32' title="bbox 311 2612 760 2682; baseline -0.016 -11"><span class='ocrx_word' id='word_1_312' title='bbox 311 2623 383 2682; x_wconf 84' lang='grc'>61,5</span> <span class='ocrx_word' id='word_1_313' title='bbox 413 2612 543 2682; x_wconf 86' lang='lat' dir='ltr'><strong>ellectum]</strong></span> <span class='ocrx_word' id='word_1_314' title='bbox 562 2616 760 2666; x_wconf 61' lang='lat' dir='ltr'><strong>&amp;elocutionem</strong></span> 
     </span>
    </p>

    <p class='ocr_par' dir='ltr' id='par_1_18' title="bbox 311 2684 739 2753">
     <span class='ocr_line' id='line_1_33' title="bbox 311 2684 739 2753; baseline -0.012 -15"><span class='ocrx_word' id='word_1_315' title='bbox 311 2691 353 2753; x_wconf 86' lang='grc'><strong>52,</strong></span> <span class='ocrx_word' id='word_1_316' title='bbox 367 2693 383 2740; x_wconf 92' lang='grc'>5</span> <span class='ocrx_word' id='word_1_317' title='bbox 412 2687 473 2736; x_wconf 85' lang='lat' dir='ltr'><strong>lacit</strong></span> <span class='ocrx_word' id='word_1_318' title='bbox 484 2684 623 2751; x_wconf 77' lang='lat' dir='ltr'><strong>inperfecto</strong></span> <span class='ocrx_word' id='word_1_319' title='bbox 636 2685 739 2748; x_wconf 85' lang='lat' dir='ltr'><strong>quidem</strong></span> 
     </span>
    </p>

    <p class='ocr_par' dir='ltr' id='par_1_19' title="bbox 366 2753 617 2820">
     <span class='ocr_line' id='line_1_34' title="bbox 366 2753 617 2820; baseline -0.024 -13"><span class='ocrx_word' id='word_1_320' title='bbox 366 2758 396 2807; x_wconf 81' lang='grc'><strong>21</strong></span> <span class='ocrx_word' id='word_1_321' title='bbox 411 2754 479 2820; x_wconf 91' lang='lat' dir='ltr'><strong>quod</strong></span> <span class='ocrx_word' id='word_1_322' title='bbox 490 2763 550 2804; x_wconf 86' lang='lat' dir='ltr'><strong>aute</strong></span> <span class='ocrx_word' id='word_1_323' title='bbox 562 2753 617 2804; x_wconf 82' lang='lat' dir='ltr'><strong>dixi</strong></span> 
     </span>
    </p>

    <p class='ocr_par' dir='ltr' id='par_1_20' title="bbox 310 2822 651 2889">
     <span class='ocr_line' id='line_1_35' title="bbox 310 2822 651 2889; baseline -0.015 -15"><span class='ocrx_word' id='word_1_324' title='bbox 310 2828 353 2889; x_wconf 84' lang='grc'><strong>53,</strong></span> <span class='ocrx_word' id='word_1_325' title='bbox 366 2828 399 2877; x_wconf 89' lang='grc'><strong>33</strong></span> <span class='ocrx_word' id='word_1_326' title='bbox 412 2824 478 2874; x_wconf 80' lang='lat' dir='ltr'><strong>sicut</strong></span> <span class='ocrx_word' id='word_1_327' title='bbox 490 2838 536 2871; x_wconf 86' lang='lat' dir='ltr'><strong>uec</strong></span> <span class='ocrx_word' id='word_1_328' title='bbox 549 2822 651 2871; x_wconf 86' lang='lat' dir='ltr'><strong>nomina</strong></span> 
     </span>
    </p>

    <p class='ocr_par' dir='ltr' id='par_1_21' title="bbox 311 2890 1608 3023">
     <span class='ocr_line' id='line_1_36' title="bbox 311 2890 1608 2957; baseline -0.004 -13"><span class='ocrx_word' id='word_1_329' title='bbox 311 2896 352 2955; x_wconf 83' lang='grc'><strong>54,</strong></span> <span class='ocrx_word' id='word_1_330' title='bbox 369 2896 398 2945; x_wconf 81' lang='lat' dir='ltr'><strong>lb</strong></span> <span class='ocrx_word' id='word_1_331' title='bbox 411 2893 470 2954; x_wconf 91' lang='lat' dir='ltr'><strong>quia</strong></span> <span class='ocrx_word' id='word_1_332' title='bbox 486 2890 690 2955; x_wconf 85' lang='lat' dir='ltr'><strong>conparationem</strong></span> <span class='ocrx_word' id='word_1_333' title='bbox 709 2891 810 2955; x_wconf 81' lang='lat' dir='ltr'><strong>recipit,</strong></span> <span class='ocrx_word' id='word_1_334' title='bbox 829 2890 896 2951; x_wconf 91' lang='lat' dir='ltr'><strong>quod</strong></span> <span class='ocrx_word' id='word_1_335' title='bbox 915 2891 1035 2940; x_wconf 90' lang='lat' dir='ltr'><strong>contiuuo</strong></span> <span class='ocrx_word' id='word_1_336' title='bbox 1053 2902 1077 2939; x_wconf 88' lang='lat' dir='ltr'><strong>ct</strong></span> <span class='ocrx_word' id='word_1_337' title='bbox 1095 2890 1160 2941; x_wconf 84' lang='lat' dir='ltr'><strong>laiac</strong></span> <span class='ocrx_word' id='word_1_338' title='bbox 1178 2891 1261 2941; x_wconf 82' lang='lat' dir='ltr'><strong>lucere</strong></span> <span class='ocrx_word' id='word_1_339' title='bbox 1281 2906 1329 2940; x_wconf 90' lang='lat' dir='ltr'><strong>uou</strong></span> <span class='ocrx_word' id='word_1_340' title='bbox 1343 2900 1435 2957; x_wconf 76' lang='lat' dir='ltr'><strong>potest.</strong></span> <span class='ocrx_word' id='word_1_341' title='bbox 1464 2905 1512 2941; x_wconf 91' lang='lat' dir='ltr'><strong>nou</strong></span> <span class='ocrx_word' id='word_1_342' title='bbox 1526 2899 1608 2955; x_wconf 81' lang='lat' dir='ltr'><strong>potest</strong></span> 
     </span>
     <span class='ocr_line' id='line_1_37' title="bbox 413 2958 1288 3023; baseline 0 -14"><span class='ocrx_word' id='word_1_343' title='bbox 413 2960 498 3009; x_wconf 86' lang='lat' dir='ltr'><strong>lacere</strong></span> <span class='ocrx_word' id='word_1_344' title='bbox 510 2958 711 3023; x_wconf 86' lang='lat' dir='ltr'><strong>conparutlvnm‚</strong></span> <span class='ocrx_word' id='word_1_345' title='bbox 724 2959 785 3021; x_wconf 87' lang='lat' dir='ltr'><strong>quia</strong></span> <span class='ocrx_word' id='word_1_346' title='bbox 797 2959 911 3023; x_wconf 78' lang='lat' dir='ltr'><strong>duplicat</strong></span> <span class='ocrx_word' id='word_1_347' title='bbox 923 2960 1080 3009; x_wconf 73' lang='lat' dir='ltr'><strong>adverbium.</strong></span> <span class='ocrx_word' id='word_1_348' title='bbox 1106 2974 1164 3009; x_wconf 86' lang='lat' dir='ltr'><strong>uam</strong></span> <span class='ocrx_word' id='word_1_349' title='bbox 1179 2960 1228 3009; x_wconf 83' lang='lat' dir='ltr'><strong>ista</strong></span> <span class='ocrx_word' id='word_1_350' title='bbox 1240 2966 1288 3009; x_wconf 88' lang='lat' dir='ltr'><strong>etc.</strong></span> 
     </span>
    </p>

    <p class='ocr_par' dir='ltr' id='par_1_22' title="bbox 367 3025 1314 3092">
     <span class='ocr_line' id='line_1_38' title="bbox 367 3025 1314 3092; baseline -0.003 -12"><span class='ocrx_word' id='word_1_351' title='bbox 367 3032 401 3080; x_wconf 91' lang='grc'><strong>23</strong></span> <span class='ocrx_word' id='word_1_352' title='bbox 413 3027 481 3092; x_wconf 85' lang='lat' dir='ltr'><strong>quod</strong></span> <span class='ocrx_word' id='word_1_353' title='bbox 494 3041 545 3076; x_wconf 93' lang='lat' dir='ltr'><strong>nou</strong></span> <span class='ocrx_word' id='word_1_354' title='bbox 558 3026 649 3075; x_wconf 87' lang='lat' dir='ltr'><strong>dicitnr</strong></span> <span class='ocrx_word' id='word_1_355' title='bbox 661 3025 692 3074; x_wconf 89' lang='lat' dir='ltr'><strong>de</strong></span> <span class='ocrx_word' id='word_1_356' title='bbox 704 3026 781 3076; x_wconf 90' lang='lat' dir='ltr'><strong>domo</strong></span> <span class='ocrx_word' id='word_1_357' title='bbox 794 3028 877 3086; x_wconf 86' lang='lat' dir='ltr'><strong>venio,</strong></span> <span class='ocrx_word' id='word_1_358' title='bbox 892 3028 938 3077; x_wconf 83' lang='lat' dir='ltr'><strong>aed</strong></span> <span class='ocrx_word' id='word_1_359' title='bbox 951 3027 1026 3077; x_wconf 91' lang='lat' dir='ltr'><strong>domo</strong></span> <span class='ocrx_word' id='word_1_360' title='bbox 1038 3028 1122 3087; x_wconf 84' lang='lat' dir='ltr'><strong>verrio,</strong></span> <span class='ocrx_word' id='word_1_361' title='bbox 1141 3038 1170 3077; x_wconf 91' lang='lat' dir='ltr'><strong>ut</strong></span> <span class='ocrx_word' id='word_1_362' title='bbox 1181 3027 1314 3077; x_wconf 86' lang='lat' dir='ltr'><strong>Terentina</strong></span> 
     </span>
    </p>

    <p class='ocr_par' dir='ltr' id='par_1_23' title="bbox 312 3092 866 3159">
     <span class='ocr_line' id='line_1_39' title="bbox 312 3092 866 3159; baseline -0.007 -11"><span class='ocrx_word' id='word_1_363' title='bbox 312 3100 354 3156; x_wconf 92' lang='grc'><strong>55,</strong></span> <span class='ocrx_word' id='word_1_364' title='bbox 366 3101 399 3147; x_wconf 92' lang='grc'><strong>22</strong></span> <span class='ocrx_word' id='word_1_365' title='bbox 413 3104 438 3146; x_wconf 89' lang='lat' dir='ltr'><strong>el</strong></span> <span class='ocrx_word' id='word_1_366' title='bbox 449 3093 538 3156; x_wconf 89' lang='lat' dir='ltr'><strong>veluti,</strong></span> <span class='ocrx_word' id='word_1_367' title='bbox 552 3102 580 3144; x_wconf 90' lang='lat' dir='ltr'><strong>nt</strong></span> <span class='ocrx_word' id='word_1_368' title='bbox 592 3093 684 3143; x_wconf 86' lang='lat' dir='ltr'><strong>‘veluti</strong></span> <span class='ocrx_word' id='word_1_369' title='bbox 696 3092 803 3159; x_wconf 79' lang='lat' dir='ltr'><strong>maguo’</strong></span> <span class='ocrx_word' id='word_1_370' title='bbox 817 3102 866 3144; x_wconf 84' lang='lat' dir='ltr'><strong>etc.</strong></span> 
     </span>
    </p>

    <p class='ocr_par' dir='ltr' id='par_1_24' title="bbox 312 3162 1214 3230">
     <span class='ocr_line' id='line_1_40' title="bbox 312 3162 1214 3230; baseline -0.016 -13"><span class='ocrx_word' id='word_1_371' title='bbox 312 3168 383 3230; x_wconf 87' lang='grc'>57,1</span> <span class='ocrx_word' id='word_1_372' title='bbox 413 3165 435 3214; x_wconf 87' lang='lat' dir='ltr'><strong>ei</strong></span> <span class='ocrx_word' id='word_1_373' title='bbox 447 3164 546 3213; x_wconf 89' lang='lat' dir='ltr'><strong>tractim</strong></span> <span class='ocrx_word' id='word_1_374' title='bbox 559 3170 653 3211; x_wconf 83' lang='lat' dir='ltr'><strong>etcum</strong></span> <span class='ocrx_word' id='word_1_375' title='bbox 666 3162 754 3212; x_wconf 88' lang='lat' dir='ltr'><strong>dolore</strong></span> <span class='ocrx_word' id='word_1_376' title='bbox 1203 3178 1214 3217; x_wconf 53' lang='grc' dir='ltr'>ι</span> 
     </span>
    </p>

    <p class='ocr_par' dir='ltr' id='par_1_25' title="bbox 311 3230 1015 3295">
     <span class='ocr_line' id='line_1_41' title="bbox 311 3230 1015 3295; baseline -0.009 -10"><span class='ocrx_word' id='word_1_377' title='bbox 311 3236 353 3295; x_wconf 84' lang='grc'><strong>55,</strong></span> <span class='ocrx_word' id='word_1_378' title='bbox 366 3236 400 3284; x_wconf 90' lang='grc'><strong>24</strong></span> <span class='ocrx_word' id='word_1_379' title='bbox 413 3232 553 3282; x_wconf 85' lang='lat' dir='ltr'><strong>notandum</strong></span> <span class='ocrx_word' id='word_1_380' title='bbox 568 3240 592 3279; x_wconf 88' lang='lat' dir='ltr'><strong>et</strong></span> <span class='ocrx_word' id='word_1_381' title='bbox 605 3230 736 3280; x_wconf 88' lang='lat' dir='ltr'><strong>nominum</strong></span> <span class='ocrx_word' id='word_1_382' title='bbox 749 3230 942 3280; x_wconf 88' lang='lat' dir='ltr'><strong>inminutionem</strong></span> <span class='ocrx_word' id='word_1_383' title='bbox 957 3246 1015 3281; x_wconf 84' lang='lat' dir='ltr'><strong>ease</strong></span> 
     </span>
    </p>

    <p class='ocr_par' dir='ltr' id='par_1_26' title="bbox 367 3298 966 3365">
     <span class='ocr_line' id='line_1_42' title="bbox 367 3298 966 3365; baseline -0.003 -15"><span class='ocrx_word' id='word_1_384' title='bbox 367 3306 400 3353; x_wconf 88' lang='grc'><strong>33</strong></span> <span class='ocrx_word' id='word_1_385' title='bbox 413 3310 450 3365; x_wconf 89' lang='grc' dir='ltr'>ιιι,</span> <span class='ocrx_word' id='word_1_386' title='bbox 463 3300 566 3363; x_wconf 85' lang='lat' dir='ltr'><strong>qnando</strong></span> <span class='ocrx_word' id='word_1_387' title='bbox 578 3298 729 3349; x_wconf 78' lang='lat' dir='ltr'><strong>adverbium</strong></span> <span class='ocrx_word' id='word_1_388' title='bbox 743 3309 787 3359; x_wconf 83' lang='lat' dir='ltr'><strong>eat,</strong></span> <span class='ocrx_word' id='word_1_389' title='bbox 819 3308 905 3365; x_wconf 87' lang='lat' dir='ltr'><strong>ropter</strong></span> <span class='ocrx_word' id='word_1_390' title='bbox 918 3306 966 3349; x_wconf 80' lang='lat' dir='ltr'><strong>etc.</strong></span> 
     </span>
    </p>

    <p class='ocr_par' dir='ltr' id='par_1_27' title="bbox 368 3314 1607 3499">
     <span class='ocr_line' id='line_1_43' title="bbox 368 3314 1607 3434; baseline -0.004 -14"><span class='ocrx_word' id='word_1_391' title='bbox 368 3372 401 3423; x_wconf 87' lang='grc'><strong>35</strong></span> <span class='ocrx_word' id='word_1_392' title='bbox 413 3368 480 3434; x_wconf 86' lang='lat' dir='ltr'><strong>apud</strong></span> <span class='ocrx_word' id='word_1_393' title='bbox 498 3367 645 3417; x_wconf 88' lang='lat' dir='ltr'><strong>Terentium</strong></span> <span class='ocrx_word' id='word_1_394' title='bbox 662 3366 775 3431; x_wconf 84' lang='lat' dir='ltr'><strong>prolecto</strong></span> <span class='ocrx_word' id='word_1_395' title='bbox 794 3314 863 3433; x_wconf 46' lang='lat' dir='ltr'><strong>gine</strong></span> <span class='ocrx_word' id='word_1_396' title='bbox 880 3363 969 3433; x_wconf 92' lang='lat' dir='ltr'><strong>dnbio]</strong></span> <span class='ocrx_word' id='word_1_397' title='bbox 989 3369 1045 3419; x_wconf 87' lang='lat' dir='ltr'><strong>aine</strong></span> <span class='ocrx_word' id='word_1_398' title='bbox 1062 3368 1166 3418; x_wconf 88' lang='lat' dir='ltr'><strong>articulo</strong></span> <span class='ocrx_word' id='word_1_399' title='bbox 1189 3368 1337 3418; x_wconf 75' lang='lat' dir='ltr'><strong>adverbium</strong></span> <span class='ocrx_word' id='word_1_400' title='bbox 1356 3378 1407 3425; x_wconf 81' lang='lat' dir='ltr'><strong>est,</strong></span> <span class='ocrx_word' id='word_1_401' title='bbox 1430 3376 1458 3416; x_wconf 90' lang='lat' dir='ltr'><strong>ut</strong></span> <span class='ocrx_word' id='word_1_402' title='bbox 1478 3379 1517 3417; x_wconf 79' lang='lat' dir='ltr'><strong>eat</strong></span> <span class='ocrx_word' id='word_1_403' title='bbox 1535 3366 1607 3425; x_wconf 79' lang='lat' dir='ltr'><strong>salso,</strong></span> 
     </span>
     <span class='ocr_line' id='line_1_44' title="bbox 414 3436 533 3499; baseline 0 -14"><span class='ocrx_word' id='word_1_404' title='bbox 414 3436 533 3499; x_wconf 78' lang='lat' dir='ltr'><strong>quincta.</strong></span> 
     </span>
    </p>

    <p class='ocr_par' dir='ltr' id='par_1_28' title="bbox 313 3502 1610 3688">
     <span class='ocr_line' id='line_1_45' title="bbox 313 3502 1609 3571; baseline -0.005 -13"><span class='ocrx_word' id='word_1_405' title='bbox 313 3508 355 3569; x_wconf 81' lang='grc'>59,</span> <span class='ocrx_word' id='word_1_406' title='bbox 368 3509 385 3557; x_wconf 87' lang='grc'><strong>9</strong></span> <span class='ocrx_word' id='word_1_407' title='bbox 414 3514 519 3570; x_wconf 87' lang='lat' dir='ltr'><strong>propter</strong></span> <span class='ocrx_word' id='word_1_408' title='bbox 530 3502 679 3552; x_wconf 79' lang='lat' dir='ltr'><strong>adverbium</strong></span> <span class='ocrx_word' id='word_1_409' title='bbox 692 3512 740 3563; x_wconf 82' lang='lat' dir='ltr'><strong>cat,</strong></span> <span class='ocrx_word' id='word_1_410' title='bbox 754 3512 783 3553; x_wconf 88' lang='grc' dir='ltr'><strong>ιιι</strong></span> <span class='ocrx_word' id='word_1_411' title='bbox 795 3512 898 3569; x_wconf 90' lang='lat' dir='ltr'><strong>propter</strong></span> <span class='ocrx_word' id='word_1_412' title='bbox 911 3506 997 3563; x_wconf 78' lang='lat' dir='ltr'><strong>uedeo,</strong></span> <span class='ocrx_word' id='word_1_413' title='bbox 1016 3504 1181 3571; x_wconf 69' lang='lat' dir='ltr'><strong>praeponam,</strong></span> <span class='ocrx_word' id='word_1_414' title='bbox 1201 3514 1227 3551; x_wconf 88' lang='lat' dir='ltr'><strong>ut</strong></span> <span class='ocrx_word' id='word_1_415' title='bbox 1240 3512 1342 3569; x_wconf 86' lang='lat' dir='ltr'><strong>propter</strong></span> <span class='ocrx_word' id='word_1_416' title='bbox 1353 3518 1436 3565; x_wconf 84' lang='lat' dir='ltr'><strong>aquae</strong></span> <span class='ocrx_word' id='word_1_417' title='bbox 1448 3504 1545 3563; x_wconf 89' lang='lat' dir='ltr'><strong>rivum,</strong></span> <span class='ocrx_word' id='word_1_418' title='bbox 1562 3502 1609 3551; x_wconf 83' lang='lat' dir='ltr'><strong>hoc</strong></span> 
     </span>
     <span class='ocr_line' id='line_1_46' title="bbox 416 3572 1610 3637; baseline -0.001 -17"><span class='ocrx_word' id='word_1_419' title='bbox 416 3582 456 3622; x_wconf 87' lang='lat' dir='ltr'><strong>eat</strong></span> <span class='ocrx_word' id='word_1_420' title='bbox 475 3572 557 3623; x_wconf 84' lang='lat' dir='ltr'><strong>iuxta.</strong></span> <span class='ocrx_word' id='word_1_421' title='bbox 581 3578 610 3619; x_wconf 88' lang='lat' dir='ltr'><strong>ut</strong></span> <span class='ocrx_word' id='word_1_422' title='bbox 630 3581 734 3636; x_wconf 85' lang='lat' dir='ltr'><strong>propter</strong></span> <span class='ocrx_word' id='word_1_423' title='bbox 753 3572 787 3620; x_wconf 83' lang='lat' dir='ltr'><strong>itu</strong></span> <span class='ocrx_word' id='word_1_424' title='bbox 808 3581 833 3619; x_wconf 91' lang='lat' dir='ltr'><strong>et</strong></span> <span class='ocrx_word' id='word_1_425' title='bbox 852 3580 926 3633; x_wconf 81' lang='lat' dir='ltr'><strong>antc3</strong></span> <span class='ocrx_word' id='word_1_426' title='bbox 948 3584 1007 3622; x_wconf 89' lang='lat' dir='ltr'><strong>ante</strong></span> <span class='ocrx_word' id='word_1_427' title='bbox 1023 3584 1048 3621; x_wconf 88' lang='lat' dir='ltr'><strong>ta</strong></span> <span class='ocrx_word' id='word_1_428' title='bbox 1066 3572 1123 3622; x_wconf 91' lang='lat' dir='ltr'><strong>veui</strong></span> <span class='ocrx_word' id='word_1_429' title='bbox 1140 3572 1295 3637; x_wconf 82' lang='lat' dir='ltr'><strong>praepositio</strong></span> <span class='ocrx_word' id='word_1_430' title='bbox 1313 3580 1365 3633; x_wconf 84' lang='lat' dir='ltr'><strong>est,</strong></span> <span class='ocrx_word' id='word_1_431' title='bbox 1383 3582 1442 3621; x_wconf 85' lang='lat' dir='ltr'><strong>aute</strong></span> <span class='ocrx_word' id='word_1_432' title='bbox 1459 3572 1548 3621; x_wconf 89' lang='lat' dir='ltr'><strong>audivi</strong></span> <span class='ocrx_word' id='word_1_433' title='bbox 1565 3572 1610 3620; x_wconf 89' lang='lat' dir='ltr'><strong>ad·</strong></span> 
     </span>
     <span class='ocr_line' id='line_1_47' title="bbox 414 3640 529 3688; baseline 0 0"><span class='ocrx_word' id='word_1_434' title='bbox 414 3640 529 3688; x_wconf 85' lang='lat' dir='ltr'><strong>verbium</strong></span> 
     </span>
    </p>

    <p class='ocr_par' dir='ltr' id='par_1_29' title="bbox 369 3706 1609 3841">
     <span class='ocr_line' id='line_1_48' title="bbox 369 3706 1609 3773; baseline -0.005 -12"><span class='ocrx_word' id='word_1_435' title='bbox 369 3711 403 3761; x_wconf 85' lang='grc'><strong>24</strong></span> <span class='ocrx_word' id='word_1_436' title='bbox 414 3706 501 3757; x_wconf 75' lang='lat' dir='ltr'><strong>Africa</strong></span> <span class='ocrx_word' id='word_1_437' title='bbox 517 3720 609 3756; x_wconf 88' lang='lat' dir='ltr'><strong>nomen</strong></span> <span class='ocrx_word' id='word_1_438' title='bbox 627 3717 674 3767; x_wconf 83' lang='lat' dir='ltr'><strong>eat,</strong></span> <span class='ocrx_word' id='word_1_439' title='bbox 693 3721 743 3756; x_wconf 93' lang='lat' dir='ltr'><strong>uon</strong></span> <span class='ocrx_word' id='word_1_440' title='bbox 760 3707 918 3757; x_wconf 85' lang='lat' dir='ltr'><strong>adverbium.</strong></span> <span class='ocrx_word' id='word_1_441' title='bbox 943 3708 1070 3773; x_wconf 80' lang='lat' dir='ltr'><strong>siguificat</strong></span> <span class='ocrx_word' id='word_1_442' title='bbox 1087 3708 1153 3757; x_wconf 86' lang='lat' dir='ltr'><strong>cuim</strong></span> <span class='ocrx_word' id='word_1_443' title='bbox 1172 3722 1222 3757; x_wconf 93' lang='lat' dir='ltr'><strong>nou</strong></span> <span class='ocrx_word' id='word_1_444' title='bbox 1239 3708 1271 3757; x_wconf 93' lang='lat' dir='ltr'><strong>de</strong></span> <span class='ocrx_word' id='word_1_445' title='bbox 1284 3709 1384 3757; x_wconf 86' lang='lat' dir='ltr'><strong>civitate</strong></span> <span class='ocrx_word' id='word_1_446' title='bbox 1397 3722 1438 3757; x_wconf 88' lang='lat' dir='ltr'><strong>me</strong></span> <span class='ocrx_word' id='word_1_447' title='bbox 1451 3708 1551 3766; x_wconf 82' lang='lat' dir='ltr'><strong>venire,</strong></span> <span class='ocrx_word' id='word_1_448' title='bbox 1564 3706 1609 3755; x_wconf 85' lang='lat' dir='ltr'><strong>sed</strong></span> 
     </span>
     <span class='ocr_line' id='line_1_49' title="bbox 416 3774 633 3841; baseline -0.009 -16"><span class='ocrx_word' id='word_1_449' title='bbox 416 3774 633 3841; x_wconf 74' lang='lat' dir='ltr'><strong>deipearegioua</strong></span> 
     </span>
    </p>

    <p class='ocr_par' dir='ltr' id='par_1_30' title="bbox 313 3841 1609 3979">
     <span class='ocr_line' id='line_1_50' title="bbox 313 3841 1609 3909; baseline -0.003 -14"><span class='ocrx_word' id='word_1_450' title='bbox 313 3850 355 3909; x_wconf 90' lang='grc'><strong>70,</strong></span> <span class='ocrx_word' id='word_1_451' title='bbox 368 3848 384 3895; x_wconf 90' lang='grc'>2</span> <span class='ocrx_word' id='word_1_452' title='bbox 413 3844 458 3895; x_wconf 85' lang='lat' dir='ltr'><strong>sed</strong></span> <span class='ocrx_word' id='word_1_453' title='bbox 476 3842 524 3893; x_wconf 87' lang='lat' dir='ltr'><strong>hoo</strong></span> <span class='ocrx_word' id='word_1_454' title='bbox 541 3841 736 3902; x_wconf 78' lang='lat' dir='ltr'><strong>observandam,</strong></span> <span class='ocrx_word' id='word_1_455' title='bbox 756 3843 805 3892; x_wconf 84' lang='lat' dir='ltr'><strong>uiri</strong></span> <span class='ocrx_word' id='word_1_456' title='bbox 824 3844 964 3893; x_wconf 80' lang='lat' dir='ltr'><strong>secundum</strong></span> <span class='ocrx_word' id='word_1_457' title='bbox 982 3854 1064 3894; x_wconf 85' lang='lat' dir='ltr'><strong>certoa</strong></span> <span class='ocrx_word' id='word_1_458' title='bbox 1077 3856 1162 3903; x_wconf 83' lang='lat' dir='ltr'><strong>conoe,</strong></span> <span class='ocrx_word' id='word_1_459' title='bbox 1175 3858 1241 3907; x_wconf 85' lang='lat' dir='ltr'><strong>quoa</strong></span> <span class='ocrx_word' id='word_1_460' title='bbox 1254 3854 1344 3909; x_wconf 87' lang='lat' dir='ltr'><strong>poetae</strong></span> <span class='ocrx_word' id='word_1_461' title='bbox 1356 3854 1524 3909; x_wconf 70' lang='lat' dir='ltr'><strong>normarum,</strong></span> <span class='ocrx_word' id='word_1_462' title='bbox 1537 3858 1609 3908; x_wconf 88' lang='lat' dir='ltr'><strong>prae·</strong></span> 
     </span>
     <span class='ocr_line' id='line_1_51' title="bbox 418 3909 822 3979; baseline -0.005 -18"><span class='ocrx_word' id='word_1_463' title='bbox 418 3912 557 3979; x_wconf 72' lang='lat' dir='ltr'><strong>positiones</strong></span> <span class='ocrx_word' id='word_1_464' title='bbox 569 3909 629 3959; x_wconf 87' lang='lat' dir='ltr'><strong>addi</strong></span> <span class='ocrx_word' id='word_1_465' title='bbox 643 3925 693 3960; x_wconf 94' lang='lat' dir='ltr'><strong>uon</strong></span> <span class='ocrx_word' id='word_1_466' title='bbox 706 3920 822 3975; x_wconf 83' lang='lat' dir='ltr'><strong>oportere</strong></span> 
     </span>
    </p>

    <p class='ocr_par' dir='ltr' id='par_1_31' title="bbox 315 3979 661 4046">
     <span class='ocr_line' id='line_1_52' title="bbox 315 3979 661 4046; baseline -0.02 -13"><span class='ocrx_word' id='word_1_467' title='bbox 315 3984 384 4043; x_wconf 89' lang='grc'>71,1</span> <span class='ocrx_word' id='word_1_468' title='bbox 414 3995 464 4046; x_wconf 88' lang='lat' dir='ltr'><strong>qna</strong></span> <span class='ocrx_word' id='word_1_469' title='bbox 476 3979 661 4043; x_wconf 81' lang='lat' dir='ltr'><strong>intelleguntur</strong></span> 
     </span>
    </p>

    <p class='ocr_par' dir='ltr' id='par_1_32' title="bbox 368 4046 1605 4167">
     <span class='ocr_line' id='line_1_53' title="bbox 368 4046 1605 4115; baseline -0.005 -14"><span class='ocrx_word' id='word_1_470' title='bbox 368 4054 385 4101; x_wconf 88' lang='grc'>4</span> <span class='ocrx_word' id='word_1_471' title='bbox 414 4049 522 4115; x_wconf 75' lang='lat' dir='ltr'><strong>qualitas</strong></span> <span class='ocrx_word' id='word_1_472' title='bbox 539 4062 621 4112; x_wconf 79' lang='lat' dir='ltr'><strong>genua</strong></span> <span class='ocrx_word' id='word_1_473' title='bbox 639 4058 687 4111; x_wconf 86' lang='lat' dir='ltr'><strong>cat,</strong></span> <span class='ocrx_word' id='word_1_474' title='bbox 705 4046 855 4111; x_wconf 81' lang='lat' dir='ltr'><strong>aiguilicatio</strong></span> <span class='ocrx_word' id='word_1_475' title='bbox 872 4050 980 4115; x_wconf 84' lang='lat' dir='ltr'><strong>apaciea.</strong></span> <span class='ocrx_word' id='word_1_476' title='bbox 1006 4046 1205 4113; x_wconf 76' lang='lat' dir='ltr'><strong>significationen</strong></span> <span class='ocrx_word' id='word_1_477' title='bbox 1223 4048 1413 4114; x_wconf 87' lang='lat' dir='ltr'><strong>participiorum</strong></span> <span class='ocrx_word' id='word_1_478' title='bbox 1432 4058 1457 4097; x_wconf 90' lang='lat' dir='ltr'><strong>et</strong></span> <span class='ocrx_word' id='word_1_479' title='bbox 1470 4049 1605 4099; x_wconf 83' lang='lat' dir='ltr'><strong>verborum</strong></span> 
     </span>
     <span class='ocr_line' id='line_1_54' title="bbox 416 4116 585 4167; baseline -0.006 -1"><span class='ocrx_word' id='word_1_480' title='bbox 416 4116 585 4167; x_wconf 83' lang='lat' dir='ltr'><strong>eimileaanut</strong></span> 
     </span>
    </p>

    <p class='ocr_par' dir='ltr' id='par_1_33' title="bbox 369 4183 1523 4251">
     <span class='ocr_line' id='line_1_55' title="bbox 369 4183 1523 4251; baseline -0.003 -14"><span class='ocrx_word' id='word_1_481' title='bbox 369 4190 402 4237; x_wconf 80' lang='lat'><strong>30</strong></span> <span class='ocrx_word' id='word_1_482' title='bbox 415 4186 514 4251; x_wconf 80' lang='lat' dir='ltr'><strong>pudone</strong></span> <span class='ocrx_word' id='word_1_483' title='bbox 526 4183 632 4234; x_wconf 69' lang='lat' dir='ltr'><strong>wedene</strong></span> <span class='ocrx_word' id='word_1_484' title='bbox 644 4185 778 4249; x_wconf 73' lang='lat' dir='ltr'><strong>paenitens</strong></span> <span class='ocrx_word' id='word_1_485' title='bbox 791 4185 921 4251; x_wconf 87' lang='lat' dir='ltr'><strong>quaeritur</strong></span> <span class='ocrx_word' id='word_1_486' title='bbox 934 4196 1017 4233; x_wconf 88' lang='lat' dir='ltr'><strong>utrum</strong></span> <span class='ocrx_word' id='word_1_487' title='bbox 1030 4184 1107 4233; x_wconf 84' lang='lat' dir='ltr'><strong>iaciat</strong></span> <span class='ocrx_word' id='word_1_488' title='bbox 1119 4186 1150 4233; x_wconf 92' lang='lat' dir='ltr'><strong>ab</strong></span> <span class='ocrx_word' id='word_1_489' title='bbox 1162 4183 1315 4249; x_wconf 86' lang='lat' dir='ltr'><strong>inpersouali</strong></span> <span class='ocrx_word' id='word_1_490' title='bbox 1333 4183 1410 4233; x_wconf 87' lang='lat' dir='ltr'><strong>verbo</strong></span> <span class='ocrx_word' id='word_1_491' title='bbox 1424 4198 1456 4232; x_wconf 88' lang='lat' dir='ltr'><strong>an</strong></span> <span class='ocrx_word' id='word_1_492' title='bbox 1473 4196 1523 4233; x_wconf 90' lang='lat' dir='ltr'><strong>uon</strong></span> 
     </span>
    </p>

    <p class='ocr_par' dir='ltr' id='par_1_34' title="bbox 316 4252 741 4314">
     <span class='ocr_line' id='line_1_56' title="bbox 316 4252 741 4314; baseline -0.007 -10"><span class='ocrx_word' id='word_1_493' title='bbox 316 4257 356 4313; x_wconf 87' lang='grc'><strong>72,</strong></span> <span class='ocrx_word' id='word_1_494' title='bbox 370 4257 387 4304; x_wconf 85' lang='grc'>4</span> <span class='ocrx_word' id='word_1_495' title='bbox 416 4264 521 4303; x_wconf 78' lang='lat' dir='ltr'><strong>cenatus</strong></span> <span class='ocrx_word' id='word_1_496' title='bbox 532 4252 636 4314; x_wconf 81' lang='lat' dir='ltr'><strong>quidem</strong></span> <span class='ocrx_word' id='word_1_497' title='bbox 648 4252 741 4302; x_wconf 86' lang='lat' dir='ltr'><strong>dicitur</strong></span> 
     </span>
    </p>

    <p class='ocr_par' dir='ltr' id='par_1_35' title="bbox 316 4314 1290 4387">
     <span class='ocr_line' id='line_1_57' title="bbox 316 4314 1290 4387; baseline -0.003 -15"><span class='ocrx_word' id='word_1_498' title='bbox 316 4325 357 4381; x_wconf 87' lang='grc'>75,</span> <span class='ocrx_word' id='word_1_499' title='bbox 370 4324 405 4372; x_wconf 91' lang='grc'><strong>25</strong></span> <span class='ocrx_word' id='word_1_500' title='bbox 418 4317 506 4387; x_wconf 84' lang='lat' dir='ltr'><strong>iratra]</strong></span> <span class='ocrx_word' id='word_1_501' title='bbox 517 4320 632 4382; x_wconf 64' lang='lat' dir='ltr'><strong>sulcare</strong></span> <span class='ocrx_word' id='word_1_502' title='bbox 644 4321 746 4370; x_wconf 78' lang='lat' dir='ltr'><strong>sinistra</strong></span> <span class='ocrx_word' id='word_1_503' title='bbox 758 4319 804 4387; x_wconf 78' lang='lat' dir='ltr'><strong>[cf.</strong></span> <span class='ocrx_word' id='word_1_504' title='bbox 818 4320 922 4372; x_wconf 76' lang='lat' dir='ltr'><strong>Sattuat.</strong></span> <span class='ocrx_word' id='word_1_505' title='bbox 935 4320 1029 4385; x_wconf 75' lang='lat' dir='ltr'><strong>[raptu.</strong></span> <span class='ocrx_word' id='word_1_506' title='bbox 1043 4322 1082 4370; x_wconf 82' lang='lat' dir='ltr'><strong>ccl.</strong></span> <span class='ocrx_word' id='word_1_507' title='bbox 1098 4320 1208 4371; x_wconf 76' lang='lat' dir='ltr'><strong>dictord.</strong></span> <span class='ocrx_word' id='word_1_508' title='bbox 1220 4335 1248 4383; x_wconf 86' lang='lat' dir='ltr'><strong>p.</strong></span> <span class='ocrx_word' id='word_1_509' title='bbox 1262 4314 1290 4385; x_wconf 93' lang='grc'>5]</span> 
     </span>
    </p>

    <p class='ocr_par' dir='ltr' id='par_1_36' title="bbox 316 4388 972 4454">
     <span class='ocr_line' id='line_1_58' title="bbox 316 4388 972 4454; baseline -0.008 -13"><span class='ocrx_word' id='word_1_510' title='bbox 316 4392 356 4449; x_wconf 88' lang='grc'><strong>77,</strong></span> <span class='ocrx_word' id='word_1_511' title='bbox 370 4392 403 4440; x_wconf 90' lang='grc'><strong>25</strong></span> <span class='ocrx_word' id='word_1_512' title='bbox 416 4403 476 4454; x_wconf 79' lang='lat' dir='ltr'><strong>crgo</strong></span> <span class='ocrx_word' id='word_1_513' title='bbox 489 4389 593 4437; x_wconf 87' lang='lat' dir='ltr'><strong>mutatio</strong></span> <span class='ocrx_word' id='word_1_514' title='bbox 607 4388 655 4438; x_wconf 91' lang='lat' dir='ltr'><strong>loci</strong></span> <span class='ocrx_word' id='word_1_515' title='bbox 668 4388 707 4438; x_wconf 85' lang='lat' dir='ltr'><strong>vel</strong></span> <span class='ocrx_word' id='word_1_516' title='bbox 720 4390 865 4454; x_wconf 79' lang='lat' dir='ltr'><strong>permansio</strong></span> <span class='ocrx_word' id='word_1_517' title='bbox 879 4390 904 4437; x_wconf 91' lang='lat' dir='ltr'><strong>iu</strong></span> <span class='ocrx_word' id='word_1_518' title='bbox 918 4388 972 4437; x_wconf 91' lang='lat' dir='ltr'><strong>loco</strong></span> 
     </span>
    </p>

    <p class='ocr_par' dir='ltr' id='par_1_37' title="bbox 316 4459 580 4520">
     <span class='ocr_line' id='line_1_59' title="bbox 316 4459 580 4520; baseline -0.023 -10"><span class='ocrx_word' id='word_1_519' title='bbox 316 4459 387 4518; x_wconf 83' lang='grc'><strong>73,8</strong></span> <span class='ocrx_word' id='word_1_520' title='bbox 416 4466 580 4520; x_wconf 85' lang='lat' dir='ltr'><strong>corrumpunt</strong></span> 
     </span>
    </p>

    <p class='ocr_par' dir='ltr' id='par_1_38' title="bbox 371 4524 974 4592">
     <span class='ocr_line' id='line_1_60' title="bbox 371 4524 974 4592; baseline -0.008 -14"><span class='ocrx_word' id='word_1_521' title='bbox 371 4530 405 4578; x_wconf 88' lang='grc'><strong>33</strong></span> <span class='ocrx_word' id='word_1_522' title='bbox 419 4542 433 4577; x_wconf 94' lang='lat' dir='ltr'><strong>o</strong></span> <span class='ocrx_word' id='word_1_523' title='bbox 446 4524 571 4592; x_wconf 87' lang='lat' dir='ltr'><strong>particula</strong></span> <span class='ocrx_word' id='word_1_524' title='bbox 583 4524 675 4573; x_wconf 82' lang='lat' dir='ltr'><strong>multae</strong></span> <span class='ocrx_word' id='word_1_525' title='bbox 689 4524 887 4590; x_wconf 70' lang='lat' dir='ltr'><strong>significationes</strong></span> <span class='ocrx_word' id='word_1_526' title='bbox 900 4524 974 4575; x_wconf 85' lang='lat' dir='ltr'><strong>habet</strong></span> 
     </span>
    </p>
   </div>
   <div class='ocr_carea' id='block_1_3' title="bbox 862 4725 1061 4741">
    <p class='ocr_par' dir='ltr' id='par_1_39' title="bbox 862 4725 1061 4741">
     <span class='ocr_line' id='line_1_61' title="bbox 862 4725 1061 4741; baseline 0.005 -1"><span class='ocrx_word' id='word_1_527' title='bbox 862 4725 1061 4741; x_wconf 48' lang='lat'><strong>——4</strong></span> 
     </span>
    </p>
   </div>
   <div class='ocr_carea' id='block_1_4' title="bbox 0 0 1782 5600">
    <p class='ocr_par' dir='ltr' id='par_1_40' title="bbox 0 0 1782 5600">
     <span class='ocr_line' id='line_1_62' title="bbox 0 0 1782 5600; baseline 0 0"><span class='ocrx_word' id='word_1_528' title='bbox 0 0 1782 5600; x_wconf 95' lang='lat' dir='ltr'><strong> </strong></span> 
     </span>
    </p>
   </div>
  </div>
 </body>
</html>
