3525 5600
804 383 876 446 aas
1467 379 1489 446 5

198 562 325 629 tionum
350 563 485 630 relictae
518 575 610 650 sunt3
641 567 780 656 denique
808 569 958 636 collectio
985 567 1147 656 quaedam
1174 567 1371 634 scholiorum
1398 569 1490 634 facta

199 674 264 747 est,
287 666 322 730 in
344 689 410 754 qua
429 665 518 734 nullo
541 679 631 736 certo
653 670 768 736 ordine
783 695 920 760 eaquae
942 673 1147 758 grammatici
1163 671 1206 736 ad
1220 671 1347 736 Donati
1368 669 1488 736 librum

198 765 442 854 adscripserant
468 781 502 835 et
530 771 616 836 inter
644 795 679 836 se
708 784 741 838 et
769 797 842 840 cum
869 774 993 840 Donati
1022 773 1133 839 verbis
1162 773 1268 838 mixta
1294 784 1327 839 et
1349 773 1488 838 confusa

199 878 284 933 sunt.
327 867 404 935 binc
425 871 524 938 facile
551 875 732 940 existimari
754 885 872 964 potest,
896 897 994 962 quam
1016 871 1188 940 molestum
1212 873 1358 940 laborem
1380 897 1491 940 susce-

197 980 313 1058 pturus
334 972 378 1038 sit
399 974 455 1061 qui
476 997 519 1039 ex
540 975 591 1039 his
614 977 719 1042 turbis
741 980 777 1042 in
799 1001 895 1044 suum
911 978 1053 1064 quidque
1075 975 1183 1042 locum
1205 977 1377 1042 restituere
1399 976 1488 1042 velit.

198 1083 337 1159 augetur
356 1097 435 1141 vero
457 1076 607 1142 molestia
628 1100 667 1143 ac
689 1080 834 1145 taedium
857 1078 1094 1145 emendationis
1117 1079 1216 1144 etiam
1231 1077 1360 1144 vilitate
1381 1101 1490 1143 rerum

198 1197 281 1261 qnae
303 1176 339 1240 in
359 1176 422 1241 boc
443 1176 528 1244 libro
550 1189 744 1246 tractantur.
768 1180 915 1267 -plurima
937 1181 1023 1244 enim
1046 1181 1081 1243 in
1095 1179 1287 1264 vulgaribus
1309 1179 1374 1244 illis
1396 1203 1489 1266 prae-

198 1279 301 1363 ceptis
328 1287 361 1343 et
388 1277 651 1364 definitionibus,
679 1304 764 1370 quae
791 1284 826 1347 in
854 1281 948 1349 libris
971 1281 1260 1367 grammaticorum
1281 1282 1416 1347 tractari
1439 1305 1488 1347 so-

198 1377 279 1460 lent,
302 1391 476 1446 versantur
497 1405 603 1470 noque
625 1384 722 1450 sliam
745 1385 814 1450 fere
835 1385 1011 1451 utilitatem
1032 1383 1169 1464 habent,
1186 1406 1283 1470 quam
1304 1394 1342 1448 ut
1363 1383 1488 1450 intelle-

198 1491 311 1566 gatur,
343 1505 407 1570 quo
440 1485 537 1551 modo
564 1486 645 1552 baec
674 1486 752 1552 olim
778 1488 813 1552 in
839 1486 959 1551 scholis
987 1486 1273 1571 grammaticorum
1307 1485 1350 1551 ad
1384 1496 1489 1551 artem

198 1583 321 1650 Donati
347 1584 512 1671 adplicata
539 1589 615 1655 sint.
659 1599 737 1655 sunt
764 1599 875 1654 tamen
903 1588 1014 1676 aliqua
1035 1610 1078 1653 ex
1099 1586 1316 1654 reconditiora
1339 1589 1490 1656 doctrina

198 1686 337 1773 repetita
356 1685 411 1752 vel
431 1688 538 1755 minus
561 1691 728 1778 vulgaria,
752 1713 836 1778 quae
859 1693 895 1755 in
922 1690 1061 1756 aliorum
1083 1690 1373 1774 grammaticorum
1394 1690 1494 1757 libris.

144 1857 151 1875 ,
198 1810 261 1853 non
281 1787 455 1874 leguntur,
477 1803 613 1878 propter
633 1817 717 1881 quae
740 1804 773 1858 et
794 1793 872 1858 olim
894 1791 1051 1858 Putschio
1073 1790 1192 1877 dignus
1215 1792 1306 1857 visus
1328 1801 1379 1856 est
1405 1791 1490 1858 liber

198 1889 253 1978 qui
273 1889 441 1975 ederetur,
463 1916 568 1981 neque
582 1919 668 1962 nnnc
683 1897 718 1960 in
732 1917 820 1961 nova
840 1894 1126 1981 grammaticorum
1149 1893 1294 1959 editione
1316 1893 1490 1960 videbatur
1570 1935 1575 1946 -

199 1992 300 2058 omitti
321 2013 427 2079 posse.
457 1997 683 2083 sedquoniam
705 2020 746 2063 ea
767 2021 850 2085 qnae
871 1999 905 2062 in
921 1995 1034 2062 codice
1056 1995 1180 2082 scripta
1194 2005 1271 2060 sunt
1292 1997 1356 2061 nisi
1377 1994 1489 2061 multis

199 2105 230 2160 et
255 2097 385 2181 magnis
414 2098 650 2164 mutationibus
679 2099 836 2165 adhibitis
866 2101 901 2164 in
928 2100 1050 2165 iustum
1078 2097 1226 2164 ordinem
1253 2099 1403 2165 revocari
1434 2120 1489 2163 ne-

198 2208 330 2285 queunt,
353 2220 473 2286 operae
493 2201 637 2286 pretium
657 2224 724 2267 non
737 2202 803 2267 fuit
816 2211 943 2268 tantam
958 2223 1070 2266 euram
1092 2199 1168 2264 huic
1189 2199 1273 2265 libro
1296 2200 1487 2287 inpendere,

199 2300 358 2366 sedeatis
380 2299 565 2366 consultum
586 2302 627 2366 iri
647 2305 819 2370 commodo
841 2303 1020 2390 legentium
1042 2303 1151 2368 visum
1173 2312 1239 2382 est,
1264 2304 1291 2366 si
1313 2302 1427 2368 relicto
1451 2324 1489 2368 eo

198 2401 312 2466 ordine
339 2402 396 2488 qui
422 2403 457 2467 in
484 2403 569 2470 libro
596 2428 696 2471 mann
723 2406 846 2493 scripto
869 2417 920 2471 est
947 2403 1030 2469 illud
1053 2403 1254 2482 efficeretur,
1278 2413 1316 2468 ut
1338 2404 1488 2488 singulae

197 2503 424 2570 adnotationes
446 2507 596 2594 quamvis
620 2505 790 2594 dispersae
812 2518 846 2574 et
867 2529 1025 2594 perverso
1048 2502 1119 2572 loco
1143 2506 1271 2593 positae
1292 2515 1402 2570 tamen
1424 2503 1489 2590 legi

191 2599 230 2670 'et
254 2604 402 2692 intellegi
430 2607 500 2673 sine
526 2609 678 2674 molestia
697 2621 844 2696 possent.
887 2611 998 2696 itaque
1020 2609 1144 2674 Donati
1166 2607 1268 2672 verba
1291 2607 1488 2690 accuratius,

197 2730 293 2794 quam
321 2734 342 2774 a
364 2707 519 2776 Putschio
545 2710 669 2776 sactum
697 2723 784 2794 erat,
812 2713 855 2778 ab
878 2712 918 2776 iis
948 2733 1031 2800 quae
1053 2711 1096 2776 ab
1117 2713 1295 2797 interprete
1322 2709 1490 2796 adscripta

198 2820 273 2877 sunt
294 2813 462 2898 separavi,
486 2823 585 2899 atque
607 2836 671 2901 quo
694 2812 822 2880 facilius
845 2814 1107 2901 intellegeretur,
1132 2837 1196 2902 quo
1219 2813 1367 2900 singulae
1390 2812 1489 2878 adno-

199 2913 338 2979 tationes
361 2916 577 3001 pertinerent,
601 2917 743 2982 nnmeris
765 2918 961 3005 paginarum
977 2926 1011 2981 et
1026 2938 1181 2981 versuum
1200 2938 1242 2980 ex
1257 2938 1331 2980 mea
1346 2914 1489 2981 editione

199 3016 322 3081 Donati
343 3016 378 3079 in
399 3018 548 3102 margine
570 3018 745 3106 adscriptis
767 3018 921 3084 lemmata
943 3017 996 3085 vel
1024 3017 1225 3104 praescripta
1246 3017 1289 3083 ab
1311 3014 1489 3103 interprete

198 3116 249 3181 vel
270 3116 393 3182 omissa
413 3117 569 3184 indicavi.
599 3118 717 3207 deinde
739 3120 889 3186 diversas
912 3120 1141 3186 adnotationes
1165 3118 1320 3200 distinxi,
1343 3140 1382 3183 ea
1404 3140 1488 3204 quae

197 3218 445 3285 continuitatem
460 3221 635 3286 verborum
651 3222 786 3289 turbant
800 3223 892 3289 uncis
908 3222 1071 3309 adpositis
1086 3221 1216 3303 notavi,
1233 3219 1370 3308 denique
1385 3220 1489 3287 verba

197 3321 230 3384 in
257 3321 372 3387 codice
403 3322 689 3409 neglegentissime
716 3326 855 3412 scripta,
885 3334 1043 3409 quantum
1071 3322 1142 3387 fieri
1171 3332 1314 3409 poterat,
1347 3322 1487 3388 correxi.

197 3447 260 3509 qua
285 3424 321 3487 in
348 3446 384 3489 re
411 3426 491 3512 quid
512 3425 669 3491 Putschio
698 3426 876 3508 debeatur,
906 3425 985 3490 satis
1014 3424 1113 3490 habui
1135 3432 1203 3489 tum
1226 3447 1301 3489 cum
1324 3447 1343 3487 a
1365 3424 1487 3489 codicis

197 3527 358 3612 scriptura
384 3524 514 3613 longius
540 3527 716 3594 recedebat
742 3524 928 3594 emendatio
955 3528 1116 3607 indicare,
1152 3526 1187 3590 in
1219 3524 1369 3613 reliquis,
1404 3548 1487 3611 quae

197 3627 294 3692 facile
323 3650 345 3693 a
375 3630 494 3715 quovis
527 3628 668 3695 inveniri
700 3638 849 3715 possent,
881 3627 964 3693 nihil
996 3628 1154 3693 interesse
1187 3638 1278 3692 ratus
1306 3638 1343 3694 ut
1371 3651 1487 3694 nomen

197 3731 339 3795 auctoris
366 3731 618 3797 adscriberetur.
663 3732 697 3795 in
725 3729 942 3797 describenda
970 3730 1091 3795 codicis
1121 3728 1359 3815 discrepantia,
1389 3753 1486 3817 quam

198 3842 381 3919 separatam
403 3856 423 3897 a
445 3856 519 3898 mea
539 3833 751 3901 adnotatione
773 3832 914 3913 subieci,
931 3832 1089 3897 vetustati
1112 3831 1233 3897 codicis
1256 3830 1318 3895 hoc
1340 3830 1428 3913 dedi,
1452 3844 1488 3896 ut

197 3958 236 4000 ne
257 3934 428 4000 levissima
447 3935 579 4022 quidem
601 3936 684 4001 vitia
705 3935 928 4023 praeterirem.
971 3945 1068 4021 atque
1091 3956 1129 3999 ea
1151 3935 1248 3999 etiam
1271 3954 1354 4019 quae
1376 3934 1418 3998 ad
1441 3934 1487 3998 di-

197 4059 325 4101 versam
347 4036 513 4103 scribendi
527 4036 582 4101 vel
601 4036 834 4123 pronuntiandi
849 4037 1007 4101 rationem
1028 4036 1208 4123 pertinent,
1232 4035 1385 4121 quoniam
1407 4034 1487 4100 haec

79 4198 84 4207 .
197 4138 229 4203 in
251 4138 431 4225 marginem
451 4138 575 4204 reicere
596 4162 695 4227 quam
708 4140 742 4203 in
757 4139 1008 4205 continuitatem
1022 4138 1198 4204 verborum
1213 4136 1357 4223 recipere
1373 4134 1485 4217 malui,

197 4243 339 4308 indicata
366 4250 457 4320 sunt,
486 4240 552 4305 nisi
578 4241 666 4328 quod
693 4264 731 4306 oe
752 4251 786 4306 et
811 4263 829 4305 e
854 4240 907 4305 vel
934 4246 1008 4307 bet
1036 4238 1348 4329 vfrequentissimeÎ‡
1361 4247 1488 4302 mutata

197 4368 269 4410 raro
296 4343 465 4410 adnotavi.
509 4366 621 4409 eornm
648 4365 731 4431 quac
758 4344 882 4409 recenti
909 4365 1008 4407 manu
1034 4342 1201 4428 adscripta
1228 4350 1321 4422 sunt,
1348 4362 1486 4427 quorum

197 4445 285 4511 nulla
307 4446 485 4511 auctoritas
507 4454 569 4527 est,
592 4444 782 4533 plerumque
804 4446 966 4510 rationem
980 4466 1046 4509 non
1066 4442 1180 4525 babui3
1205 4444 1318 4529 siquae
1341 4464 1361 4505 a
1376 4450 1486 4507 vetere

198 4548 332 4614 librario
360 4557 505 4613 correcta
531 4558 624 4630 sunt,
652 4558 806 4633 corrupta
833 4548 999 4633 scriptura
1023 4546 1070 4611 ibi
1093 4554 1236 4624 tantum,
1268 4543 1327 4609 ubi
1349 4542 1486 4608 alicuius
1560 4551 1570 4581 â¸

199 4650 351 4715 momenti
378 4670 450 4714 esse
477 4648 671 4731 videbatur,
701 4650 849 4715 exhibita
870 4659 931 4713 est.
975 4646 1095 4713 librum
1116 4667 1215 4709 manu
1237 4645 1394 4732 scriptum
1416 4644 1486 4730 ipse

198 4774 271 4815 cum
297 4750 446 4815 Putschii
472 4752 616 4817 editione
643 4749 783 4833 contuli3
810 4760 927 4837 postea
954 4749 1043 4814 haud
1068 4749 1232 4833 ingratum
1254 4768 1347 4811 meae
1369 4768 1486 4833 operae

199 4851 459 4939 supplementum
480 4854 561 4918 mihi
582 4853 736 4940 praebuit
748 4850 931 4918 Hermanni
950 4850 1081 4937 Hageni
1095 4850 1272 4915 Beruensis
1293 4846 1485 4915 liberalitas.
