3525 5600
596 445 646 507 Ex
670 445 784 508 cuttu
810 445 848 507 lN
872 445 958 507 DON.
1365 442 1427 508 327

405 650 460 724 Ex
486 651 607 726 urdice
633 647 842 723 Monacensi
869 649 988 723 Emm.
1017 649 1058 722 G.
1090 651 1159 722 121

222 784 425 848 Barbarismus
454 795 499 848 est
528 804 585 848 uua
616 805 684 866 pars
707 787 848 847 orationis
871 787 973 846 vitiosa
994 787 1025 847 in
1048 787 1199 846 communi
1220 804 1372 856 sermone,
1396 788 1427 846 io

148 895 273 966 poemate
296 887 519 968 metaplasmus:
549 887 768 949 adtendendum
796 887 875 968 qraod
899 887 1029 948 Donatus
1051 888 1253 948 strenuissime
1283 877 1428 968 peritissi-

148 1007 244 1067 meque
272 1009 357 1051 suam
385 989 477 1051 edidit
505 997 610 1052 artem.
655 977 783 1070 primurn
817 990 896 1050 enim
929 1007 1112 1068 componens
1143 991 1289 1050 minorem
1317 987 1353 1050 ad
1381 991 1426 1050 in·

127 1090 295 1153 astruendos
317 1109 427 1172 pueros
450 1111 514 1158 eam
536 1094 566 1154 in
591 1091 712 1154 exordio
734 1094 781 1152 sui
803 1091 960 1152 voluminis
980 1091 1129 1169 imposuit.
1174 1090 1332 1151 secundam
1355 1109 1427 1151 vero

148 1193 296 1254 editionem
324 1213 340 1254 a
369 1193 465 1256 littera
493 1195 659 1274 ceterisque
687 1191 839 1274 particulis
867 1191 903 1252 ad
932 1193 1118 1272 superficiem
1141 1191 1359 1271 pertinentibus
1381 1194 1426 1254 in·

147 1297 267 1364 oboarit‚
298 1304 327 1356 et
353 1303 456 1376 postea
485 1306 552 1358 octo
574 1304 688 1376 partes;
716 1295 883 1356 bisantem
906 1295 1011 1373 positis
1033 1295 1068 1354 ad
1092 1294 1299 1375 complendam
1321 1314 1426 1356 secun·

147 1397 205 1458 dam
228 1396 388 1458 editionem
412 1397 628 1460 barbarismum
653 1405 801 1458 eiectare
825 1397 891 1456 vitia
914 1397 1027 1475 posuit,
1051 1404 1081 1456 et
1103 1398 1180 1457 sieut
1201 1398 1338 1476 primitus
1359 1416 1427 1478 par·

147 1510 198 1569 tes,
221 1498 249 1560 id
273 1507 317 1560 est
338 1517 439 1560 vocem
462 1499 591 1562 litteram
615 1497 754 1580 syllabam
778 1506 966 1576 ceterasque,
991 1515 1065 1576 quae
1088 1497 1124 1559 ad
1147 1499 1335 1578 superficiem
1357 1517 1426 1579 per-

118 1603 246 1671 ¹⁰tinent,
274 1609 428 1682 posuerat,
461 1603 500 1663 ita
528 1601 564 1662 de
594 1603 669 1662 vitiis
700 1601 853 1681 disputans
881 1598 1099 1661 barbarismum
1128 1601 1159 1660 io
1186 1602 1282 1682 capite
1314 1619 1427 1682 ponere

149 1703 266 1772 studuit,
296 1705 346 1781 qui
375 1705 541 1783 corrumpit
566 1703 768 1782 superficiem,
799 1704 830 1763 in
853 1701 985 1764 secundo
1006 1701 1073 1763 loco
1100 1702 1326 1774 soloecismum,
1350 1703 1427 1784 quod

149 1807 238 1866 vitium
261 1807 425 1884 corrumpit
447 1823 566 1866 sensum
590 1813 817 1885 contextumque
839 1806 977 1884 partium.
1015 1805 1083 1865 exin
1105 1805 1203 1884 posuit
1224 1805 1374 1868 schemata
1398 1812 1429 1866 et

149 1917 248 1987 tropos,
271 1908 321 1985 qui
343 1912 480 1968 ornatum
502 1905 639 1968 tribuunt
660 1905 908 1987 praecedentibus
929 1905 1072 1986 partibus.

692 2005 710 2043 2
774 2003 793 2043 R
857 2008 875 2046 *

222 2091 431 2165 Quaerendum
454 2103 512 2165 est,
527 2112 599 2174 ·quo
621 2095 710 2155 modo
732 2094 865 2156 Donatus
894 2093 972 2154 dieat
994 2093 1210 2156 barbarismum
1233 2113 1311 2164 esse,
1335 2096 1428 2174 siquis

119 2195 216 2257 ¹⁵dicat
235 2195 412 2256 salmentum
435 2214 490 2275 pro
512 2181 738 2266 salsamentum,
763 2215 829 2257 cram
853 2195 947 2274 Caper
974 2198 1197 2277 antiquissimus
1224 2197 1328 2258 doctor
1350 2197 1429 2258 dicat

148 2297 296 2359 ‘nimenta
331 2316 369 2358 ue
405 2299 508 2359 timeas
542 2297 694 2377 prolerre,
725 2299 792 2378 quia
828 2297 952 2358 latinum
981 2302 1052 2358 est'.
1098 2298 1134 2358 ad
1163 2299 1241 2378 quod
1269 2297 1426 2360 dicerulnm

148 2401 206 2476 quia
228 2407 257 2459 et
277 2398 453 2460 salmentum
477 2409 506 2460 et
527 2397 736 2461 salsamentum
759 2399 818 2458 dici
839 2408 945 2479 potest.
976 2398 1152 2461 salmentum
1176 2408 1273 2462 autern
1290 2408 1335 2461 est
1356 2419 1425 2480 pur·

147 2509 306 2578 gementum
329 2503 435 2572 maria,
460 2499 669 2562 salsamentum
692 2519 763 2562 vero
785 2499 904 2580 salsugo
927 2501 1052 2575 dicitm,
1082 2504 1112 2562 in
1135 2521 1193 2584 qua
1215 2501 1354 2579 liquescit
1375 2500 1426 2573 sal,

148 2611 175 2663 ut
194 2621 294 2663 carnes
316 2601 503 2665 condiantur.
547 2605 640 2685 siquis
662 2603 751 2682 igitur
773 2603 887 2672 sciens,
916 2603 985 2682 quid
1006 2605 1045 2663 sit
1066 2602 1275 2665 salsamentum
1298 2611 1328 2664 et
1357 2603 1427 2682 qnid

116 2703 330 2774 osatmenmm,
360 2704 469 2766 dixerit
498 2705 673 2767 salmentum
702 2725 757 2785 pro
787 2723 822 2766 eo
851 2705 931 2786 qrrod
960 2711 1005 2765 est
1032 2704 1257 2777 salsamentum,
1291 2723 1346 2785 per
1376 2705 1427 2766 de-

146 2810 309 2869 tractionem
331 2806 461 2887 syllabae
484 2806 699 2870 barbarismum
722 2808 800 2871 iacit.

692 2911 710 2949 *
774 2910 792 2949 *
855 2910 873 2948 *

221 2994 276 3055 Per
298 2996 533 3057 immutationem
556 2995 694 3076 syllabae,
718 3004 750 3057 ut
772 2996 916 3074 pernities
937 3015 993 3076 pro
1016 2996 1179 3075 pernicies:
1203 3014 1273 3066 non,
1291 3004 1323 3057 ut
1337 2996 1427 3077 pleri-

144 3114 194 3174 que
215 3104 334 3175 putant,
366 3100 396 3158 ui
419 3106 549 3159 mutatur
571 3099 600 3158 iu
624 3100 680 3169 mi,
711 3097 762 3159 sed
792 3099 891 3177 potius
918 3098 941 3157 ti
968 3099 998 3159 in
1026 3096 1122 3157 locum
1145 3098 1180 3158 ci.
1226 3097 1427 3178 quaerendum

144 3205 318 3269 astantem,
343 3217 433 3278 quare
457 3199 565 3261 dixerit
587 3200 719 3262 Donatus
741 3200 976 3286 immutationem
1005 3218 1071 3259 esse
1093 3197 1222 3277 syllabae
1243 3202 1274 3261 in
1297 3198 1354 3260 boc
1376 3216 1427 3259 no·

116 3300 233 3369 amine,
263 3318 331 3361 cum
360 3319 419 3361 non
448 3309 507 3363 tota
535 3300 660 3381 syllaba,
690 3302 741 3362 sed
770 3319 827 3362 una
855 3308 969 3363 tantum
998 3301 1086 3362 modo
1107 3300 1221 3371 littera,
1245 3302 1274 3361 id
1298 3309 1344 3362 est
1364 3310 1376 3362 t
1397 3303 1428 3361 in

144 3398 232 3462 locum
259 3419 277 3462 o
306 3408 448 3463 mutetur.
494 3420 561 3464 nam
590 3412 656 3485 post
679 3422 695 3465 c
718 3402 761 3464 rel
791 3410 860 3483 post
881 3410 893 3463 t
915 3422 1033 3485 semper
1060 3402 1244 3464 iscribitur.
1290 3402 1326 3464 a'd
1350 3401 1427 3483 quod

145 3502 378 3582 respondendum
406 3506 639 3567 immutationem
669 3524 734 3567 esse
762 3505 892 3584 syllabae
925 3508 1082 3575 veraciter,
1117 3508 1185 3586 qnia
1219 3507 1390 3565 immutatur
1417 3510 1429 3563 t

146 3622 205 3664 cum
234 3624 288 3666 suo
316 3607 326 3664 i
353 3608 384 3667 in
413 3604 512 3668 locum
541 3626 557 3668 c
585 3614 615 3668 et
643 3608 662 3667 i.
707 3605 832 3667 alterum
855 3624 984 3685 namque
1006 3626 1110 3669 sonum
1133 3606 1254 3668 habeti
1276 3614 1378 3686 postt
1400 3613 1429 3665 et

145 3704 260 3768 alterum
292 3714 362 3787 post
393 3725 418 3767 c.
464 3726 532 3769 nam
560 3716 627 3789 post
655 3727 670 3769 c
698 3707 789 3769 habet
817 3710 959 3789 pinguem
985 3727 1107 3781 sonum,
1140 3718 1209 3790 post
1238 3716 1249 3769 t
1276 3707 1427 3788 gracilem.

117 3810 285 3885 operatores
306 3816 407 3871 autem
428 3828 546 3891 semper
569 3830 585 3872 c
606 3809 718 3872 babere
741 3809 838 3872 dehet.

542 4066 597 4139 lix
622 4066 743 4141 codiee
771 4066 947 4141 Vossiano
975 4070 1021 4141 37

222 4198 420 4262 soloecismus
448 4202 517 4281 quid
553 4204 615 4264 esti
653 4204 746 4263 oratio
779 4201 876 4264 latinis
891 4202 1021 4281 cuidem
1048 4202 1159 4278 verbis,
1195 4220 1296 4264 rerum
1324 4202 1427 4263 vitiosa

210 4372 220 4422 l
240 4373 328 4423 codex
347 4370 508 4423 Monacensis
527 4374 602 4423 Euan.
625 4374 656 4423 G.
677 4374 724 4425 121
743 4373 800 4440 (Μ)
818 4390 887 4425 saec.
907 4374 932 4425 X
948 4376 971 4439 s.
990 4376 1025 4427 92
1045 4390 1138 4425 ruerem
1155 4390 1188 4424 on
1206 4388 1279 4424 vocs.
1315 4372 1372 4423 Vox
1390 4380 1428 4421 est

150 4442 258 4493 aerleius
276 4442 408 4493 sensibilis
426 4443 522 4506 audito,
542 4452 662 4507 quantum
683 4444 780 4509 inipso
799 4452 846 4498 est.
866 4445 927 4494 haec
945 4444 1062 4494 dilbnitio
1081 4445 1128 4493 boc
1145 4445 1221 4494 modo
1239 4443 1368 4510 iungitur,
1389 4453 1428 4493 est

151 4514 344 4575 iusserimus,
367 4512 416 4562 boo
437 4521 475 4563 est
493 4528 536 4561 aer
554 4526 700 4578 percussus.
727 4514 782 4581 vsed
801 4516 964 4576 quaeritura
983 4529 1033 4579 qno
1052 4516 1192 4580 percutitur
1209 4515 1280 4575 -s.
1304 4512 1365 4563 140*
1384 4513 1430 4576 (dc

151 4583 230 4640 nopai)
249 4582 281 4631 ita
302 4591 328 4632 et
346 4584 444 4631 Aeneas
463 4580 577 4632 iacturas
595 4582 674 4643 ioret,
694 4584 716 4633 si
735 4585 759 4631 ei
778 4584 880 4633 daretur
897 4584 1016 4634 abatino
1034 4585 1140 4633 Lavinia
1159 4586 1279 4633 conirurx.
1310 4598 1428 4633 conanen-

151 4652 222 4699 Μήνα
235 4655 259 4702 is
275 4662 356 4703 artesae
374 4655 491 4702 rumorem
505 4654 603 4705 Donati
672 4654 704 4704 1²
723 4661 834 4703 scemata
851 4663 938 4718 tropos
955 4654 988 4703 M
1045 4656 1076 4705 15
1094 4669 1140 4720 pro
1160 4654 1326 4703 uelamentum
1345 4652 1378 4701 M

151 4716 231 4786 Caper]
247 4738 275 4785 p.
293 4723 363 4773 2244
436 4722 467 4773 17
486 4720 680 4789 salsamentum]
702 4723 869 4773 salamentum
886 4724 917 4773 M
969 4724 1003 4775 20
1021 4724 1173 4774 salmentum
1192 4734 1217 4773 et
1235 4723 1327 4773 dixerit
1345 4722 1378 4771 M

149 4786 320 4858 lipernicics]
339 4792 461 4857 pernities
482 4792 514 4842 M
582 4791 616 4843 30
632 4794 752 4859 pernities
770 4804 853 4843 autem
873 4794 907 4843 M
1136 4851 1141 4860 ,

209 4858 239 4910 31
257 4862 348 4912 &dex
363 4861 496 4913 Leidensir
517 4865 593 4915 Voss.
613 4862 656 4914 37.
676 4864 693 4914 8
713 4862 726 4927 (
732 4864 771 4927 V)
787 4878 855 4917 saer.
875 4862 915 4912 X:
940 4863 975 4927 es.
992 4863 1081 4927 praes.
1103 4878 1207 4935 qramm-
1228 4878 1252 4916 u.
1274 4864 1283 4912 l
1300 4880 1326 4926 p.
1344 4860 1428 4911 xxm

146 4925 224 4987 tut*
242 4945 274 4979 ur
292 4946 456 4982 sososersuo.
477 4931 650 4985 soloecismus
668 4934 729 4996 quid
750 4942 788 4983 est
807 4962 839 4970 —
855 4934 878 4997 f.
894 4933 928 4985 ou
945 4933 1130 4985 immutatione.
1151 4934 1292 4983 adiectione
1309 4933 1428 4998 quatinus
