3525 5600
337 376 400 442 408
903 377 1051 442 Ptousa

337 563 557 650 antiquiorum
595 562 880 647 grammaticorum
917 561 1020 644 locos,
1062 562 1254 648 quibuscum
1295 561 1439 627 maxime
1474 576 1604 652 excerpta
1706 498 1708 623 l

273 703 276 708 -
337 663 467 730 Phocae
489 664 709 746 consentiunt,
733 661 881 729 subiecta
896 662 1107 730 adnotatione
1126 662 1281 730 indicavi.
1312 685 1505 751 quamquam
1524 665 1604 732 facile
1706 652 1707 671 ¹

338 768 450 852 augeri
472 765 573 831 index
594 765 736 831 locorum
757 765 874 852 potuit.
1344 835 1350 872 ι

421 867 550 933 Primus
572 867 701 936 Phocae
722 866 922 933 mentionem
943 868 1023 934 fecit
1037 867 1225 934 Priscianus
1247 866 1269 932 l.
1285 865 1320 932 X
1341 892 1375 955 p.
1390 867 1466 950 515,
1489 867 1523 933 16
1541 876 1605 937 cudo

337 976 500 1036 secundum
522 973 685 1037 Diomeden
707 983 735 1036 et
759 974 929 1034 Charr'sium
950 982 980 1035 et
1006 974 1140 1036 Phocum
1161 978 1239 1050 cusi,
1263 977 1428 1035 meandum
1450 975 1521 1035 alios
1538 977 1604 1037 cudi.

337 1093 534 1160 quamquam
555 1071 636 1138 hacc
657 1095 724 1138 non
745 1072 852 1157 magis
874 1094 948 1137 cum
970 1071 1011 1136 iis
1026 1093 1111 1158 quae
1131 1073 1165 1137 16
1179 1072 1306 1138 Phocae
1328 1071 1494 1138 codicibus
1513 1069 1605 1158 legun-
1707 1098 1708 1141 t

336 1184 445 1262 turp.
470 1173 552 1239 1715
579 1195 676 1260 quam
698 1196 772 1239 cum
795 1173 945 1240 Charisia
967 1197 1000 1261 p.
1022 1174 1100 1256 246,
1123 1175 1144 1240 5
1171 1175 1396 1256 consentiunt,
1420 1172 1504 1259 quod
1524 1181 1606 1238 errori
1707 1170 1708 1177 '

271 1307 274 1314 ⁴
336 1275 498 1342 Prisciani
520 1275 652 1342 videtur
673 1275 885 1341 tribuendum
907 1298 990 1341 esse.
1034 1287 1110 1364 post
1132 1275 1336 1341 Priscianum
1357 1273 1478 1341 librum
1498 1273 1607 1340 Phocac

336 1378 509 1466 usurpavit
538 1376 773 1460 Cassiodorus,
802 1377 858 1464 qui
885 1400 952 1443 non
980 1375 1085 1443 solum
1112 1401 1228 1443 nomen
1258 1379 1328 1442 eius
1355 1377 1467 1464 posuit
1490 1377 1550 1458 bis,
1575 1380 1607 1441 de
1708 1416 1709 1465 i

337 1491 399 1548 art.
422 1503 558 1568 gramm.
582 1503 614 1568 p.
638 1479 721 1546 2321
744 1479 771 1545 P
797 1485 851 1545 sed
878 1486 1012 1560 quamur's
1033 1493 1173 1545 auctores
1194 1493 1359 1561 temporum
1381 1485 1561 1561 superiorum
1579 1485 1609 1543 de
1708 1470 1709 1539 ζ

337 1596 404 1649 arte
423 1589 627 1662 prammatica
649 1587 756 1647 ordine
776 1586 895 1647 diuerso
917 1589 1117 1647 tractaverint
1137 1589 1258 1662 suisque
1277 1587 1409 1647 saeculis
1429 1585 1547 1646 honora
1564 1586 1606 1645 de-

336 1707 390 1750 cus
410 1691 587 1766 habuerint,
616 1695 649 1749 ut
670 1689 835 1748 Palaemon
865 1689 986 1749 Phoeas
1012 1689 1128 1750 Probus
1153 1697 1183 1750 et
1205 1690 1400 1762 Censorinus,
1424 1689 1506 1748 nohis
1525 1696 1609 1748 tamea

335 1795 437 1868 placet
459 1795 492 1852 in
514 1792 643 1851 medium
666 1791 817 1850 Donatum
839 1791 1003 1866 deducere,
1031 1797 1064 1852 et
1086 1784 1128 1852 de
1149 1786 1253 1852 instit.
1276 1784 1378 1852 divin.
1401 1785 1512 1872 script.
1533 1786 1610 1850 630

336 1914 369 1977 p.
392 1889 454 1954 478
477 1887 527 1954 66.
553 1887 678 1954 Gener.
702 1888 831 1953 61656
854 1893 1076 1972 orthographos
1097 1896 1238 1970 antiquos
1257 1894 1377 1967 tepent,
1408 1893 1521 1952 Veliam
1540 1893 1611 1951 Lon-

334 2013 422 2072 pum,
448 1996 582 2056 Curtium
610 1995 823 2069 Valerianum,
854 1995 1070 2072 Papirianum,
1099 1996 1312 2055 Adamantiurn
1339 1995 1523 2072 Martyrium
1546 1995 1610 2053 deu
1709 2026 1710 2035 .

336 2105 366 2159 et
388 2099 420 2176 h,
433 2097 574 2157 eiusdem
596 2097 634 2156 de
658 2098 767 2172 primis
788 2098 894 2157 medias
915 2104 1007 2174 atque
1028 2099 1141 2158 ultimis
1161 2098 1304 2175 syllahr's,
1328 2095 1460 2157 eiusdm
1482 2097 1520 2156 de
1538 2097 1555 2154 h
1573 2097 1611 2154 lit·

336 2210 402 2259 tero
424 2197 583 2271 trifariam
604 2201 635 2259 in
659 2216 750 2260 unum
765 2201 870 2283 posita
891 2207 922 2260 et
942 2201 1091 2261 Eutiehen
1113 2201 1152 2260 de
1170 2200 1365 2275 aspiratione,
1388 2200 1443 2258 sed
1462 2205 1492 2257 et
1512 2199 1612 2258 Focum

336 2305 374 2362 cle
396 2303 572 2378 differentia
596 2302 733 2380 pencris,
764 2319 837 2378 quos
858 2318 914 2378 epo
936 2309 1081 2378 quantum
1101 2303 1194 2378 potui
1217 2302 1351 2362 studiosa
1371 2302 1543 2361 curiositate
1559 2302 1611 2360 col·

333 2407 408 2479 tupi,
439 2398 496 2465 scd
524 2398 623 2464 ctiam
649 2397 820 2486 prologum
842 2399 914 2464 eius
936 2399 971 2464 in
992 2398 1112 2464 librum
1133 2397 1175 2464 66
1196 2397 1429 2484 orthographia
1450 2396 1613 2480 transtulit,

335 2525 367 2590 p.
389 2501 473 2565 2279
495 2501 522 2564 Ρ
548 2506 603 2566 sed
629 2513 788 2582 antequam
812 2523 887 2582 opus
913 2507 1152 2584 orthographiae
1178 2506 1323 2566 inchoare
1344 2507 1515 2580 mdeamur,
1533 2521 1613 2582 prae·

330 2608 480 2682 sationem
513 2608 636 2668 Phocoe
673 2609 851 2685 artigraphi
883 2611 1015 2686 exempli
1048 2625 1144 2670 causa
1176 2608 1376 2670 iudicauimus
1402 2608 1613 2684 adponentur,

336 2713 476 2786 quoniam
498 2718 607 2772 cuncto
629 2713 717 2787 operi
736 2717 847 2786 nostro,
871 2715 960 2788 quasi
980 2728 1000 2771 a
1021 2713 1105 2772 nohis
1122 2712 1247 2788 prolata
1268 2711 1321 2785 sit,
1346 2712 1389 2770 ita
1411 2711 1546 2771 omrdhus
1563 2726 1613 2769 mo
1711 2790 1712 2795 ἵ

336 2816 383 2875 dis
410 2816 529 2875 uidetur
556 2816 766 2889 accommoda,
797 2831 850 2874 ars
876 2831 944 2875 mea
971 2818 1030 2876 etc.
1061 2808 1180 2875 deinde
1200 2807 1395 2874 Aldhelmus
1422 2808 1457 2872 in
1478 2806 1561 2875 libro
1580 2805 1614 2870 de
1711 2861 1712 2876 .

335 2934 371 2977 re
400 2912 616 2999 grammatica
645 2924 677 2977 61
704 2910 840 2977 metrica
867 2933 889 2976 a
913 2910 1002 2977 Maio
1028 2910 1125 2977 class.
1152 2922 1238 2979 auct.
1266 2910 1332 2978 vol.
1353 2910 1387 2977 V
1414 2934 1447 2999 p.
1469 2911 1532 2977 501
1553 2932 1613 2997 sqq.
1711 2985 1712 2990 .

335 3013 423 3081 edito
446 3026 497 3080 166
518 3012 700 3079 nominavit
722 3014 865 3079 Phocum
888 3037 921 3101 p.
938 2986 1019 3098 520,
1040 3014 1114 3087 533,
1137 3013 1211 3079 583.
1234 3024 1304 3080 tum
1319 3012 1478 3079 Alcuinus
1500 3012 1535 3077 in
1554 3034 1615 3077 ver·

334 3116 424 3183 sibus
453 3116 494 3182 de
523 3114 724 3182 bibliotheca
751 3115 954 3182 Eboracensi
982 3114 1048 3182 vol.
1075 3114 1092 3179 Ι
1120 3115 1225 3205 praef.
1253 3140 1286 3203 p.
1313 3115 1438 3182 XXIII
1470 3116 1615 3182 exhibitis

334 3241 408 3285 cum
437 3216 509 3283 aliis
536 3219 758 3303 grammaticis
785 3216 880 3283 huius
909 3240 1038 3305 quoque
1072 3240 1190 3283 nomen
1214 3218 1336 3305 posuit.
1378 3228 1494 3305 postea
1520 3230 1617 3285 autem

334 3343 434 3408 quam
462 3318 636 3407 diligenter
662 3320 793 3385 Phocae
822 3320 907 3385 liber
932 3341 953 3384 a
978 3322 1203 3411 grammaticis
1224 3329 1386 3387 66616166
1408 3320 1465 3403 611,
1488 3332 1523 3389 61
1541 3320 1617 3387 6661·

334 3445 407 3487 cum
428 3420 505 3487 inde
535 3422 577 3487 ab
600 3419 656 3487 illa
679 3430 787 3488 aetate
816 3422 1013 3509 scriptorum
1033 3420 1211 3488 multitudo
1233 3434 1266 3489 et
1287 3424 1471 3511 scripturae
1493 3422 1617 3489 diversi·

333 3534 384 3590 tas
407 3533 556 3590 testatur.
600 3534 763 3613 postremo
792 3524 1120 3613 praetermittendum
1141 3547 1206 3593 666
1227 3533 1278 3591 661
1298 3524 1446 3591 eiusdem
1467 3546 1617 3612 gramma·

334 3625 392 3692 tici
419 3628 550 3693 nomine
577 3626 769 3713 inscriptam
796 3638 909 3694 extare
936 3628 1041 3694 vitam
1067 3626 1206 3713 Vergilii
1232 3626 1383 3694 versibus
1412 3630 1615 3716 conpositam,

333 3750 431 3815 quam
454 3728 601 3815 Scaliger
622 3728 715 3815 Virg.
739 3752 813 3817 app.
838 3752 870 3817 p.
896 3729 958 3795 135
986 3728 1052 3817 (66.
1074 3728 1182 3817 Lugd.
1211 3753 1241 3795 a.
1266 3730 1361 3813 1595)
1384 3730 1491 3796 edidit
1511 3732 1557 3797 ita
1574 3732 1616 3795 iu·

333 3832 507 3918 scriptam,
531 3830 586 3895 ‘P.
601 3830 733 3917 Virgilii
748 3830 893 3897 Maronis
915 3832 986 3897 vita
1007 3854 1028 3896 a
1042 3832 1132 3898 Foco
1152 3833 1366 3917 grammatico
1388 3834 1482 3900 urbis
1503 3834 1616 3899 Romae

332 3932 482 4001 versibus
511 3933 629 3999 edita’.
672 3954 748 3997 nam
775 3934 818 4000 ab
846 3932 963 3999 eodem
989 3932 1140 4017 homine,
1167 3936 1224 4021 qui
1250 3946 1356 4000 artem
1376 3936 1618 4022 grammaticam

332 4036 479 4123 scripsit,
502 4036 605 4102 vitam
620 4033 760 4120 Vergilii
776 4034 932 4122 scriptam
946 4058 1018 4101 esse
1040 4045 1074 4101 61
1094 4058 1154 4123 per
1175 4058 1210 4101 se
1231 4037 1403 4125 probabile
1425 4048 1478 4104 est
1498 4048 1617 4104 61666-

332 4138 483 4205 firmatur
505 4138 546 4203 iis
568 4159 651 4226 quae
674 4148 788 4203 contra
810 4138 1037 4225 adrogantiam
1053 4138 1254 4205 Graecorum
1277 4137 1448 4227 disputata
1469 4140 1618 4207 6661611.

332 4240 432 4327 Verg.
457 4264 489 4307 v.
512 4240 532 4306 3
555 4262 626 4328 sqq.
650 4251 684 4307 et
705 4251 767 4308 art.
795 4263 934 4327 gramm.
956 4266 989 4329 p.
1014 4224 1106 4307 1722.
1130 4240 1171 4306 66
1192 4250 1300 4308 661616
1322 4254 1433 4309 autem
1454 4242 1618 4332 scriptoris

331 4366 372 4407 ne
399 4344 480 4409 haec
507 4342 637 4430 quidem
665 4366 748 4431 quae
776 4344 817 4409 de
845 4345 917 4409 vita
943 4342 1083 4430 Vergilii
1116 4346 1264 4411 narravit
1289 4348 1430 4411 certiora
1456 4344 1619 4413 continent

332 4444 470 4528 iudicia,
493 4468 590 4533 quam
612 4445 695 4511 illud
716 4444 805 4534 quod
824 4445 1111 4513 Reifferscheidius
1134 4447 1224 4513 Suet.
1247 4445 1305 4514 rel.
1327 4472 1361 4535 p.
1374 4448 1438 4513 403
1460 4449 1617 4536 probarit,

331 4558 407 4633 post
434 4548 602 4614 Donatum
629 4569 669 4613 ea
695 4570 768 4613 esse
795 4548 991 4635 conscripta
1035 4548 1122 4616 unde
1151 4550 1298 4637 sequitur
1325 4552 1410 4615 inter
1439 4550 1565 4617 Donati
1590 4559 1620 4612 ct

333 4648 495 4715 Prisciani
516 4660 664 4740 tempora
685 4659 826 4717 aetatem
848 4650 978 4717 Phocus
1000 4673 1071 4717 csse
1094 4651 1326 4718 collocandam.

418 4752 493 4817 Arti
521 4751 562 4817 dc
591 4753 720 4819 nomine
749 4762 783 4819 et
809 4754 913 4820 verbo
940 4750 1046 4819 adieci
1073 4754 1221 4822 libellum
1247 4756 1289 4820 de
1317 4754 1536 4841 aspiratione,
1568 4753 1619 4842 qui

333 4851 447 4921 eodem
474 4854 607 4920 nomine
633 4856 809 4945 inscriptus
838 4856 960 4941 fertur,
987 4859 1137 4945 quamvis
1164 4858 1252 4922 hunc
1278 4880 1343 4923 666
1371 4880 1444 4924 esse
1471 4880 1492 4921 a
1512 4856 1619 4924 Phoca
