3525 5600
359 383 423 449 460
910 383 1096 447 EVTYCHIS

385 507 406 548 p.
422 496 466 547 166.
479 496 504 538 6Ὶ
518 493 539 534 la
1450 502 1472 544 p·
1498 490 1573 532 lia-⁵0
1583 490 1602 531 P.

359 577 472 644 oacius,
496 576 569 634 artis
589 571 785 635 subtilitatem
808 571 984 643 mirabitur,
1008 590 1084 652 quae
1103 572 1345 649 coniugatiouum
1367 570 1549 648 distinguens
1566 590 1621 632 oon·

358 677 505 736 fusionem
528 695 544 736 a
567 660 712 755 pbsitione
734 673 895 736 verborum
916 674 1050 736 traducta
1072 672 1203 734 verbalia
1225 674 1359 742 nomina,
1382 675 1554 752 paucissima
1571 676 1622 752 qui·

359 777 426 838 dem
449 783 478 837 et
500 795 534 837 ea
562 779 628 857 ipsa
655 779 704 840 vix
731 780 762 838 in
785 776 901 838 duabus
928 782 980 837 aut
1006 775 1104 836 tribus
1125 772 1389 836 terminationibus
1410 793 1447 834 ex
1471 777 1572 854 prima,
1594 793 1622 834 er

358 879 482 940 aliarum
504 896 573 938 vero
596 881 837 957 coniugationum
851 877 953 939 verbis
974 878 1067 939 multa
1091 885 1121 938 et
1142 897 1158 938 a
1180 875 1318 957 pluribus
1333 876 1474 937 clausulis
1489 880 1623 955 progenuit

357 983 486 1041 nomina.
532 988 561 1040 et
583 989 750 1042 ceterarum
773 981 893 1060 quidem
915 982 1157 1058 coniugationum
1179 997 1322 1059 praesens
1344 971 1546 1047 indicatirnm,
1567 981 1640 1057 quim
1695 965 1701 974 ⁴

356 1085 509 1142 nominum
536 1083 740 1144 traductiones
766 1085 798 1143 iu
820 1081 906 1142 verbi
928 1082 1103 1144 finalitatem
1124 1100 1183 1142 non
1206 1083 1346 1160 suscipit,
1375 1088 1405 1141 et
1433 1082 1554 1140 maxime
1575 1088 1623 1139 ter·
1710 1108 1711 1121 2

355 1185 429 1254 tiae,
453 1183 659 1246 indifferenter
681 1184 773 1246 multa
796 1183 832 1244 de
854 1202 886 1244 se
900 1187 1022 1246 nomina
1036 1184 1135 1244 lacere
1158 1202 1218 1244 nou
1240 1181 1405 1263 probibuit.
1440 1184 1550 1262 primae
1569 1200 1623 1241 rero
1710 1168 1711 1211 ³

355 1287 574 1362 coniugationis
606 1287 730 1367 positio,
763 1287 832 1366 quia
865 1288 972 1347 multas
1004 1291 1157 1346 nominum
1191 1287 1319 1365 suscipit
1352 1285 1389 1345 ab
1417 1283 1551 1345 omuibus
1579 1292 1624 1345 un
1710 1338 1711 1371 ,

355 1386 604 1448 declinationibus
626 1406 714 1466 quam
736 1386 877 1450 clausulis
894 1388 1097 1449 traductiones
1119 1390 1150 1448 iu
1166 1386 1270 1457 verbo,
1294 1388 1404 1448 merito
1419 1387 1456 1447 de
1471 1404 1503 1446 se
1525 1388 1624 1445 nomina
1710 1398 1711 1473 g

355 1507 414 1548 uon
436 1488 510 1549 adeo
539 1491 686 1550 concessit
714 1489 861 1568 prolerre.
905 1489 1035 1550 secunda
1062 1491 1143 1550 euim
1169 1496 1201 1549 et
1227 1494 1333 1568 quarta
1357 1488 1429 1549 licet
1457 1487 1594 1548 interdum
1612 1506 1652 1551 an
1710 1528 1711 1573 3

358 1589 529 1651 nominibus
552 1592 685 1652 derivata
707 1591 797 1652 verba
820 1593 1001 1672 suscipiunt,
1025 1600 1124 1652 minen
1147 1591 1184 1651 de
1205 1591 1336 1668 genitivo
1350 1593 1503 1652 nominum
1524 1609 1573 1670 per
1590 1591 1625 1649 in·
1710 1604 1711 1647 1

356 1701 507 1753 crementa
531 1693 727 1773 syllabarum,
756 1679 866 1773 quibus
888 1701 1014 1774 utraque
1036 1694 1207 1770 coniugatio
1229 1693 1433 1769 cognoscitur,
1462 1693 1491 1752 id
1517 1700 1561 1752 est
1582 1709 1626 1770 per
1710 1706 1711 1719 ¹

356 1812 391 1854 eo
413 1794 557 1864 secunda,
581 1813 635 1875 per
657 1798 687 1857 io
709 1803 828 1875 quarta,
855 1796 986 1857 derivata
1009 1802 1112 1856 carent
1133 1794 1224 1854 buius
1245 1795 1326 1856 modi
1348 1795 1531 1855 confusione.
1563 1792 1626 1854 unde

355 1902 452 1975 potest
473 1899 563 1958 etiam
585 1897 636 1958 illa
658 1899 792 1977 quaestio
815 1898 890 1958 solvi
915 1894 943 1977 ll,
967 1915 1055 1976 quam
1076 1896 1199 1976 qnidam
1219 1914 1258 1957 ex
1274 1913 1459 1975 supervacuo
1478 1902 1626 1975 proponunt

305 2046 309 2054 .
355 1996 544 2069 dubitantes,
567 2017 602 2060 ea
625 1998 730 2069 verba,
759 2017 834 2079 quac
858 2000 1036 2078 superiusa
1057 1998 1184 2076 singulis
1207 2004 1265 2058 tam
1287 1997 1537 2060 declinationibus
1556 2015 1653 2075 quanu
1710 1998 1711 2051 ῗ

356 2098 548 2160 fmalitatihus
575 2103 728 2162 nominum
758 2101 890 2161 derivata
916 2102 1030 2181 primae
1058 2102 1278 2178 coniugationis
1309 2118 1373 2161 esse
1408 2102 1626 2166 monstravimus,
1710 2092 1711 2171 l

358 2209 456 2262 utrum
479 2202 569 2263 verba
598 2203 634 2262 de
662 2202 848 2272 nominibus,
878 2221 916 2264 an
945 2205 1066 2264 uomina
1093 2203 1130 2263 de
1159 2201 1260 2263 verbis
1280 2211 1487 2282 procreantur.
1528 2220 1589 2262 nam
1606 2201 1628 2259 si
1710 2174 1712 2203 ³

356 2304 392 2364 de
421 2303 522 2365 verbis
550 2311 650 2365 esseut
677 2307 813 2375 nomina,
843 2322 902 2366 uon
930 2305 1063 2365 diversas
1090 2312 1121 2364 et
1147 2305 1234 2383 quasi
1256 2304 1424 2382 singulares
1450 2322 1486 2364 ex
1507 2322 1563 2364 uno
1581 2303 1627 2362 line
1710 2368 1712 2409 ἱ

356 2405 512 2466 verborum
534 2405 681 2466 habereut
709 2405 869 2478 clausulas,
903 2407 971 2476 sed,
999 2408 1078 2467 sieut
1105 2407 1263 2486 partieipia
1290 2407 1336 2467 vel
1363 2408 1485 2466 nomina
1505 2404 1627 2466 verbalia.
1710 2412 1712 2489 l

355 2506 499 2568 deberent
521 2507 624 2568 eodem
646 2509 734 2568 modo
756 2508 841 2587 plura
865 2507 922 2568 sub
944 2526 1002 2568 una
1026 2508 1189 2587 eademque
1210 2510 1421 2570 terminatione
1443 2509 1537 2576 liniri,
1563 2504 1655 2585 quoda»

355 2629 371 2670 c
400 2611 549 2670 contrario
577 2611 722 2670 cernitur.
767 2613 922 2672 nominum
955 2612 1036 2671 enim
1069 2609 1105 2670 de
1145 2607 1229 2669 verbi
1262 2611 1411 2688 positione
1445 2609 1628 2670 traductomu
1710 2654 1711 2657 ,

356 2709 466 2790 absque
491 2712 592 2790 paucis
613 2711 819 2788 generalibus,
853 2731 928 2792 quas
949 2714 1088 2791 superius
1109 2711 1308 2786 ostendimus,
1339 2709 1481 2792 relilquas
1501 2709 1628 2790 speciales
1710 2736 1711 2739 ¹

356 2822 467 2875 ettam
489 2812 630 2875 clausulis
659 2834 746 2893 quam
775 2813 1024 2876 declinationibus
1048 2813 1183 2875 diversas
1204 2820 1234 2873 et
1255 2815 1287 2875 in
1315 2812 1483 2875 rarioribus
1503 2812 1629 2891 exemplis

355 2918 491 2977 iuventas
519 2918 757 2987 terminationes,
788 2915 946 2977 verborum
974 2934 1045 2975 vero
1072 2915 1109 2975 de
1138 2914 1309 2977 nominibus
1338 2917 1485 2977 laetorum
1505 2924 1534 2975 et
1553 2932 1628 2993 gene·
1710 2919 1712 2994 ζ

353 3018 432 3079 rales
454 3017 614 3079 llnalitates
636 3025 667 3079 et
688 3018 725 3079 ad
747 3037 837 3079 unam
851 3026 967 3079 tantum
981 3018 1168 3097 pertinentes
1183 3021 1422 3095 coniugationem
1444 3027 1473 3079 et
1494 3020 1525 3078 in
1543 3034 1656 3077 exem-s
1710 3011 1711 3074 l

289 3130 294 3144 ·
354 3118 412 3198 plis
435 3118 705 3181 innumerabilibus
728 3127 907 3199 apparentes
922 3118 1065 3179 ridemus.
1088 3138 1125 3180 ex
1147 3137 1183 3180 eo
1205 3138 1333 3200 quoque,
1356 3120 1435 3201 quod
1457 3120 1628 3181 uniformiter
1710 3125 1712 3198 l

354 3229 383 3282 ct
406 3220 466 3281 sibi
487 3238 618 3299 congrue
641 3219 678 3282 ab
706 3223 786 3283 omui
813 3223 1027 3283 terminatione
1050 3224 1204 3282 nominum
1225 3222 1312 3302 plura
1341 3220 1431 3283 verba
1457 3220 1629 3282 consonanti·

354 3320 408 3381 bus
430 3321 679 3402 praecedentibus
707 3324 842 3385 traducta
864 3325 980 3403 primae
1007 3330 1077 3383 sunt
1105 3323 1198 3384 solius
1224 3324 1445 3401 coniugationis
1465 3321 1627 3403 syllabarum

354 3424 443 3484 otiam
465 3426 589 3501 genitivi
618 3426 764 3487 rationem
792 3432 821 3487 et
851 3427 883 3485 in
906 3425 997 3486 verbo
1019 3427 1185 3496 servantia,
1215 3426 1458 3487 manifestissime
1479 3424 1627 3505 probantur
1710 3481 1711 3490 ἶ

355 3524 444 3586 verba
467 3524 503 3585 de
526 3526 697 3588 nominibus
721 3546 787 3589 esse
809 3525 956 3589 traducta.
1001 3534 1034 3587 ut
1056 3529 1137 3587 enirn
1159 3527 1303 3588 feminina
1330 3528 1451 3589 nomina
1472 3526 1655 3589 masculinisn
1710 3569 1712 3596 ἶ

355 3625 547 3689 adhaerentia
570 3634 600 3687 et
622 3627 659 3689 ab
687 3628 748 3689 illis
774 3630 858 3707 gigni
886 3629 1027 3690 dicuntur
1052 3636 1083 3689 et
1103 3646 1193 3709 pares
1215 3630 1260 3689 eis
1280 3646 1400 3707 semper
1420 3628 1531 3690 babere
1551 3626 1626 3706 spila-

354 3726 407 3788 bas
429 3736 589 3806 coguntur,
614 3736 647 3789 ut
669 3737 734 3791 ater
756 3732 813 3791 atri
835 3737 914 3801 stra,
938 3739 1026 3792 tener
1048 3732 1146 3791 teneri
1168 3737 1285 3800 tenera,
1314 3730 1421 3808 longus
1445 3731 1525 3809 longi
1544 3730 1624 3804 louge,
1710 3770 1712 3773 ψ

354 3828 464 3890 arduus
492 3830 577 3892 ardui
607 3830 712 3901 ardua,
743 3834 785 3892 sic
813 3833 887 3893 baec
915 3830 1006 3893 verba
1034 3832 1070 3893 de
1098 3830 1271 3893 nominibus
1297 3831 1363 3893 lieri
1390 3831 1531 3901 dicimus,
1561 3828 1625 3910 quod

353 3934 552 4008 genitivorum
576 3931 699 4013 syllabis
720 3936 829 4013 positio
851 3932 936 3994 verbi
958 3933 1133 4014 respondet,
1162 3940 1197 3994 ut
1218 3951 1304 3994 sacer
1326 3936 1405 3994 sacri
1427 3949 1623 3998 sacrosacrae,
1710 3987 1712 3990 .

353 4032 431 4094 liber
453 4033 543 4094 liberi
566 4033 662 4095 libero
677 4032 802 4106 liberas,
826 4035 898 4113 vigil
913 4035 1011 4113 vigilis
1026 4036 1117 4113 vigilo
1131 4034 1251 4113 vigilas,
1274 4052 1377 4096 semen
1393 4037 1517 4096 seminis
1528 4035 1653 4095 semines
1710 4091 1712 4094 .

353 4136 496 4205 seminas,
520 4153 634 4196 memor
657 4138 797 4197 memoris
819 4154 953 4199 memoro
974 4154 1137 4207 memoras,
1165 4136 1253 4199 mlles
1273 4137 1382 4199 militis
1403 4137 1500 4199 milito
1521 4136 1621 4201 militas

424 4369 528 4439 lquae]
547 4373 648 4436 quiuP
715 4373 873 4425 2uerbinlia
891 4374 948 4425 BP
1015 4374 1131 4439 θείω
1147 4372 1320 4440 aridolus.)
1337 4373 1446 4425 alierum
1464 4376 1488 4425 P
1532 4374 1619 4437 ὅραι·

351 4442 740 4571 t‘bttttttlittttm
760 4446 785 4495 P
804 4514 818 4563 7
837 4444 1014 4565 ,iubebit
1032 4441 1620 4578 stabilitet‘eutitium

353 4584 386 4633 de
405 4598 433 4633 se
452 4584 555 4631 nomina
572 4582 655 4633 lacere
672 4597 721 4632 nou
742 4582 873 4649 probibuit
890 4593 901 4634 t
916 4529 1156 4635 indesinen‘tgnou
1172 4583 1302 4650 probibuit
1319 4583 1346 4632 P
1361 4584 1531 4634 indesinenter
1546 4578 1619 4630 noull

355 4651 528 4703 indifferenter
556 4667 606 4703 non
631 4653 761 4718 probibuit
784 4654 863 4704 mults
880 4654 913 4703 de
938 4669 966 4704 se
990 4656 1093 4703 nomina
1111 4654 1230 4711 iecere:
1300 4652 1333 4705 13
1349 4654 1480 4704 deriuetae
1492 4652 1537 4708 Βς
1594 4648 1618 4697 ll

353 4724 468 4786 quaestio
488 4721 553 4772 solui
571 4722 627 4772 sola
645 4723 669 4772 P
718 4734 877 4789 praeponunt
895 4724 921 4773 B
973 4720 1196 4777 lenunculi
1247 4724 1371 4774 nerbinlio
1388 4723 1446 4773 BP
1495 4720 1618 4771 eatinus
1710 4759 1712 4762 .

354 4792 379 4840 B
432 4792 466 4865 'ld
485 4806 518 4841 ex
535 4808 566 4841 eo
584 4806 684 4854 quoque
700 4793 817 4856 quodss
836 4810 868 4843 ex
883 4809 913 4843 eo
930 4809 1031 4858 quoque
1049 4795 1109 4858 quis
1128 4802 1139 4843 t
1156 4792 1346 4857 ex(eupereer.
1364 4791 1470 4857 solque
1486 4790 1617 4856 quoddex

355 4876 385 4911 eo
404 4862 511 4925 quodP
580 4860 614 4911 34
632 4864 768 4926 respondet
784 4870 816 4919 ις
834 4864 998 4929 responderet
1014 4863 1073 4914 BP
1141 4862 1175 4915 36
1192 4864 1305 4915 semmae
1321 4864 1360 4934 eie
1377 4872 1403 4913 et
1419 4862 1552 4913 memotP
