3525 5600
293 370 355 435 368
461 417 463 420 -
834 367 1038 430 consuunt

319 482 412 535 ptum.
425 482 451 522 54
464 480 486 522 Ρ.

296 582 365 624 sane
388 563 542 624 advortere
565 559 722 628 debemus,
752 559 845 639 quod,
875 558 944 618 cuni
972 559 1105 620 neutrale
1127 558 1253 620 verbum
1275 557 1382 637 agendi
1404 559 1469 618 fere
1491 559 1579 634 signi·

295 668 463 727 ficationem
485 661 606 732 haheat,
630 664 781 742 deponens
803 661 952 741 patiendi,
981 668 1080 723 tamen
1103 668 1205 722 contra
1228 662 1284 722 hoc
1307 663 1501 722 inveniuntur
1522 660 1580 739 ple·

295 787 388 848 raque
410 766 510 828 verba.
553 783 622 825 uam
643 765 748 844 vapulo
771 764 861 824 ardeo
882 782 985 835 veneo,
1009 782 1077 824 cum
1098 764 1242 825 neutralis
1263 763 1348 824 verbi
1371 763 1460 823 modo
1482 764 1581 822 termi-

296 878 413 940 nentur,
437 888 494 930 uon
518 869 652 936 activam,
675 867 727 927 sed
750 868 899 945 passivam
919 868 979 926 vim
1001 866 1126 926 hahent:
1149 869 1311 927 nonenim
1334 868 1409 944 agit,
1432 864 1488 925 sed
1510 867 1581 943 pati·

296 981 344 1034 tur
366 975 417 1052 qui
439 970 557 1050 vapulat
579 977 629 1030 aut
651 970 702 1048 qui
725 969 810 1028 ardet
836 975 888 1029 aut
914 970 965 1047 qui
992 970 1082 1029 venit.
1128 971 1200 1029 item
1227 970 1334 1047 inngor
1356 969 1462 1047 loquor
1484 968 1604 1036 lieeor,a

296 1093 363 1135 cnm
386 1073 561 1153 deponentis
588 1071 671 1132 verbi
695 1071 783 1131 modo
806 1072 1019 1140 terminentur,
1047 1089 1107 1131 non
1133 1073 1281 1150 passivam
1304 1074 1362 1132 vim
1384 1070 1512 1138 habent,
1534 1070 1583 1129 sed

296 1179 435 1240 activam:
466 1177 527 1252 agit
555 1176 635 1234 enim
663 1175 727 1252 ipse
756 1173 868 1252 aliquid
896 1175 946 1251 qui
975 1174 1112 1250 iungitur
1140 1181 1190 1234 ant
1217 1177 1270 1254 qui
1296 1175 1428 1253 loquitur
1458 1180 1509 1232 aut
1535 1174 1582 1250 qui

295 1279 417 1346 licetur,
442 1295 499 1337 non
523 1278 646 1355 patitur.
692 1295 727 1336 ex
755 1293 814 1354 quo
841 1275 976 1356 plerique
1005 1277 1095 1336 etiam
1117 1276 1194 1336 hano
1215 1276 1414 1356 deponentem
1435 1276 1583 1352 significa·

296 1383 410 1441 tionem
432 1377 598 1439 neutralem
620 1377 783 1457 appellant,
813 1376 911 1436 tribus
933 1377 969 1437 de
999 1381 1108 1438 causis.
1153 1397 1221 1440 nam
1243 1381 1322 1438 sicut
1342 1379 1392 1439 illa
1415 1395 1493 1457 quae
1515 1393 1583 1436 neu·

298 1482 380 1542 tralis
404 1482 513 1543 dicitur
535 1482 682 1559 passivam
704 1479 934 1540 declinationem
956 1497 1016 1539 non
1039 1479 1143 1550 habet,
1167 1484 1208 1541 ita
1227 1499 1266 1540 ue
1281 1481 1355 1541 haee
1370 1480 1493 1559 quidem
1515 1481 1618 1539 acti-ro

299 1603 377 1654 ram;
401 1592 430 1644 et
453 1586 529 1644 siout
551 1582 601 1643 illa
624 1582 774 1643 interdum
796 1584 965 1661 passionem
987 1582 1150 1659 significat,
1178 1591 1210 1643 ut
1232 1591 1278 1643 est
1299 1582 1421 1662 vapulo,
1451 1585 1494 1642 ita
1515 1581 1584 1640 haee

300 1687 430 1746 vicissim
459 1692 571 1754 aetum,
602 1692 633 1745 ut
661 1693 706 1746 est
734 1683 839 1762 loquor
860 1685 986 1754 metior;
1015 1690 1045 1742 et
1072 1686 1150 1745 sicut
1172 1684 1220 1744 illa
1243 1684 1311 1744 ideo
1333 1687 1430 1745 activa
1452 1703 1512 1744 uon
1533 1691 1584 1749 est,

299 1791 368 1868 quia
390 1788 536 1866 passivam
560 1805 618 1846 non
641 1788 764 1865 recipit,
788 1789 829 1846 ita
852 1786 926 1846 haee
948 1804 1065 1865 quoque
1088 1786 1156 1846 ideo
1177 1789 1293 1865 passiva
1316 1787 1375 1847 dici
1398 1805 1458 1847 non
1480 1793 1584 1865 potest,

299 1893 366 1971 quia
390 1909 448 1950 non
471 1888 550 1948 redit
572 1890 607 1949 ad
630 1892 767 1950 activam.
811 1891 885 1948 item
908 1896 978 1949 suut
999 1888 1132 1948 anomala
1154 1888 1315 1967 quaedam,
1339 1908 1416 1969 quae
1438 1907 1506 1949 cum
1528 1890 1585 1948 lor·

299 2013 377 2054 mam
405 1990 570 2052 neutralem
597 1990 741 2060 habeant,
771 2009 829 2052 non
857 2009 912 2070 per
939 1991 1038 2050 omnia
1060 1991 1226 2052 neutralem
1248 2000 1347 2051 tamen
1371 1993 1618 2070 speciemser·1s

300 2101 385 2163 rant,
420 2101 452 2154 nt
484 2099 529 2152 est
562 2093 642 2153 soleo
655 2165 656 2170 η
669 2092 773 2154 audeo.
819 2111 886 2154 uam
914 2091 995 2152 soleo
1022 2091 1168 2162 solebam,
1198 2093 1292 2153 audeo
1320 2092 1467 2154 andebam
1495 2094 1587 2153 aetina

300 2199 415 2256 ratione
439 2193 641 2265 declinantur3
669 2203 699 2255 at
726 2213 796 2254 vero
819 2195 923 2254 solitus
946 2213 1041 2264 eram,
1070 2213 1159 2255 ausus
1187 2213 1269 2255 eram
1290 2197 1407 2274 passiva
1429 2195 1588 2256 declinatio

300 2305 354 2358 est.
399 2299 440 2358 ita
469 2313 556 2374 crgo,
585 2299 655 2376 quia
682 2303 808 2375 utraque
835 2298 950 2356 ratione
979 2293 1189 2378 declinantur,
1217 2297 1385 2376 inaequalia
1414 2306 1483 2358 sunt
1513 2305 1543 2356 et
1572 2316 1587 2358 a

299 2399 477 2479 quibusdam
499 2401 583 2477 quasi
606 2417 681 2460 noro
703 2401 822 2459 nomine
846 2405 876 2458 et
898 2416 1022 2458 numero
1044 2399 1159 2459 adiecto
1185 2401 1412 2478 neutropassira
1439 2400 1587 2460 dicuutur.

301 2503 337 2562 de
361 2500 470 2582 quihus
492 2499 591 2560 verbis
614 2501 730 2580 plenius
753 2503 784 2560 in
807 2503 1016 2577 coniugatione
1039 2501 1183 2561 dicemus.
1599 2525 1621 2562 so

384 2602 606 2683 lnspiciendum
635 2610 681 2662 est
708 2603 897 2680 diligentius,
931 2621 1002 2662 uum
1028 2606 1123 2683 possit
1150 2602 1270 2682 aliquod
1297 2603 1405 2663 horum
1432 2602 1589 2664 rerbonrm

301 2705 432 2782 ambigui
456 2723 522 2764 esse
545 2707 680 2781 generis,
709 2703 754 2764 vel
783 2723 854 2766 num
882 2705 1031 2765 interdum
1058 2708 1090 2765 in
1112 2704 1171 2765 alio
1193 2712 1282 2786 atque
1303 2705 1362 2766 alio
1383 2705 1540 2766 intellectu
1562 2714 1589 2765 ct

301 2811 429 2869 activum
452 2815 482 2867 et
504 2808 652 2885 passivum
675 2826 740 2867 esse
763 2809 867 2887 possit.
911 2816 945 2868 ut
972 2826 1041 2868 eece
1063 2807 1128 2868 laro
1150 2787 1180 2866 et
1201 2807 1283 2869 lavor
1310 2807 1439 2869 dicimus
1466 2808 1524 2868 sub
1546 2810 1589 2869 in-

302 2920 382 2970 ocrta
405 2910 635 2987 significatione,
658 2911 683 2967 si
707 2909 743 2968 de
766 2908 853 2970 nobis
875 2909 1017 2971 dicamus.
1048 2916 1077 2970 at
1097 2928 1168 2969 vero
1190 2911 1309 2970 ‘omncs
1324 2912 1356 2970 in
1371 2911 1453 2970 lonte
1469 2909 1591 2971 larabo’

302 3013 388 3073 aliter
411 2991 538 3071 dicitu'r:
561 3028 620 3070 non
643 3012 723 3071 enim
744 3018 842 3090 potest
865 3010 925 3071 dici
948 3016 1069 3072 ‘omnes
1092 3014 1122 3073 in
1144 3013 1226 3073 lonte
1250 3012 1399 3073 lavabor'.
1429 3015 1504 3073 item
1526 3020 1623 3073 ton-s

303 3115 358 3174 deo
380 3113 424 3173 vel
448 3112 572 3174 tondeor
595 3114 687 3189 siquis
715 3114 750 3173 de
780 3132 812 3173 se
843 3112 938 3182 dieat,
966 3112 1022 3173 suh
1051 3112 1189 3191 ambiguo
1216 3114 1332 3175 scilicet
1354 3132 1480 3193 genere,
1510 3122 1591 3174 recte

303 3216 422 3276 dicitur.
453 3214 541 3274 aliter
563 3216 619 3274 ‘ne
641 3214 765 3275 tondere
788 3215 910 3295 quidem
931 3223 1036 3275 curant
1057 3215 1197 3276 vellera':
1227 3234 1285 3276 non
1307 3218 1387 3277 enim
1410 3224 1511 3296 potest
1533 3216 1589 3277 dici

303 3322 357 3377 ‘ne
380 3315 497 3377 tonderi
520 3316 640 3395 quidem
663 3325 768 3379 curant
790 3317 927 3377 vellera’.
971 3320 1044 3378 item
1072 3318 1082 3349 ‘
1089 3320 1186 3397 pascit
1213 3320 1354 3379 iuvenca'
1383 3327 1413 3380 et
1440 3321 1591 3399 ‘pascitur

303 3422 443 3481 iuvenca'
467 3427 547 3477 recte
572 3418 681 3479 dicitur
708 3417 841 3479 absolute
865 3418 921 3479 suh
944 3420 1059 3480 incerto
1081 3437 1206 3496 genere;
1229 3426 1259 3479 at
1280 3422 1306 3481 si
1329 3420 1420 3481 latine
1443 3420 1505 3481 dici
1528 3428 1592 3500 pot·

372 3672 526 3739 aperientis
546 3672 579 3721 M
636 3672 775 3736 plerunque
793 3674 827 3724 M
893 3673 968 3738 iqui
986 3673 1090 3739 rrapnlat
1107 3681 1151 3723 aut
1168 3674 1240 3724 ardet
1258 3682 1302 3723 sut
1318 3683 1394 3725 uenat
1408 3674 1489 3737 (corr.
1510 3675 1554 3738 -iti
1570 3675 1594 3724 B

304 3745 364 3808 quia
382 3742 485 3807 uapulst
504 3742 575 3792 ardet
591 3750 633 3791 aut
652 3742 721 3791 uenit
737 3743 759 3791 L
779 3744 821 3806 qui
839 3743 943 3807 uapulat
958 3744 998 3793 uel
1018 3743 1061 3806 qui
1079 3744 1151 3793 ardet
1168 3744 1209 3793 uel
1225 3745 1359 3807 quiesset
1375 3744 1409 3793 M
1474 3744 1595 3795 litermi·

305 3823 395 3864 nautur
414 3813 447 3862 M
462 3812 609 3861 terminatur
625 3812 683 3862 BL
735 3826 785 3861 non
804 3812 903 3877 passini
922 3814 973 3862 uim
992 3813 1086 3863 habent
1105 3814 1151 3863 sed
1165 3815 1242 3863 actiui
1258 3814 1291 3863 M
1307 3815 1444 3863 nonenim
1461 3817 1594 3880 passinam

303 3886 354 3934 uim
377 3882 471 3932 habeut
487 3888 567 3943 (eurr.
586 3878 636 3943 -et)
655 3880 858 3931 sedaetiuamB
875 3884 1007 3933 nonenim
1026 3884 1152 3948 pasinico
1167 3883 1243 3933 habet
1260 3883 1307 3933 sed
1325 3885 1401 3933 actiui
1417 3885 1441 3933 L
1494 3886 1593 3937 tineu-

303 3965 369 4003 trum
386 3952 579 4018 appellauerunt
596 3950 629 3999 M
705 3965 770 4014 quae
789 3952 902 4003 neutrius
921 3952 955 4002 M
1041 3954 1073 4003 13
1092 3955 1152 4017 quia
1170 3954 1303 4019 passluum
1322 3954 1355 4003 M
1372 3954 1431 4017 qnia
1446 3956 1594 4017 passionem

303 4024 359 4075 BL
430 4022 466 4071 ita
485 4035 585 4085 quoque
603 4020 667 4070 haee
685 4020 741 4071 ideo
759 4021 852 4071 BML
923 4036 974 4071 non
991 4024 1073 4087 possit
1089 4024 1122 4073 M
1191 4024 1224 4073 14
1245 4023 1279 4073 sd
1296 4025 1408 4073 setinum
1428 4024 1462 4073 M
1530 4039 1595 4087 quae

304 4108 360 4143 eum
378 4092 485 4142 formam
508 4098 653 4142 neutrorum
671 4090 765 4140 liabent
781 4105 830 4141 uon
850 4106 895 4157 per
913 4094 998 4143 omnis
1016 4100 1129 4159 tempora
1148 4092 1231 4142 nentri
1249 4102 1333 4142 tamen
1359 4094 1469 4159 speciem
1491 4101 1595 4144 seruant

305 4164 338 4213 M
407 4162 440 4213 16
459 4176 517 4210 nam
533 4160 603 4211 soleo
622 4160 733 4210 solebam
754 4162 837 4211 aetius
853 4163 950 4212 ratione
967 4161 1075 4212 clinatur
1093 4162 1124 4211 M
1194 4163 1227 4213 17
1246 4163 1389 4213 declinatur
1407 4164 1465 4213 BL
1536 4178 1596 4227 pss-

304 4233 354 4284 siui
369 4232 472 4281 elisatio
490 4230 523 4280 M
591 4229 624 4281 18
640 4230 698 4292 quis
717 4246 764 4296 pro
782 4240 889 4293 utraque
901 4232 927 4281 B
943 4232 1011 4295 quod
1028 4242 1135 4295 utraque
1148 4231 1181 4281 M
1250 4230 1284 4282 19
1302 4242 1391 4283 neutra
1409 4232 1515 4299 passius
1532 4232 1595 4281 ML

372 4302 405 4351 21
428 4300 614 4366 inspiciendum
633 4300 778 4365 diligentius
797 4300 836 4350 uel
862 4316 922 4350 uum
941 4302 966 4351 B
1035 4311 1119 4368 potest
1143 4302 1246 4365 aliquod
1264 4302 1322 4351 BL
1340 4303 1444 4367 aliquod
1460 4312 1549 4367 potest
1566 4303 1596 4352 M

373 4372 407 4421 22
430 4372 467 4421 vel
484 4366 554 4435 num]
575 4380 602 4419 ut
619 4370 684 4419 BM
689 4372 711 4419 L
782 4372 808 4419 in
826 4371 876 4419 alio
890 4380 966 4433 atque
981 4372 1030 4423 alio
1049 4372 1178 4423 intellectu
1196 4371 1337 4425 Siclordna
1353 4375 1380 4422 in
1398 4372 1448 4422 alio
1465 4373 1596 4423 intellectu

305 4440 370 4491 BM
386 4442 411 4489 in
427 4441 513 4505 aliquo
531 4440 703 4490 intellectuL
773 4442 808 4489 24
825 4448 850 4489 at
870 4456 929 4491 uero
948 4443 973 4491 in
992 4442 1062 4491 lonte
1082 4443 1196 4492 lauemur
1214 4442 1240 4492 B
1309 4445 1345 4493 25
1362 4440 1463 4509 dieitur]
1483 4443 1596 4492 dicimus

305 4512 338 4561 M
406 4510 539 4560 nonenim
558 4518 640 4577 potest
657 4508 708 4558 dici
725 4508 865 4561 Sicdordus
887 4526 937 4560 uou
961 4512 1027 4561 enim
1046 4512 1170 4577 potuisset
1190 4512 1241 4561 dici
1264 4512 1321 4561 BL
1345 4527 1395 4562 nou
1420 4514 1503 4579 possit
1527 4514 1595 4562 enim

306 4581 362 4643 quis
379 4580 429 4629 diei
446 4578 528 4643 (corr.
546 4578 642 4643 dicere)
661 4578 693 4627 M
761 4581 851 4633 lsuabo
871 4581 896 4631 B
965 4580 1000 4631 26
1012 4583 1034 4631 si
1048 4583 1079 4633 de
1095 4600 1123 4633 se
1139 4582 1231 4632 BML
1300 4584 1335 4633 27
1350 4583 1422 4631 aliter
1439 4598 1466 4631 re
1487 4584 1597 4633 tondere

307 4649 371 4699 BM
375 4650 413 4700 L:
432 4650 505 4699 aliter
523 4650 627 4700 tondere
644 4659 732 4700 curant
750 4650 853 4713 uellera,
873 4666 924 4701 non
942 4660 1031 4715 posset
1049 4652 1099 4702 diei
1117 4653 1215 4703 tonderi
1232 4650 1328 4701 uellera
1346 4660 1434 4702 curant
1452 4652 1597 4702 Sitha-dus

375 4732 445 4769 curat
463 4719 488 4769 B
575 4730 661 4785 posset
680 4722 730 4770 diei
747 4720 874 4771 retonderi
892 4720 1014 4784 (retoderi
1029 4722 1065 4782 L)
1084 4722 1185 4784 quidem
1204 4721 1300 4771 uellera
1316 4730 1405 4771 curant
1427 4721 1545 4785 (currant
1560 4720 1597 4785 L)

307 4788 362 4837 BL
380 4790 461 4854 possit
475 4789 557 4839 dicere
578 4790 676 4839 tonderi
695 4790 790 4839 uellera
804 4792 907 4853 quidem
923 4799 1011 4840 curant
1025 4792 1058 4842 M
1108 4792 1143 4844 ‘29
1158 4801 1184 4840 at
1199 4793 1221 4841 si
1241 4790 1312 4841 latini
1326 4792 1377 4842 diei
1393 4800 1474 4856 potest
1486 4792 1514 4841 L
1528 4792 1597 4842 uelat

307 4858 389 4924 [corr.
405 4862 439 4912 ol.
454 4874 519 4911 mon.
537 4857 621 4922 uelut)
640 4860 662 4908 si
679 4859 755 4909 latine
770 4870 853 4925 potest
871 4862 922 4912 diei
939 4859 965 4910 B
