3525 5600
758 403 828 466 aus
1375 399 1436 463 401

183 531 198 557 ε.
212 517 239 555 il.
1264 513 1375 567 pum-84
1389 509 1413 552 Β.

162 599 277 678 primum
300 594 448 666 dicamus,
471 613 530 676 quo
552 597 632 658 inter
653 615 685 657 se
709 595 860 664 dillerant,
891 613 959 655 cum
981 592 1158 674 quibusdam
1179 593 1277 655 modis
1298 595 1329 654 in
1352 613 1437 654 sran-

161 697 246 762 deudo
267 700 425 758 convenire
448 701 629 760 consuerint.
674 697 828 778 synaliphe
852 705 911 766 est,
944 715 1010 756 cum
1032 695 1144 776 syllaba
1166 715 1224 758 arna
1248 705 1298 757 aut
1320 715 1356 758 ex
1378 715 1437 757 una

161 811 204 865 aut
222 817 260 860 ec
281 799 397 860 duabus
421 799 570 862 vocalibus
592 804 653 863 sive
676 817 744 862 cum
766 819 795 862 ux
818 798 920 861 littera
935 801 1101 860 consistens
1116 797 1196 860 velut
1218 801 1369 879 superllua
1391 802 1437 860 in·
1530 848 1537 872 ,

161 905 266 964 venitur
288 905 319 961 in
342 921 428 962 versu
451 911 482 963 et
503 905 579 964 citra
601 903 740 964 damnum
763 903 843 963 vocis
872 901 1051 963 transilitur.
1095 901 1184 962 buius
1208 901 1341 981 exempla
1365 902 1438 962 haec

140 1013 232 1074 esunt,
260 1007 457 1082 ‘coniugio
484 1005 696 1076 Anchisae,
725 1005 890 1068 ‘interea
924 1005 1080 1065 medium
1109 1004 1280 1074 Aeneas’,
1311 1004 1436 1065 ‘femi-

159 1125 237 1169 noao
270 1107 491 1168 ardentem’.
536 1107 691 1187 ecthlipsis
726 1115 785 1178 εει,
820 1125 888 1168 cum
918 1125 1081 1168 concursus
1114 1125 1219 1167 vocum
1251 1126 1310 1168 non
1344 1089 1437 1167 soluui

57 1254 60 1262 ι
158 1211 293 1292 praeterit
314 1207 454 1288 syllabaS,
477 1210 529 1271 sed
553 1210 683 1272 excludit
706 1218 737 1270 et
763 1208 842 1270 velut
870 1228 1026 1290 expressas
1048 1207 1305 1290 strangulatusque
1327 1208 1437 1288 displo-

158 1313 204 1374 dit.
236 1311 302 1372 ideo
325 1311 454 1391 denique
477 1312 526 1373 hic
549 1312 758 1393 metaplasmus
786 1311 942 1392 ecthlipsis
964 1311 1083 1380 dieitur,
1107 1311 1193 1390 quasi
1215 1314 1387 1391 exprimens
1408 1317 1438 1369 et

158 1417 261 1476 eiciens
288 1431 365 1493 quae
393 1415 473 1476 velut
495 1415 647 1494 superllua
669 1417 784 1476 invenit
806 1413 922 1476 duabus
944 1413 1133 1474 obstantibus
1156 1414 1279 1474 vocibus
1300 1411 1437 1474 altrinse-

128 1536 203 1578 rocus
229 1519 345 1597 positis
391 1515 439 1576 ille
467 1536 584 1598 quoque
612 1520 750 1597 superior
778 1517 988 1598 metaplasmus
1016 1514 1096 1576 velut
1117 1516 1212 1576 levior
1240 1510 1247 1600 Ι
1274 1517 1438 1577 seeundum

156 1639 232 1682 snam
254 1621 313 1679 vim
335 1619 425 1680 etiarn
449 1621 568 1680 nomine
592 1627 745 1690 censetur,
769 1621 853 1700 quasi
869 1617 1019 1681 transiliat
1034 1637 1110 1699 quae
1132 1625 1256 1698 possunt
1276 1619 1437 1680 transiliri:

156 1743 217 1784 nam
237 1722 306 1782 ideo
328 1722 457 1802 denique
481 1721 635 1802 synalipbe
651 1723 730 1784 dicta
747 1730 807 1792 εει,
832 1725 917 1812 quasi
933 1722 1062 1802 qrrouam
1083 1721 1160 1782 saltu
1183 1723 1437 1800 praetermittens.

156 1843 220 1902 ergo
242 1815 330 1886 buius
353 1823 532 1904 ecthlipseos
553 1823 625 1886 baec
649 1825 692 1885 ris
715 1831 774 1894 est,
798 1831 831 1885 ut
853 1823 1004 1886 interdum
1025 1823 1156 1885 vocalem
1177 1823 1270 1884 solam
1292 1822 1438 1894 excludat,

155 1945 269 2006 eamque
303 1945 382 1988 nune
416 1933 446 1987 ut
480 1927 624 1998 litteram,
659 1935 691 1988 ut
723 1934 769 1988 est
800 1929 992 2005 ‘reginae
1020 1926 1217 2008 speculis',
1251 1929 1353 1987 ‘seio
1387 1945 1438 1990 ute

124 2031 313 2099 ulterrais',

298 2151 364 2211 per
386 2131 553 2194 duodena
576 2135 675 2209 regit
698 2131 823 2192 mundi
846 2132 900 2192 sol
923 2150 1058 2193 aureus
1080 2139 1198 2202 astra,

155 2234 382 2313 ‘tinctusque
411 2239 544 2304 atros',
575 2235 724 2297 interdum
751 2244 903 2315 tamqnam
930 2234 1087 2314 syllabam,
1112 2243 1144 2296 ut
1167 2237 1295 2315 ‘atque
1319 2255 1358 2296 ea
1382 2235 1438 2296 dr·

155 2353 252 2396 versa
280 2337 465 2415 penitus’;
494 2341 566 2399 item
595 2339 660 2398 eius
682 2345 727 2399 est
748 2344 897 2418 potestas,
921 2345 953 2397 ut
975 2337 1127 2398 interdum
1149 2337 1367 2417 diphthongum
1389 2319 1438 2398 ex·

52 2489 54 2502 .
155 2437 260 2508 cludat,
285 2445 316 2499 ut
338 2438 545 2500 ‘femineae
568 2439 793 2510 ardentdm’3
817 2442 889 2500 item
912 2441 978 2500 eius
998 2446 1129 2519 potestas
1151 2447 1210 2510 est,
1233 2448 1266 2501 ut
1289 2441 1438 2502 interdum

123 2541 276 2602 nrocalem
300 2559 367 2601 curu
390 2559 419 2602 m
442 2541 582 2621 expellat,
605 2551 637 2604 ut
661 2545 826 2603 ‘interea
849 2542 1008 2603 medium
1024 2542 1191 2612 Aeneas',
1216 2543 1312 2604 ‘ruit
1330 2541 1438 2603 llium

154 2649 186 2703 et
212 2645 373 2721 ingens'.
419 2643 474 2704 hae
502 2662 569 2704 cum
599 2647 658 2705 sint
687 2651 847 2724 potestates
875 2644 1002 2705 duorum
1030 2643 1137 2706 horum
1170 2645 1437 2724 metaplasmorum,

155 2747 248 2807 evenit
270 2745 420 2808 interdum
444 2745 604 2817 dubitatio,
636 2749 780 2828 primum,
810 2754 843 2810 ut
865 2748 995 2818 nescias,
1019 2755 1119 2809 utrum
1141 2746 1270 2809 litteram
1292 2767 1329 2809 an
1352 2748 1439 2829 sylla·

154 2848 218 2909 bam
241 2850 388 2911 exclusam
418 2861 482 2911 este
511 2850 606 2920 dicas,
636 2858 668 2912 ut
690 2850 798 2930 ‘atque
821 2870 855 2911 ea
878 2852 1029 2911 dirersa':
1057 2870 1123 2911 nam
1146 2852 1171 2911 sl
1194 2852 1327 2931 priorem
1349 2870 1366 2911 e
1388 2870 1439 2912 ex·

154 2950 264 3023 eludas,
287 2952 417 3014 litteram
440 2953 609 3022 exclusisti:
637 2956 662 3013 si
684 2956 897 3032 posteriorem,
921 2952 1064 3033 syllabam
1086 2952 1254 3024 exclusisti;
1277 2954 1313 3016 ad
1337 2954 1439 3015 deten-

120 3054 244 3115 essionis
265 3063 363 3116 autem
392 3056 539 3116 rationem
568 3056 642 3117 nihil
665 3056 773 3125 reiert,
801 3075 860 3136 quo
882 3056 969 3117 modo
991 3055 1165 3116 excluseris.
1204 3054 1311 3116 deinde
1341 3057 1440 3117 evenit

153 3173 185 3214 ea
207 3156 367 3229 dubitatio,
397 3164 429 3217 ut
457 3160 587 3228 nescias,
617 3166 715 3219 utrum
745 3157 900 3239 synalipha
927 3160 967 3219 sit
1000 3177 1036 3219 an
1065 3157 1219 3239 ecthlipsis
1249 3177 1304 3237 per
1337 3178 1440 3220 omnes

153 3257 261 3318 modos.
303 3267 334 3320 ut
367 3278 437 3319 ecce
466 3261 502 3321 de
531 3280 590 3321 uua
618 3260 709 3322 vocali
737 3279 813 3340 quae
841 3260 952 3341 syllaba
979 3262 1019 3323 sit
1046 3262 1146 3321 evenit
1173 3260 1334 3321 dubitatio:
1372 3280 1440 3323 narn

154 3360 258 3421 roralis
284 3380 352 3423 cum
374 3364 460 3442 quasi
484 3362 583 3452 littera
606 3363 788 3433 excluditur,
811 3381 931 3444 semper
953 3362 989 3424 ad
1011 3362 1169 3443 ecthlipsin
1193 3365 1338 3443 pertinet:
1368 3382 1440 3441 ergo

152 3464 193 3521 sie
217 3463 339 3526 dubium
362 3467 435 3536 erit,
460 3474 560 3527 utrum
581 3465 637 3526 hoc
660 3484 696 3527 an
720 3465 770 3526 illo
793 3466 879 3527 modo
902 3466 1040 3536 scandas,
1061 3463 1067 3549 Ι
1087 3472 1188 3527 utrum
1203 3464 1387 3546 synalipham
1403 3484 1439 3526 an

120 3564 310 3645 nertblipsin
344 3568 449 3637 laetae,
484 3570 642 3645 ‘coniugio
675 3568 851 3629 Auclrisae'.
897 3586 965 3629 uani
998 3570 1024 3629 si
1061 3570 1105 3629 sie
1141 3568 1281 3639 scandas,
1319 3570 1439 3646 coniugi

153 3666 253 3737 anchi,
282 3668 468 3749 synalipham
490 3672 604 3732 iecisti:
629 3670 800 3731 transsilisti
824 3672 905 3731 enim
926 3690 944 3729 o
966 3670 1124 3749 syllabam3
1147 3689 1223 3750 quae
1246 3672 1438 3740 transsilitur,

153 3786 208 3829 nou
232 3767 348 3831 exclusa
370 3780 425 3834 εει.
471 3776 497 3833 si
525 3776 569 3833 sie
597 3772 735 3843 scandas,
764 3774 883 3851 coniugi
915 3773 1003 3834 onobi
1025 3792 1091 3843 sae,
1116 3770 1270 3852 ecthlipsis
1291 3776 1365 3834 erit:
1389 3792 1438 3833 ex·

153 3869 233 3931 clusa
248 3866 293 3934 est
307 3874 387 3935 enirn
411 3894 431 3936 a
453 3883 484 3937 ot
505 3876 590 3956 quasi
613 3894 762 3956 expressa.
793 3876 890 3937 simile
913 3881 1012 3936 estet
1034 3874 1122 3945 illud,
1139 3877 1305 3955 ‘accipio
1326 3894 1439 3953 agno·

224 4128 374 4179 l‘dillerunt
392 4129 425 4179 M
473 4132 643 4183 teonreniro
658 4130 819 4181 Heinricbiue
836 4131 908 4193 apud
918 4130 1094 4180 Butduannum
1111 4131 1214 4179 euenire
1233 4130 1266 4179 M
1333 4145 1440 4180 eonsue-

154 4198 253 4248 runtM
299 4196 528 4251 aautaueousot
578 4198 769 4251 tiuuorsuM
821 4198 983 4267 beoniugio]
1003 4196 1275 4265 Verp.Aen.lltttb
1321 4199 1441 4250 anchisae

153 4274 176 4315 et
191 4268 285 4319 interea
303 4267 349 4321 M:
373 4264 452 4334 γάρ.
469 4270 535 4324 Aen.
557 4272 578 4319 V
596 4270 609 4321 1
664 4268 799 4320 teminieae
813 4270 857 4320 M:
877 4272 956 4335 Verp.
976 4270 1041 4320 Aen.
1058 4270 1101 4319 Vll
1120 4270 1172 4320 345
1226 4268 1243 4320 b
1262 4268 1396 4321 iactlimsis
1409 4270 1442 4319 M

220 4336 236 4385 7
257 4338 302 4389 sed
321 4338 400 4390 cludit
419 4339 449 4388 M
467 4340 513 4389 sed
535 4339 613 4392 eludit
632 4341 711 4391 edidit
727 4340 906 4401 Burmannus,
925 4342 991 4390 eorde
1007 4340 1078 4391 elidit
1093 4338 1251 4390 scribendum
1267 4341 1373 4390 coniecit

153 4420 287 4471 oppressas
303 4410 409 4460 coniecit
426 4410 559 4460 Ormerua
628 4410 794 4461 Siactlimrls
813 4408 846 4458 M
914 4406 1055 4474 deiciens]
1082 4409 1176 4459 ieeiem
1195 4410 1226 4458 M
1252 4410 1347 4459 iaciens
1364 4410 1443 4461 edidit

153 4475 313 4529 Buhnamme
376 4480 505 4545 superflua
524 4482 659 4532 Ονωηενεε
675 4480 854 4545 superauerit
913 4479 996 4529 lenior
1012 4478 1093 4529 edidit
1110 4480 1273 4530 Britannum
1327 4478 1359 4531 13
1378 4481 1440 4529 iaet-

154 4545 300 4599 limoeosM
369 4549 401 4600 14
422 4548 522 4617 regina]
543 4553 620 4616 Verp.
639 4550 767 4601 Aemilii
784 4550 836 4604 5811
906 4547 969 4616 scio]
994 4550 1073 4614 Verp.
1093 4551 1159 4602 Aen.
1176 4548 1277 4600 111602
1348 4549 1382 4601 111
1394 4564 1442 4615 per

153 4614 277 4685 elbodone]
301 4619 580 4687 Verp.peorp.1232
652 4622 684 4672 17
703 4618 854 4687 ductusque]
880 4620 958 4685 Verp.
974 4619 1039 4673 Aen.
1058 4619 1114 4669 Vt
1166 4614 1253 4685 etque]
1274 4620 1352 4684 Verp,
1372 4618 1438 4672 Aen.

156 4684 253 4739 Vltltl
324 4688 357 4741 19
375 4688 511 4757 femineae]
533 4692 612 4756 Verp.
628 4692 693 4741 Aen.
709 4691 823 4743 vitata
893 4689 928 4740 20
946 4686 1052 4756 intereo]
1074 4690 1154 4755 Verp.
1171 4689 1237 4740 Aen.
1257 4687 1305 4738 Vl
1376 4685 1436 4756 ruit]

158 4757 315 4822 Venerios.
334 4760 357 4809 ll
375 4758 427 4811 825
447 4758 495 4809 init
515 4760 587 4810 ilium
637 4762 668 4812 21
691 4759 750 4829 bae]
771 4759 834 4811 haee
854 4762 888 4811 M
941 4758 1023 4811 titan
1042 4760 1173 4810 ieetlimsls
1192 4759 1225 4808 M
1275 4757 1310 4810 28
1328 4760 1361 4809 ad
1378 4759 1440 4809 iect-

154 4824 282 4950 Ινιιῆἷίειδιῧι
336 4828 370 4880 30
387 4830 520 4881 ieetlimsin
535 4830 568 4879 M
616 4830 650 4881 32
673 4830 804 4883 ieetlirnsis
817 4830 851 4881 M
902 4828 936 4881 33
955 4844 970 4879 a
992 4844 1037 4883 om.
1057 4832 1092 4881 M
1136 4826 1246 4897 accipio]
1272 4832 1350 4895 Verp.
1372 4829 1439 4880 Aeo.
