3525 5600
348 412 411 479 422
476 433 479 438 ’
592 422 594 426 ’
918 417 1066 481 PHOCAE

373 538 395 579 p.
410 525 455 565 333.
469 524 494 564 33
507 523 529 564 L.
1425 539 1462 770 s.
1479 527 1534 570 3133.
1547 531 1569 570 or
1580 527 1598 570 3.

433 605 512 675 Quae
539 607 570 664 in
598 605 670 666 duas
693 605 832 666 desinunt
860 615 1055 667 consonantes
1083 608 1229 686 exceptis,
1252 615 1285 668 ut
1306 610 1426 688 saepius
1446 609 1557 669 dictum
1575 619 1615 680 331
1720 596 1721 601 ¹

347 706 571 786 monosyllabis,
600 709 626 766 si
656 709 717 768 sint
744 708 924 778 accidentia,
953 711 1045 769 trium
1067 727 1210 786 generum
1232 717 1316 779 sunt,
1340 716 1371 769 et
1392 717 1423 770 te
1441 712 1500 770 tiae
1522 721 1617 772 remota

348 809 540 888 ambiguitate
563 808 785 880 declinationis,
818 818 851 870 ut
877 809 986 886 hicet
1012 810 1085 870 haec
1107 818 1138 871 et
1160 811 1216 871 hoc
1237 813 1343 888 ingens
1365 813 1511 888 ingentis,
1534 812 1619 874 hicet

346 912 419 972 13333
441 917 470 971 31
493 911 548 970 hoc
571 910 689 982 caelebs
711 911 847 980 caelibis,
871 912 921 972 hic
936 912 1055 973 ethaeo
1070 913 1171 973 ethoc
1192 915 1280 993 inops
1302 915 1415 992 inopiS,
1438 915 1488 974 hic
1510 914 1618 974 ethaeo

346 1021 376 1073 31
397 1014 452 1074 133
476 1013 579 1074 3311333
603 1013 745 1082 sollertis,
768 1012 817 1073 hic
839 1019 869 1073 et
891 1013 964 1074 haec
987 1023 1017 1074 et
1031 1015 1087 1075 hoc
1103 1033 1227 1075 concors
1241 1015 1414 1085 concordis,
1437 1017 1486 1076 hic
1509 1017 1636 1077 ethaeos

346 1122 376 1176 31
398 1116 453 1176 hoc
475 1123 581 1196 potens
603 1117 742 1194 potentis.
773 1133 867 1194 pauca
891 1125 960 1175 sunt
981 1117 1138 1177 masculini
1161 1119 1281 1195 generis
1294 1121 1433 1197 propria,
1456 1117 1505 1177 hic
1520 1117 1618 1178 1133333

344 1217 499 1286 Mavortis,
522 1217 571 1276 hic
594 1217 706 1277 Arruns
729 1209 881 1286 Arruntis}
911 1236 1004 1296 pauca
1027 1219 1217 1299 appellativa,
1246 1239 1372 1300 quorum
1400 1220 1458 1281 alia
1479 1220 1617 1280 masculini

345 1328 414 1380 sunt
436 1321 571 1397 generis,
596 1318 651 1378 alia
674 1319 829 1388 lentinini,
852 1319 902 1378 hic
925 1319 1016 1399 adeps
1038 1320 1149 1400 adipis,
1172 1321 1246 1382 haec
1268 1321 1374 1382 cohors
1395 1324 1538 1393 cohortis,
1558 1323 1617 1382 haec

343 1423 440 1483 hiems
461 1421 570 1482 hiemis
593 1429 623 1480 31
645 1421 762 1481 similia.

427 1523 577 1604 Expositis
605 1523 765 1583 latinorum
798 1525 952 1584 nominum
986 1524 1098 1602 regulis
1125 1543 1305 1603 graecomm
1331 1545 1450 1607 quoque
1477 1526 1616 1587 mactanda
1627 1545 1646 1582 u

345 1635 390 1687 331
411 1625 585 1695 declinatio,
610 1627 747 1704 quoniam
770 1624 946 1705 plerumque
968 1625 1016 1686 his
1031 1628 1144 1688 utimur
1158 1630 1191 1688 in
1206 1647 1353 1698 sermone,
1376 1636 1408 1688 31
1421 1620 1548 1689 maxime
1561 1648 1617 1708 pro

342 1731 431 1808 priis,
460 1746 536 1808 quae
565 1730 596 1788 in
624 1745 710 1786 usum
737 1728 846 1788 latinae
875 1727 994 1805 linguae
1023 1729 1150 1790 admissa
1173 1737 1256 1800 snut,
1279 1733 1426 1792 31311333
1448 1734 1539 1792 333113
1558 1731 1617 1790 deli·
1642 1735 1646 1743 '

343 1831 451 1892 nienda
475 1833 535 1892 sint
556 1828 678 1906 regulis
723 1831 897 1889 memineris
925 1839 1024 1890 autem
1051 1834 1150 1891 onmia
1172 1850 1279 1909 graeca
1301 1834 1420 1892 nomina
1442 1835 1562 1912 propria
1580 1833 1617 1892 331

343 1933 518 2012 appellativa
542 1941 592 1994 aut
613 1934 727 2011 primae
750 1949 815 1991 3333
839 1931 1048 1993 declinationis
1068 1941 1120 1994 aut
1141 1935 1289 1995 secundae
1312 1944 1363 1995 aut
1384 1936 1491 1994 tertiae
1512 1937 1618 2012 generis

296 2057 301 2077 ¹
342 2035 497 2096 masculini
521 2035 659 2094 feminini
681 2035 792 2094 neutri.
837 2035 890 2095 sed
912 2037 1027 2115 primae
1049 2036 1171 2115 quidem
1193 2043 1224 2096 31
1250 2037 1398 2097 secundae
1422 2036 1645 2097 13311331133133

341 2137 503 2198 masculina
536 2144 566 2196 et
597 2137 741 2197 feminina
776 2139 984 2217 reperiuntur,
1019 2139 1126 2198 tertiae
1159 2145 1256 2198 autem
1293 2138 1456 2199 masculina
1488 2139 1617 2200 1333313133

340 2235 492 2320 neutrali
1723 2263 1725 2312 1

427 2338 656 2421 103333333313
680 2342 799 2400 nomina
822 2359 854 2401 33
875 2342 921 2402 331
937 2322 1105 2420 essyllahis
1127 2343 1337 2411 terminantur,
1360 2343 1385 2401 si
1408 2341 1486 2421 apud
1502 2341 1618 2402 Graecos
1723 2325 1725 2344 ²

340 2445 502 2522 genitivum
535 2445 566 2503 in
600 2461 641 2502 ου
676 2445 811 2513 mittunt,
841 2444 918 2522 apud
946 2463 1001 2504 nos
1028 2447 1142 2523 primae
1171 2452 1240 2505 3331
1267 2443 1491 2515 declinationis,
1520 2451 1553 2504 ut
1575 2443 1617 2504 hic
1723 2435 1725 2438 ⁴

341 2547 454 2607 Aeneas
476 2544 609 2614 Aeneae,
639 2543 742 2624 Lysias
769 2545 890 2625 Lysiae,
920 2546 1060 2625 Amyntas
1086 2547 1243 2625 Amyntae,
1271 2545 1429 2607 Damoetas
1456 2546 1644 2612 1133331333
1724 2583 1725 2588 1

341 2649 462 2709 Orestes
483 2647 622 2716 Orestae,
647 2646 772 2726 Pylades
793 2646 935 2727 Pyladae,
959 2650 1059 2708 omnia
1085 2648 1242 2708 masculini
1270 2651 1400 2726 generis.
1443 2650 1518 2710 item
1538 2647 1616 2726 disyl-

338 2750 517 2821 1313311333,
540 2767 615 2830 quae
639 2748 773 2809 31111333
797 2748 932 2829 adempta
954 2750 1069 2811 iaciunt
1094 2749 1173 2830 apud
1195 2750 1261 2811 illos
1281 2752 1461 2829 genitivum,
1490 2748 1617 2811 similiter

341 2853 418 2933 apud
440 2872 495 2913 nos
517 2852 654 2913 eiusdem
677 2860 747 2913 sunt
769 2852 990 2921 declinationis,
1014 2860 1047 2912 ut
1062 2853 1154 2913 Antas
1168 2853 1275 2923 Aptae,
1299 2854 1401 2915 hlcnas
1415 2854 1529 2914 113333.
1550 2870 1616 2931 quae

337 2958 536 3017 accusativum
559 2952 740 3031 singularem
768 2956 800 3014 in
828 2974 848 3014 3
876 2956 1086 3033 potiusquam
1108 2956 1140 3014 iu
1162 2974 1192 3015 m
1213 2957 1349 3025 mittunt,
1373 2963 1406 3016 ut
1427 2955 1546 3016 Aenean
1565 2954 1615 3014 An-

337 3058 441 3118 chisen
463 3056 581 3137 Lysian.
627 3057 718 3117 simili
741 3058 855 3117 rationo
887 3058 1090 3135 patronymica
1114 3056 1314 3127 declinantur,
1337 3065 1371 3117 nt
1391 3057 1441 3117 hic
1462 3057 1647 3117 Priamidesss

337 3159 521 3227 Priamidae,
544 3158 662 3219 Pelides
684 3158 818 3228 Pelidae,
842 3158 921 3219 hunc
937 3157 1106 3218 Priamiden
1128 3157 1261 3219 Peliden.
1291 3176 1398 3236 graeca
1419 3168 1518 3221 autem
1539 3160 1616 3220 lemi-

337 3263 424 3331 nina‚
448 3280 524 3341 quae
548 3281 562 3322 a
586 3261 685 3320 littera
708 3262 864 3331 liniuntur,
893 3262 1007 3339 primae
1036 3265 1104 3319 sunt
1131 3259 1351 3331 declinationis,
1374 3268 1409 3321 ut
1429 3261 1503 3322 haec
1523 3260 1616 3321 hledea

336 3362 473 3433 hlcdeae,
497 3361 630 3425 Phaedra
653 3362 820 3432 Phaedrae,
844 3362 1030 3449 Andromeda
1053 3361 1268 3423 Andromedae.
1314 3370 1344 3423 et
1365 3382 1442 3442 quae
1464 3364 1495 3423 in
1517 3382 1533 3424 3
1553 3381 1616 3447 pro·

337 3464 454 3526 ductam
478 3465 556 3545 apud
578 3466 645 3526 illos
668 3464 821 3536 desinunt,
847 3464 924 3546 apud
946 3482 1001 3524 nos
1021 3483 1038 3523 e
1060 3466 1093 3524 in
1114 3484 1131 3524 a
1159 3482 1300 3526 conversa
1327 3465 1462 3526 eiusdem
1483 3465 1615 3526 3333113-

334 3740 367 3790 27
395 3668 447 3790 51de
463 3684 635 3790 qlugecumque
660 3670 761 3719 nomine
779 3684 808 3719 33
828 3668 868 3719 331
891 3683 918 3717 33
937 3668 1013 3719 0133.
1035 3666 1081 3733 19,
1101 3667 1127 3718 O.
1151 3669 1195 3730 41,
1215 3668 1308 3730 31113,
1328 3668 1369 3720 11.
1389 3684 1447 3723 3333.
1467 3669 1614 3733 01333531,

371 3780 377 3793 “
447 3778 455 3807 2

402 3949 419 3997 2
437 3948 509 3997 tertie
528 3946 624 3998 ordinis
643 3954 739 3994 3333313
757 3945 782 3993 F
795 3942 862 3993 tertii
880 3942 977 3993 ordinis
994 3952 1090 3991 remota
1103 3943 1140 4003 [ς
1209 3944 1226 3992 1
1242 3943 1327 4009 inopis
1344 3941 1424 3993 solers
1445 3942 1541 3992 solertis
1558 3954 1612 3991 3333-

333 4030 390 4066 3333
407 4018 539 4067 3333331113
558 4016 600 4065 hic
618 4024 643 4066 31
661 4014 725 4065 13333
745 4023 769 4063 31
788 4013 836 4063 hoc
853 4022 945 4077 potens
960 4027 1042 4078 panca
1059 4011 1085 4061 F
1105 4011 1189 4076 inopis
1205 4012 1295 4062 sollers
1309 4013 1420 4062 sollertis
1438 4026 1543 4062 concors
1558 4026 1613 4060 333-

333 4086 417 4136 333113
435 4102 516 4152 psucs
534 4088 559 4135 P
645 4084 922 4135 53333333333333113
941 4096 957 4138 ς
1044 4081 1060 4132 8
1078 4082 1163 4147 adipis
1180 4097 1227 4131 om.
1243 4083 1268 4131 P
1336 4082 1466 4133 9313311133
1486 4082 1566 4132 mn.
1582 4093 1613 4129 33

333 4171 481 4208 carisomus
500 4170 617 4207 3333333331
639 4170 733 4205 3333333
751 4168 885 4205 3333333313
903 4152 1034 4218 Expositis
1052 4152 1077 4201 P
1145 4149 1178 4201 18
1196 4167 1225 4202 ss
1242 4151 1282 4201 uel
1300 4166 1328 4200 es
1348 4152 1389 4201 uel
1408 4168 1424 4201 3
1441 4151 1566 4215 syllabas

333 4226 366 4277 19
383 4236 412 4277 ut
429 4216 575 4305 dAtvslup
587 4222 639 4276 τοῦ
650 4220 767 4276 Αἰνείου
786 4223 828 4273 1313
848 4227 948 4272 Aeneas
966 4238 1037 4272 neae.
1057 4212 1072 4272 ὁ
1093 4219 1202 4280 Λυσίας
1213 4217 1266 4271 τοῦ
1276 4220 1387 4272 Λυσίου
1405 4222 1496 4287 Lysias
1514 4219 1610 4285 Lysiae.

332 4286 492 4362 d'rlps'rvwc
504 4292 555 4345 τοῦ
569 4284 699 4359 ,1μῦ3333
714 4296 830 4343 3133313133
849 4301 897 4341 tae.
916 4284 932 4345 ὁ
947 4290 1093 4357 Δαμοίτης
1111 4286 1163 4339 τοῦ
1176 4280 1341 4369 Δαμόοιὲυυ
1359 4289 1494 4369 1133333133
1509 4290 1610 4371 Oanos·

331 4374 381 4417 tae.
398 4354 575 4428 dKlooe'vsayc
587 4358 638 4413 τοῦ
650 4355 799 4414 1113313333
811 4362 929 4413 01333133
948 4362 1075 4410 Cluentus.
1093 4362 1208 4423 exceptis
1226 4358 1297 4408 hiso
1319 4362 1450 4427 Ιωανυης
1466 4358 1517 4411 τοῦ
1528 4362 1611 4410 issar

332 4448 384 4485 νου
402 4436 509 4482 loannes
529 4430 628 4479 loannis
646 4421 661 4481 ὁ
678 4418 810 4499 Ὀρόντης
829 4429 880 4481 τοῦ
898 4420 1033 4497 Ὀρόντου
1046 4428 1153 4478 Orontes
1172 4420 1314 4481 Orontis.‘d
1331 4417 1465 4497 Ὀρέστης
1482 4421 1612 4501 τυῦὈρέ;

332 4516 400 4554 στου
416 4502 518 4553 Orestes
536 4501 641 4551 Orestis.
661 4490 819 4567 ὁἩρώὸης
841 4497 894 4549 τοῦ
910 4490 1041 4564 Ἡρώδου
1059 4499 1102 4547 hic
1118 4497 1230 4547 Herodes
1243 4495 1359 4547 11333113.
1378 4490 1394 4548 ὁ
1412 4488 1548 4562 Πυλάδης
1561 4510 1611 4545 sos

332 4563 471 4623 Πυλάδου
492 4571 600 4636 Pylades
618 4570 722 4637 Pyladis
741 4571 825 4619 3333313
849 4569 982 4619 masculini
1004 4570 1107 4633 generis
1126 4578 1220 4623 33331ς
1307 4564 1342 4615 ’ὶῦ
1365 4567 1481 4617 1333333133
1502 4564 1610 4615 dumetae

332 4640 444 4705 (pilades
465 4643 565 4707 pilades
581 4641 642 4692 add.
660 4640 685 4705 l)
710 4640 823 4705 exceptis
841 4638 881 4687 his
899 4638 1023 4687 iohannes
1040 4638 1159 4688 iohannis
1177 4646 1279 4687 orontes
1297 4638 1395 4686 orantis
1412 4634 1504 4687 orodes
1520 4642 1609 4684 orestes

332 4711 430 4774 pelides
443 4714 526 4761 omnis
543 4712 568 4760 F
619 4711 723 4761 Orestae
742 4726 788 4763 om.
807 4712 832 4760 P
887 4709 919 4759 21
939 4709 998 4758 item
1016 4708 1060 4758 ille
1078 4708 1144 4758 11333
1156 4706 1481 4772 qucs⁴(qusesf]littera
1498 4705 1608 4767 adempta

331 4780 356 4828 F
371 4782 431 4831 11333
451 4782 494 4831 1113
512 4796 577 4845 quae
596 4782 662 4831 llexe
680 4796 693 4829 3
712 4782 794 4831 littera
811 4780 905 4845 sdepta
919 4778 944 4826 P
1011 4776 1045 4829 23
1061 4792 1127 4841 quse
1144 4789 1169 4827 33
1184 4778 1357 4827 333333113333
1374 4774 1563 4843 singularunm
1577 4786 1608 4821 es

332 4851 417 4913 potius
436 4866 511 4914 quem
531 4854 555 4900 13
572 4867 612 4901 em
630 4850 755 4914 syllohom
769 4858 796 4899 ut
811 4849 933 4899 anchisen
948 4846 1022 4897 113133
1039 4848 1064 4897 F
1098 4870 1104 4877 ·
1131 4848 1325 4899 saeuientem.
1339 4848 1364 4897 P
1432 4846 1467 4896 ‘27
1484 4854 1512 4894 31
1525 4842 1609 4893 medes

332 4918 445 4984 phaedra
465 4922 567 4970 medeae
582 4921 710 4986 phaedrae
726 4923 750 4971 P
766 4929 792 4969 31
807 4918 870 4969 haec
888 4920 962 4969 33313
981 4917 1041 4968 1313
1058 4918 1132 4969 meda
1148 4916 1206 4968 1313
1220 4918 1246 4966 F
