3525 5600
313 371 376 437 224
883 373 1035 437 POMPEll

339 497 361 538 p.
374 485 463 527 ιει-εε
476 483 499 524 ι,

315 566 406 634 citnr;
429 566 515 625 tertia
538 564 568 622 in
592 562 685 623 activo
707 562 717 622 i
740 561 831 623 babet
852 571 1030 644 correptam,
1053 564 1223 644 inpassivo
1245 563 1418 626 nonhabet
1444 566 1456 625 i
1476 563 1600 627 litteram

314 674 492 747 correptam,
515 665 567 727 sed
589 683 645 746 pro
667 665 677 726 i
700 683 725 726 ε.
771 663 840 726 hinc
867 673 991 746 apparet
1015 666 1155 747 quonism
1177 674 1315 749 correpta
1338 673 1392 729 est.
1436 674 1509 747 puta
1540 666 1601 745 lego

314 767 401 848 legis:
425 768 520 850 qualis
541 769 579 828 sit
600 769 654 829 ista
677 767 775 829 littera
797 787 856 830 uon
879 767 1034 847 intellego,
1062 769 1110 831 lac
1138 773 1287 851 passivum
1316 769 1399 849 legor
1420 768 1538 848 legeris.
1579 770 1601 829 si

314 878 459 933 servasset
480 872 574 950 ipsam
596 870 735 940 litteram,
759 878 823 932 erat
844 870 1000 951 producta.
1036 889 1097 933 non
1119 880 1218 934 antem
1240 874 1376 942 servarit,
1398 871 1453 934 sed
1474 871 1601 941 mutavit,

315 973 394 1034 unde
417 979 539 1054 apparet
560 973 627 1053 qnia
651 979 786 1053 correpta
803 981 855 1036 εει.
887 991 1048 1054 numquam
1062 981 1162 1055 potest
1182 983 1308 1046 mutare,
1331 976 1389 1037 nisi
1406 973 1526 1056 quando
1541 991 1624 1034 cor-s
1709 1014 1711 1081 l

315 1077 435 1156 cipitur,
465 1081 497 1136 nt
524 1074 591 1153 lego
617 1074 706 1155 legis,
737 1074 819 1154 legor
840 1075 958 1155 legeris.
1003 1076 1147 1158 numquid
1172 1086 1223 1139 eut
1247 1076 1401 1158 produxit,
1436 1097 1498 1158 quo
1521 1075 1603 1137 modo
1709 1088 1711 1149 l

314 1177 438 1239 dicimus
460 1176 570 1238 doceor
593 1177 718 1248 doceris
743 1185 793 1239 aut
814 1181 950 1250 servavit,
976 1197 1036 1259 quo
1058 1179 1149 1240 modo
1171 1178 1297 1241 dicimus
1323 1181 1443 1268 nutrioq
1463 1179 1604 1240 nutriris?

315 1297 387 1358 ergo
414 1281 440 1340 si
467 1287 606 1361 correpta
629 1281 733 1350 luerit,
762 1282 793 1341 in
823 1288 970 1350 emutat3
999 1283 1025 1342 si
1049 1280 1195 1362 producta
1221 1283 1312 1345 luerit
1339 1283 1522 1361 coniugatio,
1549 1299 1604 1344 non
1709 1272 1710 1349 ι

315 1389 422 1454 mutat,
451 1381 504 1443 sed
532 1391 630 1444 servet
660 1384 754 1463 ipsam
783 1380 1068 1464 [coniugationem],
1103 1392 1136 1445 ut
1162 1384 1187 1445 si
1221 1383 1304 1446 dicas
1331 1385 1448 1447 nutrior
1473 1384 1602 1444 nutriris
1709 1370 1710 1437 ᾗ

315 1503 374 1547 uon
397 1485 524 1546 dicimus
546 1487 685 1556 nutreris,
710 1503 797 1566 quem
820 1486 856 1547 ad
878 1485 1000 1547 modum
1021 1485 1140 1564 legeris,
1164 1485 1218 1548 sed
1240 1487 1340 1548 nutrio
1363 1487 1469 1556 nutris,
1493 1486 1608 1546 nutrior
1616 1503 1638 1542 ιι

315 1587 447 1648 nutriris
493 1605 562 1648 ecce
584 1586 677 1650 habes
700 1605 790 1649 unum
815 1587 975 1650 discrimen
997 1589 1106 1669 ipsius;
1131 1598 1176 1650 est
1197 1587 1288 1651 aliud.
1331 1589 1450 1670 quando
1471 1595 1606 1668 correpta

316 1696 370 1760 εει,
392 1691 423 1751 in
446 1707 463 1750 c
485 1696 578 1751 mutat
599 1691 820 1771 imperativum
844 1689 963 1769 quando
985 1689 1128 1772 producta
1150 1699 1209 1762 est,
1238 1693 1270 1753 in
1292 1693 1302 1753 i
1323 1700 1490 1772 permanet.
1541 1699 1607 1770 puta

315 1792 383 1870 lego
404 1790 477 1870 legis
499 1791 574 1871 lege,
598 1811 668 1854 ecce
690 1794 721 1853 in
743 1793 918 1872 imperativo
940 1794 1029 1855 modo
1051 1795 1173 1855 mutavit
1194 1795 1250 1855 iin
1265 1813 1291 1865 e,
1315 1801 1345 1855 et
1360 1803 1533 1872 correptum
1549 1800 1606 1854 est:

315 1895 414 1956 nutrio
437 1895 533 1956 nutris
555 1895 644 1964 nutri,
669 1911 739 1956 ecce
762 1897 887 1956 servavit
907 1897 1003 1976 ipsam
1024 1898 1036 1957 i
1056 1899 1088 1958 in
1103 1897 1287 1977 imperativo,
1311 1904 1340 1957 et
1359 1897 1540 1977 productum
1556 1902 1606 1965 εει,
1709 1896 1710 1985 l

317 2015 376 2057 non
399 1995 469 2057 iacit
490 2003 586 2058 ιιιιιιε.
619 2003 663 2058 εει
685 1999 755 2058 item
779 1995 857 2058 aliud
879 1999 911 2059 iu
933 1984 1123 2079 paenultimis
1143 1997 1263 2080 syllabis
1277 1999 1415 2061 infinitivi
1437 1999 1527 2070 modi,
1550 2017 1640 2060 nonu
1709 1996 1710 2055 i

316 2101 347 2158 in
370 2097 488 2170 ultimis,
513 2099 617 2161 sedin
640 2098 830 2179 paenultimis
852 2098 981 2180 syllabis.
1024 2100 1144 2179 quaudo
1171 2101 1321 2163 invenitur
1344 2112 1461 2182 tempus
1482 2101 1608 2182 produc·

318 2207 389 2273 tum,
412 2201 603 2282 producitur:
628 2200 746 2282 quando
767 2203 918 2264 invenitur
939 2200 1065 2286 temlpns
1087 2211 1269 2283 correptum,
1293 2201 1431 2284 correpta
1448 2212 1493 2266 εει
1507 2205 1608 2266 coniu-
1709 2190 1710 2235 t

317 2305 406 2382 galio.
450 2313 519 2384 puta
543 2303 643 2384 legere
664 2303 782 2384 quando
811 2303 893 2376 dico,
921 2305 1065 2386 numquid
1092 2303 1219 2386 produxi
1246 2305 1476 2387 paenultimam?
1511 2305 1610 2385 legere
1709 2328 1710 2381 ι

237 2419 242 2432 ’
317 2404 415 2467 brevis
443 2413 496 2468 cst.
542 2408 736 2468 econtrario
764 2408 788 2466 si
816 2405 962 2487 producta
988 2409 1028 2468 sit
1054 2408 1237 2487 coniugatio,
1266 2407 1458 2488 producitur:
1496 2409 1609 2470 nutrire
1709 2398 1710 2475 ι

316 2507 461 2588 producta
484 2515 537 2579 εει,
561 2527 620 2570 non
643 2508 921 2572 dicimustnutrere.
965 2528 1035 2571 cccc
1058 2509 1150 2571 habes
1171 2518 1233 2572 tres
1254 2511 1402 2581 rationes,
1425 2510 1506 2572 unde
1527 2508 1641 2570 colli-ao
1709 2528 1710 2583 3

316 2627 376 2689 gas,
401 2611 518 2690 quando
541 2618 677 2692 correpta
702 2618 761 2682 est,
791 2611 909 2692 quando
935 2611 1082 2693 producta
1108 2613 1164 2674 ista
1191 2613 1368 2692 coniugatio.
1414 2613 1485 2693 quid
1513 2621 1610 2674 autem
1709 2594 1710 2661 Ῠ

318 2711 404 2774 nobis
432 2711 556 2792 prodest
583 2715 660 2774 scire
686 2714 772 2776 istam
801 2716 1053 2795 coniugationem,
1085 2713 1204 2794 quando
1231 2715 1375 2796 producta
1404 2721 1465 2785 est,
1495 2713 1610 2793 quando
1709 2704 1710 2729 ³

318 2816 473 2897 correpta?
517 2816 607 2895 quidl
628 2824 753 2897 propter
775 2819 905 2880 rationes
927 2826 1108 2899 temporum.
1152 2817 1190 2879 de
1211 2818 1300 2880 nullis
1322 2820 1402 2880 enim
1422 2817 1515 2880 rebus
1543 2837 1610 2898 pos·
1709 2881 1710 2884 ,

318 2937 421 2980 sumus
443 2925 578 2999 tempora
601 2918 741 2998 colligere
764 2922 820 2981 nisi
842 2920 879 2981 de
901 2921 964 2982 istis
988 2918 1254 3000 coniugationibus.

200 3030 258 3091 413,
271 3031 304 3080 2⁷
402 3020 478 3081 Ecce
500 3022 595 3101 prima
619 3030 647 3081 et
669 3020 799 3084 secunda
822 3024 990 3102 coniugatio
1012 3024 1147 3084 iuturum
1167 3029 1286 3103 tempus
1307 3025 1339 3083 in
1362 3021 1401 3084 bo
1423 3024 1521 3093 mittit,
1544 3040 1644 3083 amors
1709 3069 1710 3076 a

201 3099 260 3163 ⁵⁰⁶⁹
273 3099 306 3149 ²⁹
319 3140 399 3183 amas
421 3121 535 3194 amabo,
560 3123 653 3185 doceo
676 3123 765 3185 doces
788 3123 903 3187 docebo
922 3122 1029 3206 [prima
1052 3143 1125 3204 ergo
1147 3133 1177 3186 et
1198 3124 1330 3186 secunda
1344 3125 1479 3187 futurum
1494 3132 1611 3205 tempus
1709 3167 1710 3170 ,

316 3226 349 3285 in
377 3224 415 3286 bo
443 3227 534 3287 mittit
561 3226 710 3288 indicativi
737 3225 833 3299 modi,
868 3245 936 3289 amo
964 3246 1047 3289 emas
1074 3226 1195 3297 amabo,
1228 3226 1323 3288 doceo
1350 3226 1441 3289 doces
1470 3226 1610 3307 docebo}

319 3329 404 3389 tertia
427 3329 610 3406 coniugatio,
640 3330 664 3389 si
688 3337 824 3409 correpta
847 3330 950 3405 luerit,
979 3331 1114 3391 futurum
1143 3337 1261 3409 tempus
1288 3331 1319 3390 in
1347 3347 1396 3391 am
1417 3330 1522 3399 mittit,
1545 3329 1611 3407 lego

318 3428 391 3509 logis
417 3428 529 3509 legam.
560 3449 649 3492 curro
677 3433 774 3493 curris
796 3450 924 3493 curram.
968 3450 1038 3493 ecce
1060 3435 1118 3493 iam
1141 3431 1270 3494 diximus
1298 3431 1335 3493 de
1362 3442 1500 3512 correpta
1527 3432 1611 3493 tertia

319 3534 535 3610 coniugatione.
581 3534 606 3593 si
627 3533 772 3613 producta
794 3535 893 3605 luerit,
915 3535 974 3595 iam
997 3532 1057 3596 noli
1080 3533 1227 3597 Donatum
1248 3534 1343 3613 sequi,
1366 3534 1419 3595 sed
1441 3544 1510 3596 tene
1526 3529 1646 3595 ista‘mso

319 3633 452 3713 regulum
476 3652 563 3715 quam
586 3634 640 3695 tibi
662 3635 738 3697 dico.
770 3635 898 3698 diximus
920 3654 1000 3715 ergo,
1023 3636 1119 3717 prima
1143 3645 1172 3699 et
1193 3635 1324 3699 secunda
1346 3637 1514 3716 coniugatio
1532 3638 1610 3697 lutu-

319 3754 385 3799 rom
408 3744 523 3817 tempus
545 3738 576 3798 in
596 3740 601 3814 Ι
620 3737 659 3798 bc
680 3739 777 3808 mittit,
801 3758 867 3821 amo
890 3756 971 3801 amas
993 3739 1108 3811 amabo,
1132 3739 1226 3801 doceo
1248 3738 1337 3801 doces
1360 3738 1484 3800 docebo.
1527 3739 1612 3800 tertia

320 3840 503 3918 coniugatio,
530 3840 555 3900 si
577 3846 714 3920 correpta
737 3841 834 3912 luerit,
856 3843 889 3904 in
911 3860 958 3903 am
981 3841 1085 3912 mittit,
1114 3842 1140 3902 si
1162 3858 1233 3902 vero
1254 3840 1399 3920 producta
1421 3838 1524 3916 inerit,
1553 3841 1612 3900 iam

319 3940 427 4003 recede
448 3960 464 4003 a
487 3943 602 4003 ratione
629 3943 685 4003 ista
713 3962 802 4024 quam
825 3944 950 4023 legimus
978 3943 1025 4004 bic
1047 3943 1231 4011 iubenum,
1260 3943 1321 4004 noli
1344 3962 1413 4004 euru
1434 3944 1533 4022 sequi,
1559 3940 1612 4001 sed

321 4043 377 4105 lroc
399 4052 467 4105 tenc
490 4043 568 4123 qnod
591 4042 645 4105 tibi
668 4044 770 4108 dixero
799 4044 887 4127 [ergo
908 4048 995 4108 tertia
1024 4046 1191 4124 coniugatio
1219 4044 1362 4124 producta
1390 4045 1539 4107 invenitur
1558 4042 1611 4105 ali·
1625 4064 1648 4103 ss

321 4146 458 4223 quotiens
480 4148 560 4209 etin
584 4166 630 4207 am
654 4155 684 4207 et
705 4150 736 4209 in
760 4146 823 4229 bo].
856 4166 927 4227 ergo
950 4148 1016 4209 vide
1039 4148 1110 4226 qnid
1133 4147 1215 4208 dico:
1246 4148 1333 4208 tertia
1354 4148 1526 4225 coniugatio
1541 4164 1609 4226 pro·

322 4247 409 4309 ducta
432 4250 580 4311 invenitur
606 4249 763 4330 aliqnando
791 4258 821 4311 et
849 4252 880 4311 in
909 4268 955 4311 am
985 4250 1073 4311 etin
1101 4247 1139 4309 bo
1173 4247 1262 4310 simui
1289 4250 1421 4321 mittere,
1455 4247 1612 4329 aliquando

320 4352 353 4411 in
376 4350 414 4411 bo
443 4358 558 4413 tontum
587 4351 684 4413 innodo.
730 4352 881 4413 videamus
909 4352 1026 4433 quando
1057 4360 1086 4413 ct
1112 4352 1143 4411 iu
1171 4370 1218 4412 am
1241 4352 1323 4412 etin
1346 4349 1493 4412 bosimul
1515 4350 1611 4411 mittit.

322 4452 438 4514 dimitte
459 4456 518 4515 iam
541 4452 605 4515 illas
627 4456 758 4534 quinque
780 4474 838 4527 ιεε,
862 4473 936 4535 quas
958 4453 1012 4516 tibi
1034 4453 1095 4514 dixi
1117 4454 1254 4534 superius
1276 4460 1309 4515 ut
1326 4456 1462 4534 requiras
1480 4449 1612 4536 [modum

321 4592 607 4601 ——-————--.-.-.--—.-

393 4677 405 4727 l
424 4675 507 4743 tertis]
529 4678 555 4727 in
575 4678 648 4727 tertie
665 4676 750 4727 ABG
818 4678 908 4727 ‘ieret
926 4677 1049 4741 producte
1066 4674 1092 4726 B
1109 4685 1167 4727 er.t
1186 4676 1323 4742 producta.
1343 4676 1367 4725 A
1391 4684 1445 4726 erat
1464 4675 1611 4743 productae

322 4742 355 4795 a*
373 4756 444 4796 erent
460 4746 636 4811 producteeO
731 4746 762 4797 13
781 4747 838 4813 lege
855 4748 1007 4812 imperetiuo
1023 4760 1081 4796 ecce
1101 4747 1176 4796 modo
1194 4746 1277 4797 ABO
1364 4746 1397 4797 21
1415 4755 1556 4796 nutemocc
1575 4744 1611 4803 A,

323 4816 383 4867 cdd.
403 4832 420 4866 a
490 4816 524 4866 36
543 4818 694 4881 aliquotiens
713 4826 738 4867 et
757 4816 781 4867 in
799 4832 839 4866 cur
860 4816 958 4867 licat:
974 4828 998 4866 et
1016 4833 1061 4868 om.
1078 4815 1102 4864 A
1172 4815 1206 4867 :37
1225 4812 1311 4882 simul]
1333 4817 1452 4866 similiter
1468 4816 1492 4865 A
1499 4814 1548 4865 Bc

322 4886 356 4937 38
375 4886 476 4949 qnando
489 4894 513 4933 et
530 4890 554 4935 in
574 4902 612 4935 arn
634 4886 711 4937 θεὸς
729 4896 753 4935 ει
771 4903 816 4938 orn.
837 4886 894 4936 AB
1363 4910 1368 4919 1
