<?xml version="1.0" encoding="UTF-8"?>
<!DOCTYPE html PUBLIC "-//W3C//DTD XHTML 1.0 Transitional//EN"
    "http://www.w3.org/TR/xhtml1/DTD/xhtml1-transitional.dtd">
<html xmlns="http://www.w3.org/1999/xhtml" xml:lang="en" lang="en">
 <head>
  <title>
</title>
<meta http-equiv="Content-Type" content="text/html;charset=utf-8" />
  <meta name='ocr-system' content='tesseract 3.04.00' />
  <meta name='ocr-capabilities' content='ocr_page ocr_carea ocr_par ocr_line ocrx_word'/>
</head>
<body>
  <div class='ocr_page' id='page_1' title='image "./grammaticilatin03hagagoog_0496.png"; bbox 0 0 3525 5600; ppageno 0'>
   <div class='ocr_carea' id='block_1_1' title="bbox 346 421 1083 487">
    <p class='ocr_par' dir='ltr' id='par_1_1' title="bbox 346 421 1083 487">
     <span class='ocr_line' id='line_1_1' title="bbox 346 421 1083 487; baseline -0.001 0"><span class='ocrx_word' id='word_1_1' title='bbox 346 421 409 487; x_wconf 84' lang='lat'>486</span> <span class='ocrx_word' id='word_1_2' title='bbox 898 423 1083 487; x_wconf 79' lang='lat' dir='ltr'>uvrrcffls</span> 
     </span>
    </p>
   </div>
   <div class='ocr_carea' id='block_1_2' title="bbox 241 530 1713 4161">
    <p class='ocr_par' dir='ltr' id='par_1_2' title="bbox 241 530 1713 3549">
     <span class='ocr_line' id='line_1_2' title="bbox 372 530 1597 586; baseline 0 -14"><span class='ocrx_word' id='word_1_3' title='bbox 372 545 393 586; x_wconf 76' lang='lat' dir='ltr'>p.</span> <span class='ocrx_word' id='word_1_4' title='bbox 408 535 452 574; x_wconf 84' lang='lat' dir='ltr'>ns.</span> <span class='ocrx_word' id='word_1_5' title='bbox 465 535 489 574; x_wconf 79' lang='lat' dir='ltr'>oa</span> <span class='ocrx_word' id='word_1_6' title='bbox 504 531 526 572; x_wconf 84' lang='lat' dir='ltr'>t.</span> <span class='ocrx_word' id='word_1_7' title='bbox 1441 543 1462 585; x_wconf 69' lang='lat' dir='ltr'>p</span> <span class='ocrx_word' id='word_1_8' title='bbox 1475 532 1532 573; x_wconf 74' lang='lat' dir='ltr'>ater.</span> <span class='ocrx_word' id='word_1_9' title='bbox 1543 533 1568 574; x_wconf 74' lang='lat' dir='ltr'>u</span> <span class='ocrx_word' id='word_1_10' title='bbox 1577 530 1597 573; x_wconf 78' lang='lat' dir='ltr'>r.</span> 
     </span>
     <span class='ocr_line' id='line_1_3' title="bbox 347 611 1617 693; baseline 0 -20"><span class='ocrx_word' id='word_1_11' title='bbox 347 631 400 683; x_wconf 89' lang='lat' dir='ltr'>no,</span> <span class='ocrx_word' id='word_1_12' title='bbox 429 631 519 692; x_wconf 90' lang='lat' dir='ltr'>crepo</span> <span class='ocrx_word' id='word_1_13' title='bbox 547 613 699 693; x_wconf 81' lang='lat' dir='ltr'>discrepo,</span> <span class='ocrx_word' id='word_1_14' title='bbox 729 631 800 693; x_wconf 88' lang='lat' dir='ltr'>repo</span> <span class='ocrx_word' id='word_1_15' title='bbox 828 611 939 691; x_wconf 92' lang='lat' dir='ltr'>adrepo</span> <span class='ocrx_word' id='word_1_16' title='bbox 968 615 1088 692; x_wconf 88' lang='lat' dir='ltr'>inrepo,</span> <span class='ocrx_word' id='word_1_17' title='bbox 1117 630 1169 671; x_wconf 89' lang='lat' dir='ltr'>aro</span> <span class='ocrx_word' id='word_1_18' title='bbox 1191 631 1296 680; x_wconf 81' lang='lat' dir='ltr'>exaro,</span> <span class='ocrx_word' id='word_1_19' title='bbox 1319 631 1410 672; x_wconf 90' lang='lat' dir='ltr'>curro</span> <span class='ocrx_word' id='word_1_20' title='bbox 1430 614 1549 672; x_wconf 81' lang='lat' dir='ltr'>incurro</span> <span class='ocrx_word' id='word_1_21' title='bbox 1568 613 1617 673; x_wconf 72' lang='lat' dir='ltr'>die</span> 
     </span>
     <span class='ocr_line' id='line_1_4' title="bbox 347 713 1617 795; baseline 0.001 -21"><span class='ocrx_word' id='word_1_22' title='bbox 347 733 436 776; x_wconf 90' lang='lat' dir='ltr'>curro</span> <span class='ocrx_word' id='word_1_23' title='bbox 465 733 628 785; x_wconf 89' lang='lat' dir='ltr'>concurro,</span> <span class='ocrx_word' id='word_1_24' title='bbox 657 733 749 795; x_wconf 90' lang='lat' dir='ltr'>penso</span> <span class='ocrx_word' id='word_1_25' title='bbox 778 715 918 794; x_wconf 89' lang='lat' dir='ltr'>dispenso</span> <span class='ocrx_word' id='word_1_26' title='bbox 950 732 1124 792; x_wconf 88' lang='lat' dir='ltr'>compenso,</span> <span class='ocrx_word' id='word_1_27' title='bbox 1153 715 1216 773; x_wconf 88' lang='lat' dir='ltr'>viso</span> <span class='ocrx_word' id='word_1_28' title='bbox 1243 715 1355 782; x_wconf 82' lang='lat' dir='ltr'>inviso,</span> <span class='ocrx_word' id='word_1_29' title='bbox 1383 721 1471 774; x_wconf 89' lang='lat' dir='ltr'>canto</span> <span class='ocrx_word' id='word_1_30' title='bbox 1499 713 1617 784; x_wconf 81' lang='lat' dir='ltr'>decanto,</span> 
     </span>
     <span class='ocr_line' id='line_1_5' title="bbox 347 800 1711 895; baseline -0.001 -16"><span class='ocrx_word' id='word_1_31' title='bbox 347 820 433 878; x_wconf 92' lang='lat' dir='ltr'>mitto</span> <span class='ocrx_word' id='word_1_32' title='bbox 456 820 572 877; x_wconf 79' lang='lat' dir='ltr'>inmitto</span> <span class='ocrx_word' id='word_1_33' title='bbox 596 815 755 887; x_wconf 82' lang='lat' dir='ltr'>submitto,</span> <span class='ocrx_word' id='word_1_34' title='bbox 779 835 869 878; x_wconf 90' lang='lat' dir='ltr'>curvo</span> <span class='ocrx_word' id='word_1_35' title='bbox 884 818 1023 886; x_wconf 88' lang='lat' dir='ltr'>incurvo,</span> <span class='ocrx_word' id='word_1_36' title='bbox 1047 815 1127 876; x_wconf 85' lang='lat' dir='ltr'>solro</span> <span class='ocrx_word' id='word_1_37' title='bbox 1142 815 1285 886; x_wconf 83' lang='lat' dir='ltr'>dissolvo,</span> <span class='ocrx_word' id='word_1_38' title='bbox 1309 816 1386 876; x_wconf 91' lang='lat' dir='ltr'>duco</span> <span class='ocrx_word' id='word_1_39' title='bbox 1401 815 1515 876; x_wconf 79' lang='lat' dir='ltr'>deduco</span> <span class='ocrx_word' id='word_1_40' title='bbox 1528 816 1616 886; x_wconf 89' lang='lat' dir='ltr'>educo,</span> <span class='ocrx_word' id='word_1_41' title='bbox 1710 800 1711 895; x_wconf 51' lang='lat' dir='ltr'>J</span> 
     </span>
     <span class='ocr_line' id='line_1_6' title="bbox 347 904 1711 998; baseline -0.002 -18"><span class='ocrx_word' id='word_1_42' title='bbox 347 921 405 980; x_wconf 91' lang='lat' dir='ltr'>nisi</span> <span class='ocrx_word' id='word_1_43' title='bbox 429 938 533 980; x_wconf 90' lang='lat' dir='ltr'>sensus</span> <span class='ocrx_word' id='word_1_44' title='bbox 555 927 642 980; x_wconf 86' lang='lat' dir='ltr'>causa</span> <span class='ocrx_word' id='word_1_45' title='bbox 666 926 797 980; x_wconf 92' lang='lat' dir='ltr'>mutetur</span> <span class='ocrx_word' id='word_1_46' title='bbox 819 920 1003 996; x_wconf 87' lang='lat' dir='ltr'>coniugatio,</span> <span class='ocrx_word' id='word_1_47' title='bbox 1026 918 1171 996; x_wconf 90' lang='lat' dir='ltr'>producta</span> <span class='ocrx_word' id='word_1_48' title='bbox 1185 918 1307 997; x_wconf 90' lang='lat' dir='ltr'>quidem</span> <span class='ocrx_word' id='word_1_49' title='bbox 1322 918 1503 998; x_wconf 89' lang='lat' dir='ltr'>paemdtima</span> <span class='ocrx_word' id='word_1_50' title='bbox 1516 919 1616 987; x_wconf 85' lang='lat' dir='ltr'>tertiae,</span> <span class='ocrx_word' id='word_1_51' title='bbox 1710 904 1711 909; x_wconf 8' lang='grc' dir='ltr'>ἵ</span> 
     </span>
     <span class='ocr_line' id='line_1_7' title="bbox 346 1019 1711 1105; baseline -0.001 -24"><span class='ocrx_word' id='word_1_52' title='bbox 346 1021 440 1082; x_wconf 90' lang='lat' dir='ltr'>educo</span> <span class='ocrx_word' id='word_1_53' title='bbox 463 1021 581 1090; x_wconf 91' lang='lat' dir='ltr'>educis,</span> <span class='ocrx_word' id='word_1_54' title='bbox 611 1029 749 1101; x_wconf 88' lang='lat' dir='ltr'>correpta</span> <span class='ocrx_word' id='word_1_55' title='bbox 778 1028 877 1081; x_wconf 91' lang='lat' dir='ltr'>autem</span> <span class='ocrx_word' id='word_1_56' title='bbox 904 1019 1085 1100; x_wconf 79' lang='lat' dir='ltr'>paenultima</span> <span class='ocrx_word' id='word_1_57' title='bbox 1112 1022 1244 1100; x_wconf 84' lang='lat' dir='ltr'>primae,</span> <span class='ocrx_word' id='word_1_58' title='bbox 1273 1020 1368 1080; x_wconf 90' lang='lat' dir='ltr'>educo</span> <span class='ocrx_word' id='word_1_59' title='bbox 1389 1020 1512 1090; x_wconf 78' lang='lat' dir='ltr'>educas,</span> <span class='ocrx_word' id='word_1_60' title='bbox 1534 1019 1562 1080; x_wconf 92' lang='lat' dir='ltr'>id</span> <span class='ocrx_word' id='word_1_61' title='bbox 1580 1028 1636 1080; x_wconf 75' lang='lat' dir='ltr'>ests</span> <span class='ocrx_word' id='word_1_62' title='bbox 1710 1100 1711 1105; x_wconf 8' lang='grc' dir='ltr'>ἵ</span> 
     </span>
     <span class='ocr_line' id='line_1_8' title="bbox 347 1119 1133 1201; baseline -0.004 -17"><span class='ocrx_word' id='word_1_63' title='bbox 347 1125 465 1192; x_wconf 84' lang='lat' dir='ltr'>nutrio,</span> <span class='ocrx_word' id='word_1_64' title='bbox 489 1141 548 1184; x_wconf 90' lang='lat' dir='ltr'>non</span> <span class='ocrx_word' id='word_1_65' title='bbox 571 1123 710 1193; x_wconf 77' lang='lat' dir='ltr'>extraho,</span> <span class='ocrx_word' id='word_1_66' title='bbox 735 1131 767 1184; x_wconf 90' lang='lat' dir='ltr'>ut</span> <span class='ocrx_word' id='word_1_67' title='bbox 788 1122 931 1201; x_wconf 83' lang='lat' dir='ltr'>Virgilius</span> <span class='ocrx_word' id='word_1_68' title='bbox 952 1123 984 1182; x_wconf 90' lang='lat' dir='ltr'>in</span> <span class='ocrx_word' id='word_1_69' title='bbox 1005 1119 1083 1181; x_wconf 89' lang='lat' dir='ltr'>libro</span> <span class='ocrx_word' id='word_1_70' title='bbox 1106 1121 1133 1182; x_wconf 87' lang='grc' dir='ltr'>Χ</span> 
     </span>
     <span class='ocr_line' id='line_1_9' title="bbox 497 1223 1553 1305; baseline -0.001 -20"><span class='ocrx_word' id='word_1_71' title='bbox 497 1231 676 1305; x_wconf 89' lang='lat' dir='ltr'>quattuor</span> <span class='ocrx_word' id='word_1_72' title='bbox 699 1225 759 1284; x_wconf 89' lang='lat' dir='ltr'>hic</span> <span class='ocrx_word' id='word_1_73' title='bbox 782 1227 949 1293; x_wconf 78' lang='lat' dir='ltr'>iuvenes,</span> <span class='ocrx_word' id='word_1_74' title='bbox 973 1223 1134 1284; x_wconf 87' lang='lat' dir='ltr'>totidem</span> <span class='ocrx_word' id='word_1_75' title='bbox 1155 1242 1246 1302; x_wconf 90' lang='lat' dir='ltr'>qnos</span> <span class='ocrx_word' id='word_1_76' title='bbox 1267 1224 1406 1285; x_wconf 88' lang='lat' dir='ltr'>educat</span> <span class='ocrx_word' id='word_1_77' title='bbox 1427 1223 1553 1294; x_wconf 83' lang='lat' dir='ltr'>Viens3</span> 
     </span>
     <span class='ocr_line' id='line_1_10' title="bbox 346 1321 1617 1408; baseline -0.003 -19"><span class='ocrx_word' id='word_1_78' title='bbox 346 1327 424 1408; x_wconf 91' lang='lat' dir='ltr'>quod</span> <span class='ocrx_word' id='word_1_79' title='bbox 447 1346 463 1387; x_wconf 92' lang='lat' dir='ltr'>a</span> <span class='ocrx_word' id='word_1_80' title='bbox 486 1329 606 1388; x_wconf 89' lang='lat' dir='ltr'>nomine</span> <span class='ocrx_word' id='word_1_81' title='bbox 634 1327 692 1388; x_wconf 88' lang='lat' dir='ltr'>dux</span> <span class='ocrx_word' id='word_1_82' title='bbox 720 1327 804 1387; x_wconf 90' lang='lat' dir='ltr'>ducis</span> <span class='ocrx_word' id='word_1_83' title='bbox 834 1345 922 1406; x_wconf 89' lang='lat' dir='ltr'>posse</span> <span class='ocrx_word' id='word_1_84' title='bbox 949 1327 1014 1386; x_wconf 87' lang='lat' dir='ltr'>lieri</span> <span class='ocrx_word' id='word_1_85' title='bbox 1038 1324 1248 1404; x_wconf 78' lang='lat' dir='ltr'>praediximus.</span> <span class='ocrx_word' id='word_1_86' title='bbox 1292 1336 1324 1387; x_wconf 88' lang='lat' dir='ltr'>et</span> <span class='ocrx_word' id='word_1_87' title='bbox 1344 1321 1491 1388; x_wconf 88' lang='lat' dir='ltr'>manduco</span> <span class='ocrx_word' id='word_1_88' title='bbox 1511 1326 1617 1387; x_wconf 86' lang='lat' dir='ltr'>mandu-</span> 
     </span>
     <span class='ocr_line' id='line_1_11' title="bbox 347 1428 1712 1507; baseline -0.005 -17"><span class='ocrx_word' id='word_1_89' title='bbox 347 1447 412 1500; x_wconf 86' lang='lat' dir='ltr'>cas,</span> <span class='ocrx_word' id='word_1_90' title='bbox 435 1429 506 1490; x_wconf 89' lang='lat' dir='ltr'>licet</span> <span class='ocrx_word' id='word_1_91' title='bbox 529 1447 545 1489; x_wconf 91' lang='lat' dir='ltr'>a</span> <span class='ocrx_word' id='word_1_92' title='bbox 567 1428 643 1489; x_wconf 92' lang='lat' dir='ltr'>duco</span> <span class='ocrx_word' id='word_1_93' title='bbox 666 1429 750 1489; x_wconf 91' lang='lat' dir='ltr'>ducis</span> <span class='ocrx_word' id='word_1_94' title='bbox 779 1428 869 1488; x_wconf 89' lang='lat' dir='ltr'>verbo</span> <span class='ocrx_word' id='word_1_95' title='bbox 884 1428 1002 1490; x_wconf 83' lang='lat' dir='ltr'>videtur</span> <span class='ocrx_word' id='word_1_96' title='bbox 1024 1429 1177 1507; x_wconf 87' lang='lat' dir='ltr'>componi,</span> <span class='ocrx_word' id='word_1_97' title='bbox 1198 1436 1298 1488; x_wconf 86' lang='lat' dir='ltr'>tameo</span> <span class='ocrx_word' id='word_1_98' title='bbox 1319 1446 1387 1489; x_wconf 92' lang='lat' dir='ltr'>cum</span> <span class='ocrx_word' id='word_1_99' title='bbox 1409 1431 1528 1488; x_wconf 89' lang='lat' dir='ltr'>nomine</span> <span class='ocrx_word' id='word_1_100' title='bbox 1550 1446 1617 1488; x_wconf 89' lang='lat' dir='ltr'>com·</span> <span class='ocrx_word' id='word_1_101' title='bbox 1711 1470 1712 1483; x_wconf 67' lang='grc'>,</span> 
     </span>
     <span class='ocr_line' id='line_1_12' title="bbox 346 1529 1644 1612; baseline -0.002 -20"><span class='ocrx_word' id='word_1_102' title='bbox 346 1534 489 1612; x_wconf 88' lang='lat' dir='ltr'>positum,</span> <span class='ocrx_word' id='word_1_103' title='bbox 533 1533 618 1610; x_wconf 88' lang='lat' dir='ltr'>quasi</span> <span class='ocrx_word' id='word_1_104' title='bbox 655 1547 774 1591; x_wconf 88' lang='lat' dir='ltr'>manum</span> <span class='ocrx_word' id='word_1_105' title='bbox 817 1531 853 1592; x_wconf 93' lang='lat' dir='ltr'>ad</span> <span class='ocrx_word' id='word_1_106' title='bbox 889 1549 924 1590; x_wconf 91' lang='lat' dir='ltr'>os</span> <span class='ocrx_word' id='word_1_107' title='bbox 965 1529 1056 1599; x_wconf 91' lang='lat' dir='ltr'>duco,</span> <span class='ocrx_word' id='word_1_108' title='bbox 1098 1532 1165 1591; x_wconf 90' lang='lat' dir='ltr'>inre</span> <span class='ocrx_word' id='word_1_109' title='bbox 1200 1532 1315 1610; x_wconf 88' lang='lat' dir='ltr'>primae</span> <span class='ocrx_word' id='word_1_110' title='bbox 1351 1539 1407 1591; x_wconf 86' lang='lat' dir='ltr'>est.</span> <span class='ocrx_word' id='word_1_111' title='bbox 1467 1529 1644 1591; x_wconf 83' lang='lat' dir='ltr'>intellectusn</span> 
     </span>
     <span class='ocr_line' id='line_1_13' title="bbox 346 1629 1712 1712; baseline -0.002 -18"><span class='ocrx_word' id='word_1_112' title='bbox 346 1640 445 1695; x_wconf 88' lang='lat' dir='ltr'>autem</span> <span class='ocrx_word' id='word_1_113' title='bbox 479 1633 646 1693; x_wconf 88' lang='lat' dir='ltr'>dillerentia</span> <span class='ocrx_word' id='word_1_114' title='bbox 680 1631 754 1692; x_wconf 92' lang='lat' dir='ltr'>solet</span> <span class='ocrx_word' id='word_1_115' title='bbox 787 1631 799 1712; x_wconf 75' lang='lat' dir='ltr'>ll</span> <span class='ocrx_word' id='word_1_116' title='bbox 831 1632 983 1693; x_wconf 90' lang='lat' dir='ltr'>interdum</span> <span class='ocrx_word' id='word_1_117' title='bbox 1019 1641 1051 1692; x_wconf 90' lang='lat' dir='ltr'>et</span> <span class='ocrx_word' id='word_1_118' title='bbox 1085 1634 1116 1692; x_wconf 92' lang='lat' dir='ltr'>in</span> <span class='ocrx_word' id='word_1_119' title='bbox 1150 1631 1341 1711; x_wconf 88' lang='lat' dir='ltr'>simplicitate</span> <span class='ocrx_word' id='word_1_120' title='bbox 1377 1629 1535 1692; x_wconf 86' lang='lat' dir='ltr'>verborum</span> <span class='ocrx_word' id='word_1_121' title='bbox 1564 1651 1616 1692; x_wconf 93' lang='lat' dir='ltr'>mu·</span> <span class='ocrx_word' id='word_1_122' title='bbox 1711 1632 1712 1637; x_wconf 74' lang='grc'>’</span> 
     </span>
     <span class='ocr_line' id='line_1_14' title="bbox 346 1733 1617 1812; baseline -0.002 -15"><span class='ocrx_word' id='word_1_123' title='bbox 346 1744 409 1797; x_wconf 91' lang='lat' dir='ltr'>tare</span> <span class='ocrx_word' id='word_1_124' title='bbox 433 1736 686 1812; x_wconf 88' lang='lat' dir='ltr'>coniugationem,</span> <span class='ocrx_word' id='word_1_125' title='bbox 710 1743 743 1794; x_wconf 89' lang='lat' dir='ltr'>ut</span> <span class='ocrx_word' id='word_1_126' title='bbox 759 1734 825 1795; x_wconf 92' lang='lat' dir='ltr'>dico</span> <span class='ocrx_word' id='word_1_127' title='bbox 846 1735 924 1795; x_wconf 86' lang='lat' dir='ltr'>dicis</span> <span class='ocrx_word' id='word_1_128' title='bbox 944 1742 976 1794; x_wconf 93' lang='lat' dir='ltr'>et</span> <span class='ocrx_word' id='word_1_129' title='bbox 996 1733 1064 1794; x_wconf 85' lang='lat' dir='ltr'>dieo</span> <span class='ocrx_word' id='word_1_130' title='bbox 1085 1733 1182 1804; x_wconf 89' lang='lat' dir='ltr'>dicas,</span> <span class='ocrx_word' id='word_1_131' title='bbox 1205 1733 1314 1795; x_wconf 92' lang='lat' dir='ltr'>mando</span> <span class='ocrx_word' id='word_1_132' title='bbox 1336 1733 1453 1794; x_wconf 87' lang='lat' dir='ltr'>mandis</span> <span class='ocrx_word' id='word_1_133' title='bbox 1475 1742 1506 1794; x_wconf 90' lang='lat' dir='ltr'>et</span> <span class='ocrx_word' id='word_1_134' title='bbox 1526 1733 1617 1794; x_wconf 88' lang='lat' dir='ltr'>mando</span> 
     </span>
     <span class='ocr_line' id='line_1_15' title="bbox 346 1835 1618 1915; baseline -0.002 -17"><span class='ocrx_word' id='word_1_135' title='bbox 346 1837 484 1906; x_wconf 90' lang='lat' dir='ltr'>mandas,</span> <span class='ocrx_word' id='word_1_136' title='bbox 507 1837 598 1897; x_wconf 83' lang='lat' dir='ltr'>fundo</span> <span class='ocrx_word' id='word_1_137' title='bbox 621 1835 722 1896; x_wconf 85' lang='lat' dir='ltr'>lundis</span> <span class='ocrx_word' id='word_1_138' title='bbox 744 1843 773 1896; x_wconf 88' lang='lat' dir='ltr'>et</span> <span class='ocrx_word' id='word_1_139' title='bbox 795 1836 887 1896; x_wconf 89' lang='lat' dir='ltr'>lundo</span> <span class='ocrx_word' id='word_1_140' title='bbox 909 1835 1032 1906; x_wconf 85' lang='lat' dir='ltr'>lundas&#39;;</span> <span class='ocrx_word' id='word_1_141' title='bbox 1055 1838 1133 1896; x_wconf 91' lang='lat' dir='ltr'>sicut</span> <span class='ocrx_word' id='word_1_142' title='bbox 1147 1855 1215 1897; x_wconf 91' lang='lat' dir='ltr'>sero</span> <span class='ocrx_word' id='word_1_143' title='bbox 1229 1835 1350 1915; x_wconf 89' lang='lat' dir='ltr'>quidem</span> <span class='ocrx_word' id='word_1_144' title='bbox 1372 1853 1457 1896; x_wconf 83' lang='lat' dir='ltr'>seras</span> <span class='ocrx_word' id='word_1_145' title='bbox 1478 1855 1494 1896; x_wconf 89' lang='lat' dir='ltr'>a</span> <span class='ocrx_word' id='word_1_146' title='bbox 1515 1838 1618 1896; x_wconf 88' lang='lat' dir='ltr'>nomine</span> 
     </span>
     <span class='ocr_line' id='line_1_16' title="bbox 346 1937 1618 2020; baseline 0 -21"><span class='ocrx_word' id='word_1_147' title='bbox 346 1939 424 2020; x_wconf 91' lang='lat' dir='ltr'>quod</span> <span class='ocrx_word' id='word_1_148' title='bbox 453 1948 497 2001; x_wconf 89' lang='lat' dir='ltr'>est</span> <span class='ocrx_word' id='word_1_149' title='bbox 525 1939 597 1999; x_wconf 90' lang='lat' dir='ltr'>haec</span> <span class='ocrx_word' id='word_1_150' title='bbox 626 1957 707 2008; x_wconf 88' lang='lat' dir='ltr'>sera,</span> <span class='ocrx_word' id='word_1_151' title='bbox 737 1937 807 1999; x_wconf 90' lang='lat' dir='ltr'>licet</span> <span class='ocrx_word' id='word_1_152' title='bbox 835 1945 974 2018; x_wconf 91' lang='lat' dir='ltr'>correpta</span> <span class='ocrx_word' id='word_1_153' title='bbox 1001 1938 1194 2017; x_wconf 82' lang='lat' dir='ltr'>paenultima,</span> <span class='ocrx_word' id='word_1_154' title='bbox 1227 1946 1259 1998; x_wconf 89' lang='lat' dir='ltr'>et</span> <span class='ocrx_word' id='word_1_155' title='bbox 1284 1937 1351 2016; x_wconf 86' lang='lat' dir='ltr'>lego</span> <span class='ocrx_word' id='word_1_156' title='bbox 1379 1938 1462 2016; x_wconf 88' lang='lat' dir='ltr'>legas</span> <span class='ocrx_word' id='word_1_157' title='bbox 1492 1939 1618 2019; x_wconf 81' lang='lat' dir='ltr'>producta</span> 
     </span>
     <span class='ocr_line' id='line_1_17' title="bbox 346 2038 1645 2121; baseline -0.002 -20"><span class='ocrx_word' id='word_1_158' title='bbox 346 2041 526 2121; x_wconf 88' lang='lat' dir='ltr'>paenultima</span> <span class='ocrx_word' id='word_1_159' title='bbox 548 2042 662 2121; x_wconf 87' lang='lat' dir='ltr'>primae</span> <span class='ocrx_word' id='word_1_160' title='bbox 685 2047 769 2110; x_wconf 89' lang='lat' dir='ltr'>sont,</span> <span class='ocrx_word' id='word_1_161' title='bbox 794 2049 826 2100; x_wconf 88' lang='lat' dir='ltr'>ut</span> <span class='ocrx_word' id='word_1_162' title='bbox 848 2059 865 2102; x_wconf 87' lang='lat' dir='ltr'>a</span> <span class='ocrx_word' id='word_1_163' title='bbox 887 2038 1057 2101; x_wconf 87' lang='lat' dir='ltr'>nominibus</span> <span class='ocrx_word' id='word_1_164' title='bbox 1079 2057 1146 2101; x_wconf 89' lang='lat' dir='ltr'>sera</span> <span class='ocrx_word' id='word_1_165' title='bbox 1168 2048 1199 2100; x_wconf 90' lang='lat' dir='ltr'>et</span> <span class='ocrx_word' id='word_1_166' title='bbox 1226 2040 1274 2101; x_wconf 82' lang='lat' dir='ltr'>lex</span> <span class='ocrx_word' id='word_1_167' title='bbox 1296 2042 1467 2111; x_wconf 82' lang='lat' dir='ltr'>venientia3</span> <span class='ocrx_word' id='word_1_168' title='bbox 1493 2058 1558 2101; x_wconf 87' lang='lat' dir='ltr'>sero</span> <span class='ocrx_word' id='word_1_169' title='bbox 1575 2058 1645 2100; x_wconf 78' lang='lat' dir='ltr'>auc</span> 
     </span>
     <span class='ocr_line' id='line_1_18' title="bbox 346 2132 1713 2223; baseline -0.001 -19"><span class='ocrx_word' id='word_1_170' title='bbox 346 2151 407 2204; x_wconf 89' lang='lat' dir='ltr'>tem</span> <span class='ocrx_word' id='word_1_171' title='bbox 434 2146 512 2204; x_wconf 91' lang='lat' dir='ltr'>seris</span> <span class='ocrx_word' id='word_1_172' title='bbox 543 2150 679 2223; x_wconf 88' lang='lat' dir='ltr'>correpta</span> <span class='ocrx_word' id='word_1_173' title='bbox 707 2136 846 2206; x_wconf 88' lang='lat' dir='ltr'>sim&#39;lliter</span> <span class='ocrx_word' id='word_1_174' title='bbox 873 2141 1070 2221; x_wconf 86' lang='lat' dir='ltr'>paenultima,</span> <span class='ocrx_word' id='word_1_175' title='bbox 1100 2161 1136 2202; x_wconf 82' lang='lat' dir='ltr'>ex</span> <span class='ocrx_word' id='word_1_176' title='bbox 1164 2161 1224 2221; x_wconf 86' lang='lat' dir='ltr'>qno</span> <span class='ocrx_word' id='word_1_177' title='bbox 1251 2143 1368 2204; x_wconf 83' lang='lat' dir='ltr'>dissero</span> <span class='ocrx_word' id='word_1_178' title='bbox 1388 2160 1513 2223; x_wconf 88' lang='lat' dir='ltr'>prosero</span> <span class='ocrx_word' id='word_1_179' title='bbox 1533 2145 1618 2204; x_wconf 84' lang='lat' dir='ltr'>insero</span> <span class='ocrx_word' id='word_1_180' title='bbox 1712 2132 1713 2187; x_wconf 52' lang='lat' dir='ltr'>l</span> 
     </span>
     <span class='ocr_line' id='line_1_19' title="bbox 241 2223 1618 2324; baseline 0 -18"><span class='ocrx_word' id='word_1_181' title='bbox 241 2223 246 2230; x_wconf 46' lang='grc'>’</span> <span class='ocrx_word' id='word_1_182' title='bbox 346 2247 434 2315; x_wconf 85' lang='lat' dir='ltr'>liunt,</span> <span class='ocrx_word' id='word_1_183' title='bbox 459 2256 488 2306; x_wconf 88' lang='lat' dir='ltr'>et</span> <span class='ocrx_word' id='word_1_184' title='bbox 510 2244 576 2324; x_wconf 89' lang='lat' dir='ltr'>lego</span> <span class='ocrx_word' id='word_1_185' title='bbox 598 2245 688 2323; x_wconf 90' lang='lat' dir='ltr'>legis,</span> <span class='ocrx_word' id='word_1_186' title='bbox 713 2243 789 2304; x_wconf 91' lang='lat' dir='ltr'>unde</span> <span class='ocrx_word' id='word_1_187' title='bbox 813 2243 907 2322; x_wconf 84' lang='lat' dir='ltr'>diligo</span> <span class='ocrx_word' id='word_1_188' title='bbox 932 2242 1054 2323; x_wconf 86' lang='lat' dir='ltr'>sublego</span> <span class='ocrx_word' id='word_1_189' title='bbox 1081 2252 1314 2324; x_wconf 86' lang='lat' dir='ltr'>componuntnr,</span> <span class='ocrx_word' id='word_1_190' title='bbox 1337 2245 1524 2306; x_wconf 79' lang='lat' dir='ltr'>differentiae</span> <span class='ocrx_word' id='word_1_191' title='bbox 1544 2263 1618 2306; x_wconf 85' lang='lat' dir='ltr'>causa</span> 
     </span>
     <span class='ocr_line' id='line_1_20' title="bbox 346 2345 1713 2428; baseline -0.001 -20"><span class='ocrx_word' id='word_1_192' title='bbox 346 2355 379 2408; x_wconf 89' lang='lat' dir='ltr'>ut</span> <span class='ocrx_word' id='word_1_193' title='bbox 400 2349 553 2428; x_wconf 88' lang='lat' dir='ltr'>primitiva</span> <span class='ocrx_word' id='word_1_194' title='bbox 575 2349 681 2406; x_wconf 88' lang='lat' dir='ltr'>tertiae</span> <span class='ocrx_word' id='word_1_195' title='bbox 704 2354 781 2406; x_wconf 90' lang='lat' dir='ltr'>sunt.</span> <span class='ocrx_word' id='word_1_196' title='bbox 826 2345 906 2426; x_wconf 87' lang='lat' dir='ltr'>pello</span> <span class='ocrx_word' id='word_1_197' title='bbox 926 2365 1043 2426; x_wconf 88' lang='lat' dir='ltr'>qnoque</span> <span class='ocrx_word' id='word_1_198' title='bbox 1065 2346 1172 2426; x_wconf 88' lang='lat' dir='ltr'>pellas,</span> <span class='ocrx_word' id='word_1_199' title='bbox 1195 2346 1274 2426; x_wconf 92' lang='lat' dir='ltr'>quod</span> <span class='ocrx_word' id='word_1_200' title='bbox 1296 2347 1423 2427; x_wconf 84' lang='lat' dir='ltr'>simplex</span> <span class='ocrx_word' id='word_1_201' title='bbox 1445 2350 1477 2408; x_wconf 91' lang='lat' dir='ltr'>in</span> <span class='ocrx_word' id='word_1_202' title='bbox 1498 2366 1550 2408; x_wconf 92' lang='lat' dir='ltr'>usu</span> <span class='ocrx_word' id='word_1_203' title='bbox 1568 2365 1618 2407; x_wconf 92' lang='lat' dir='ltr'>uon</span> <span class='ocrx_word' id='word_1_204' title='bbox 1712 2364 1713 2381; x_wconf 62' lang='lat'>¹</span> 
     </span>
     <span class='ocr_line' id='line_1_21' title="bbox 346 2447 1619 2530; baseline -0.002 -21"><span class='ocrx_word' id='word_1_205' title='bbox 346 2457 405 2518; x_wconf 90' lang='lat' dir='ltr'>est,</span> <span class='ocrx_word' id='word_1_206' title='bbox 429 2448 507 2509; x_wconf 91' lang='lat' dir='ltr'>unde</span> <span class='ocrx_word' id='word_1_207' title='bbox 530 2447 646 2528; x_wconf 93' lang='lat' dir='ltr'>appello</span> <span class='ocrx_word' id='word_1_208' title='bbox 668 2447 812 2528; x_wconf 88' lang='lat' dir='ltr'>appellas,</span> <span class='ocrx_word' id='word_1_209' title='bbox 835 2450 950 2528; x_wconf 90' lang='lat' dir='ltr'>primae</span> <span class='ocrx_word' id='word_1_210' title='bbox 973 2456 1036 2518; x_wconf 87' lang='lat' dir='ltr'>est;</span> <span class='ocrx_word' id='word_1_211' title='bbox 1059 2447 1138 2527; x_wconf 89' lang='lat' dir='ltr'>pello</span> <span class='ocrx_word' id='word_1_212' title='bbox 1153 2456 1251 2508; x_wconf 91' lang='lat' dir='ltr'>autem</span> <span class='ocrx_word' id='word_1_213' title='bbox 1265 2448 1369 2528; x_wconf 87' lang='lat' dir='ltr'>pellis,</span> <span class='ocrx_word' id='word_1_214' title='bbox 1392 2468 1430 2510; x_wconf 80' lang='lat' dir='ltr'>ex</span> <span class='ocrx_word' id='word_1_215' title='bbox 1444 2467 1503 2530; x_wconf 86' lang='lat' dir='ltr'>quo</span> <span class='ocrx_word' id='word_1_216' title='bbox 1523 2448 1619 2528; x_wconf 83' lang='lat' dir='ltr'>inpelle</span> 
     </span>
     <span class='ocr_line' id='line_1_22' title="bbox 346 2549 1648 2632; baseline -0.005 -19"><span class='ocrx_word' id='word_1_217' title='bbox 346 2551 479 2632; x_wconf 85' lang='lat' dir='ltr'>inpellis,</span> <span class='ocrx_word' id='word_1_218' title='bbox 512 2549 627 2630; x_wconf 88' lang='lat' dir='ltr'>depello</span> <span class='ocrx_word' id='word_1_219' title='bbox 655 2549 794 2628; x_wconf 75' lang='lat' dir='ltr'>depelliS,</span> <span class='ocrx_word' id='word_1_220' title='bbox 818 2551 944 2620; x_wconf 87' lang='lat' dir='ltr'>tertiae;</span> <span class='ocrx_word' id='word_1_221' title='bbox 973 2551 1051 2610; x_wconf 89' lang='lat' dir='ltr'>sicut</span> <span class='ocrx_word' id='word_1_222' title='bbox 1072 2550 1138 2610; x_wconf 87' lang='lat' dir='ltr'>volo</span> <span class='ocrx_word' id='word_1_223' title='bbox 1159 2550 1239 2611; x_wconf 83' lang='lat' dir='ltr'>volas</span> <span class='ocrx_word' id='word_1_224' title='bbox 1261 2559 1292 2610; x_wconf 88' lang='lat' dir='ltr'>et</span> <span class='ocrx_word' id='word_1_225' title='bbox 1313 2550 1380 2611; x_wconf 85' lang='lat' dir='ltr'>volo</span> <span class='ocrx_word' id='word_1_226' title='bbox 1400 2552 1446 2612; x_wconf 85' lang='lat' dir='ltr'>vis</span> <span class='ocrx_word' id='word_1_227' title='bbox 1467 2550 1648 2612; x_wconf 79' lang='lat' dir='ltr'>intellectusn</span> 
     </span>
     <span class='ocr_line' id='line_1_23' title="bbox 346 2651 1618 2734; baseline -0.002 -20"><span class='ocrx_word' id='word_1_228' title='bbox 346 2671 435 2714; x_wconf 88' lang='lat' dir='ltr'>causa</span> <span class='ocrx_word' id='word_1_229' title='bbox 458 2653 591 2714; x_wconf 90' lang='lat' dir='ltr'>diversas</span> <span class='ocrx_word' id='word_1_230' title='bbox 605 2653 830 2730; x_wconf 88' lang='lat' dir='ltr'>coniugationes</span> <span class='ocrx_word' id='word_1_231' title='bbox 845 2659 1030 2713; x_wconf 89' lang='lat' dir='ltr'>meruerunt.</span> <span class='ocrx_word' id='word_1_232' title='bbox 1060 2671 1133 2712; x_wconf 91' lang='lat' dir='ltr'>sono</span> <span class='ocrx_word' id='word_1_233' title='bbox 1157 2651 1162 2734; x_wconf 83' lang='grc' dir='ltr'>Ι</span> <span class='ocrx_word' id='word_1_234' title='bbox 1184 2654 1264 2713; x_wconf 89' lang='lat' dir='ltr'>enim</span> <span class='ocrx_word' id='word_1_235' title='bbox 1287 2671 1376 2714; x_wconf 89' lang='lat' dir='ltr'>sonas</span> <span class='ocrx_word' id='word_1_236' title='bbox 1396 2661 1428 2713; x_wconf 88' lang='lat' dir='ltr'>et</span> <span class='ocrx_word' id='word_1_237' title='bbox 1448 2671 1521 2714; x_wconf 88' lang='lat' dir='ltr'>sono</span> <span class='ocrx_word' id='word_1_238' title='bbox 1540 2655 1618 2721; x_wconf 70' lang='lat' dir='ltr'>souis</span> 
     </span>
     <span class='ocr_line' id='line_1_24' title="bbox 346 2755 1618 2836; baseline -0.002 -18"><span class='ocrx_word' id='word_1_239' title='bbox 346 2755 425 2818; x_wconf 90' lang='lat' dir='ltr'>unde</span> <span class='ocrx_word' id='word_1_240' title='bbox 454 2772 559 2817; x_wconf 91' lang='lat' dir='ltr'>sonere</span> <span class='ocrx_word' id='word_1_241' title='bbox 589 2755 766 2825; x_wconf 80' lang='lat' dir='ltr'>infinitivus,</span> <span class='ocrx_word' id='word_1_242' title='bbox 796 2773 887 2834; x_wconf 90' lang='lat' dir='ltr'>crepo</span> <span class='ocrx_word' id='word_1_243' title='bbox 918 2772 1024 2835; x_wconf 84' lang='lat' dir='ltr'>crepas</span> <span class='ocrx_word' id='word_1_244' title='bbox 1045 2763 1076 2815; x_wconf 91' lang='lat' dir='ltr'>et</span> <span class='ocrx_word' id='word_1_245' title='bbox 1097 2772 1187 2835; x_wconf 89' lang='lat' dir='ltr'>crepo</span> <span class='ocrx_word' id='word_1_246' title='bbox 1209 2757 1322 2836; x_wconf 88' lang='lat' dir='ltr'>crepis,</span> <span class='ocrx_word' id='word_1_247' title='bbox 1345 2755 1426 2818; x_wconf 92' lang='lat' dir='ltr'>unde</span> <span class='ocrx_word' id='word_1_248' title='bbox 1447 2761 1479 2816; x_wconf 92' lang='lat' dir='ltr'>et</span> <span class='ocrx_word' id='word_1_249' title='bbox 1499 2773 1618 2836; x_wconf 86' lang='lat' dir='ltr'>crepere,</span> 
     </span>
     <span class='ocr_line' id='line_1_25' title="bbox 346 2856 1620 2937; baseline -0.002 -18"><span class='ocrx_word' id='word_1_250' title='bbox 346 2858 445 2937; x_wconf 81' lang='lat' dir='ltr'>fulgeo</span> <span class='ocrx_word' id='word_1_251' title='bbox 468 2867 497 2918; x_wconf 88' lang='lat' dir='ltr'>et</span> <span class='ocrx_word' id='word_1_252' title='bbox 519 2858 615 2935; x_wconf 83' lang='lat' dir='ltr'>fulgo,</span> <span class='ocrx_word' id='word_1_253' title='bbox 638 2856 717 2918; x_wconf 90' lang='lat' dir='ltr'>unde</span> <span class='ocrx_word' id='word_1_254' title='bbox 739 2866 768 2917; x_wconf 89' lang='lat' dir='ltr'>et</span> <span class='ocrx_word' id='word_1_255' title='bbox 790 2856 922 2936; x_wconf 70' lang='lat' dir='ltr'>fulgere,</span> <span class='ocrx_word' id='word_1_256' title='bbox 951 2858 1052 2917; x_wconf 84' lang='lat' dir='ltr'>terreo</span> <span class='ocrx_word' id='word_1_257' title='bbox 1074 2863 1106 2917; x_wconf 91' lang='lat' dir='ltr'>et</span> <span class='ocrx_word' id='word_1_258' title='bbox 1126 2858 1225 2928; x_wconf 82' lang='lat' dir='ltr'>servo,</span> <span class='ocrx_word' id='word_1_259' title='bbox 1254 2857 1333 2918; x_wconf 89' lang='lat' dir='ltr'>unde</span> <span class='ocrx_word' id='word_1_260' title='bbox 1360 2865 1392 2918; x_wconf 90' lang='lat' dir='ltr'>et</span> <span class='ocrx_word' id='word_1_261' title='bbox 1413 2858 1542 2926; x_wconf 69' lang='lat' dir='ltr'>servire,</span> <span class='ocrx_word' id='word_1_262' title='bbox 1562 2857 1620 2917; x_wconf 91' lang='lat' dir='ltr'>oleo</span> 
     </span>
     <span class='ocr_line' id='line_1_26' title="bbox 346 2958 1619 3039; baseline -0.002 -18"><span class='ocrx_word' id='word_1_263' title='bbox 346 2969 376 3021; x_wconf 92' lang='lat' dir='ltr'>et</span> <span class='ocrx_word' id='word_1_264' title='bbox 399 2960 462 3030; x_wconf 90' lang='lat' dir='ltr'>olo,</span> <span class='ocrx_word' id='word_1_265' title='bbox 486 2960 564 3020; x_wconf 94' lang='lat' dir='ltr'>unde</span> <span class='ocrx_word' id='word_1_266' title='bbox 588 2966 618 3019; x_wconf 88' lang='lat' dir='ltr'>et</span> <span class='ocrx_word' id='word_1_267' title='bbox 639 2959 721 3019; x_wconf 73' lang='lat' dir='ltr'>olere</span> <span class='ocrx_word' id='word_1_268' title='bbox 743 2958 924 3039; x_wconf 81' lang='lat' dir='ltr'>paenrdtima</span> <span class='ocrx_word' id='word_1_269' title='bbox 947 2967 1100 3039; x_wconf 85' lang='lat' dir='ltr'>correpta,</span> <span class='ocrx_word' id='word_1_270' title='bbox 1130 2960 1224 3019; x_wconf 90' lang='lat' dir='ltr'>strido</span> <span class='ocrx_word' id='word_1_271' title='bbox 1252 2959 1355 3020; x_wconf 84' lang='lat' dir='ltr'>stridis</span> <span class='ocrx_word' id='word_1_272' title='bbox 1377 2968 1408 3020; x_wconf 90' lang='lat' dir='ltr'>et</span> <span class='ocrx_word' id='word_1_273' title='bbox 1429 2960 1540 3022; x_wconf 84' lang='lat' dir='ltr'>strideo</span> <span class='ocrx_word' id='word_1_274' title='bbox 1557 2961 1619 3019; x_wconf 88' lang='lat' dir='ltr'>stri·</span> 
     </span>
     <span class='ocr_line' id='line_1_27' title="bbox 346 3059 1650 3133; baseline -0.002 -9"><span class='ocrx_word' id='word_1_275' title='bbox 346 3064 413 3133; x_wconf 93' lang='lat' dir='ltr'>des,</span> <span class='ocrx_word' id='word_1_276' title='bbox 438 3064 515 3123; x_wconf 86' lang='lat' dir='ltr'>sicut</span> <span class='ocrx_word' id='word_1_277' title='bbox 537 3059 605 3121; x_wconf 88' lang='lat' dir='ltr'>albo</span> <span class='ocrx_word' id='word_1_278' title='bbox 627 3059 710 3121; x_wconf 85' lang='lat' dir='ltr'>albas</span> <span class='ocrx_word' id='word_1_279' title='bbox 732 3069 762 3121; x_wconf 90' lang='lat' dir='ltr'>et</span> <span class='ocrx_word' id='word_1_280' title='bbox 783 3059 868 3122; x_wconf 91' lang='lat' dir='ltr'>albeo</span> <span class='ocrx_word' id='word_1_281' title='bbox 891 3059 989 3130; x_wconf 88' lang='lat' dir='ltr'>albes,</span> <span class='ocrx_word' id='word_1_282' title='bbox 1013 3060 1105 3121; x_wconf 89' lang='lat' dir='ltr'>denso</span> <span class='ocrx_word' id='word_1_283' title='bbox 1120 3060 1227 3123; x_wconf 89' lang='lat' dir='ltr'>densas</span> <span class='ocrx_word' id='word_1_284' title='bbox 1242 3071 1272 3121; x_wconf 86' lang='lat' dir='ltr'>et</span> <span class='ocrx_word' id='word_1_285' title='bbox 1286 3062 1397 3122; x_wconf 89' lang='lat' dir='ltr'>denseo</span> <span class='ocrx_word' id='word_1_286' title='bbox 1420 3062 1534 3132; x_wconf 86' lang='lat' dir='ltr'>denses,</span> <span class='ocrx_word' id='word_1_287' title='bbox 1554 3061 1650 3121; x_wconf 72' lang='lat' dir='ltr'>dume</span> 
     </span>
     <span class='ocr_line' id='line_1_28' title="bbox 346 3162 1622 3249; baseline -0.004 -22"><span class='ocrx_word' id='word_1_288' title='bbox 346 3164 435 3227; x_wconf 88' lang='lat' dir='ltr'>duras</span> <span class='ocrx_word' id='word_1_289' title='bbox 463 3171 495 3227; x_wconf 90' lang='lat' dir='ltr'>et</span> <span class='ocrx_word' id='word_1_290' title='bbox 522 3162 614 3249; x_wconf 78' lang='lat' dir='ltr'>dureo</span> <span class='ocrx_word' id='word_1_291' title='bbox 642 3162 747 3232; x_wconf 88' lang='lat' dir='ltr'>dures,</span> <span class='ocrx_word' id='word_1_292' title='bbox 775 3170 891 3223; x_wconf 90' lang='lat' dir='ltr'>maturo</span> <span class='ocrx_word' id='word_1_293' title='bbox 918 3171 1049 3224; x_wconf 87' lang='lat' dir='ltr'>maturas</span> <span class='ocrx_word' id='word_1_294' title='bbox 1074 3171 1106 3224; x_wconf 89' lang='lat' dir='ltr'>et</span> <span class='ocrx_word' id='word_1_295' title='bbox 1131 3171 1266 3225; x_wconf 86' lang='lat' dir='ltr'>matureo</span> <span class='ocrx_word' id='word_1_296' title='bbox 1293 3172 1439 3233; x_wconf 88' lang='lat' dir='ltr'>matures,</span> <span class='ocrx_word' id='word_1_297' title='bbox 1468 3162 1622 3243; x_wconf 83' lang='lat' dir='ltr'>exquibus</span> 
     </span>
     <span class='ocr_line' id='line_1_29' title="bbox 346 3264 1621 3345; baseline -0.004 -16"><span class='ocrx_word' id='word_1_298' title='bbox 346 3268 481 3329; x_wconf 87' lang='lat' dir='ltr'>induruit</span> <span class='ocrx_word' id='word_1_299' title='bbox 503 3272 533 3327; x_wconf 90' lang='lat' dir='ltr'>et</span> <span class='ocrx_word' id='word_1_300' title='bbox 555 3268 699 3326; x_wconf 88' lang='lat' dir='ltr'>maturuit</span> <span class='ocrx_word' id='word_1_301' title='bbox 721 3266 854 3345; x_wconf 88' lang='lat' dir='ltr'>perlecta</span> <span class='ocrx_word' id='word_1_302' title='bbox 876 3266 1014 3334; x_wconf 85' lang='lat' dir='ltr'>veniunt,</span> <span class='ocrx_word' id='word_1_303' title='bbox 1037 3264 1112 3325; x_wconf 86' lang='lat' dir='ltr'>haec</span> <span class='ocrx_word' id='word_1_304' title='bbox 1131 3268 1294 3326; x_wconf 85' lang='lat' dir='ltr'>auctoritas</span> <span class='ocrx_word' id='word_1_305' title='bbox 1310 3265 1372 3327; x_wconf 88' lang='lat' dir='ltr'>sola</span> <span class='ocrx_word' id='word_1_306' title='bbox 1386 3268 1547 3335; x_wconf 73' lang='lat' dir='ltr'>venustatis,</span> <span class='ocrx_word' id='word_1_307' title='bbox 1569 3282 1621 3324; x_wconf 90' lang='lat' dir='ltr'>non</span> 
     </span>
     <span class='ocr_line' id='line_1_30' title="bbox 347 3350 1622 3431; baseline -0.005 -1"><span class='ocrx_word' id='word_1_308' title='bbox 347 3372 420 3431; x_wconf 91' lang='lat' dir='ltr'>artis</span> <span class='ocrx_word' id='word_1_309' title='bbox 443 3368 565 3430; x_wconf 89' lang='lat' dir='ltr'>tradidit</span> <span class='ocrx_word' id='word_1_310' title='bbox 587 3368 672 3428; x_wconf 90' lang='lat' dir='ltr'>ratio.</span> <span class='ocrx_word' id='word_1_311' title='bbox 717 3350 795 3427; x_wconf 82' lang='lat' dir='ltr'>udde</span> <span class='ocrx_word' id='word_1_312' title='bbox 823 3386 878 3427; x_wconf 89' lang='lat' dir='ltr'>nec</span> <span class='ocrx_word' id='word_1_313' title='bbox 905 3385 1011 3427; x_wconf 91' lang='lat' dir='ltr'>omnes</span> <span class='ocrx_word' id='word_1_314' title='bbox 1032 3375 1130 3428; x_wconf 90' lang='lat' dir='ltr'>motus</span> <span class='ocrx_word' id='word_1_315' title='bbox 1152 3368 1225 3429; x_wconf 77' lang='lat' dir='ltr'>liaeo</span> <span class='ocrx_word' id='word_1_316' title='bbox 1246 3367 1350 3429; x_wconf 88' lang='lat' dir='ltr'>eadem</span> <span class='ocrx_word' id='word_1_317' title='bbox 1374 3366 1464 3429; x_wconf 85' lang='lat' dir='ltr'>verba</span> <span class='ocrx_word' id='word_1_318' title='bbox 1490 3370 1573 3429; x_wconf 82' lang='lat' dir='ltr'>tritos</span> <span class='ocrx_word' id='word_1_319' title='bbox 1595 3374 1622 3426; x_wconf 90' lang='lat' dir='ltr'>et</span> 
     </span>
     <span class='ocr_line' id='line_1_31' title="bbox 346 3468 1235 3549; baseline -0.002 -18"><span class='ocrx_word' id='word_1_320' title='bbox 346 3473 472 3532; x_wconf 88' lang='lat' dir='ltr'>usitatos</span> <span class='ocrx_word' id='word_1_321' title='bbox 494 3472 525 3531; x_wconf 92' lang='lat' dir='ltr'>in</span> <span class='ocrx_word' id='word_1_322' title='bbox 547 3477 672 3549; x_wconf 90' lang='lat' dir='ltr'>utraque</span> <span class='ocrx_word' id='word_1_323' title='bbox 695 3471 904 3547; x_wconf 85' lang='lat' dir='ltr'>coniugatione</span> <span class='ocrx_word' id='word_1_324' title='bbox 927 3468 1038 3529; x_wconf 91' lang='lat' dir='ltr'>habere</span> <span class='ocrx_word' id='word_1_325' title='bbox 1061 3477 1235 3531; x_wconf 88' lang='lat' dir='ltr'>noscuntur.</span> 
     </span>
    </p>

    <p class='ocr_par' dir='ltr' id='par_1_3' title="bbox 345 3569 1653 4161">
     <span class='ocr_line' id='line_1_32' title="bbox 431 3569 1653 3653; baseline -0.002 -20"><span class='ocrx_word' id='word_1_326' title='bbox 431 3572 504 3633; x_wconf 85' lang='lat' dir='ltr'>Cum</span> <span class='ocrx_word' id='word_1_327' title='bbox 532 3570 705 3631; x_wconf 89' lang='lat' dir='ltr'>nominihus</span> <span class='ocrx_word' id='word_1_328' title='bbox 734 3579 832 3632; x_wconf 89' lang='lat' dir='ltr'>autem</span> <span class='ocrx_word' id='word_1_329' title='bbox 859 3574 1023 3652; x_wconf 91' lang='lat' dir='ltr'>composita</span> <span class='ocrx_word' id='word_1_330' title='bbox 1045 3569 1136 3631; x_wconf 85' lang='lat' dir='ltr'>verba</span> <span class='ocrx_word' id='word_1_331' title='bbox 1157 3579 1274 3633; x_wconf 89' lang='lat' dir='ltr'>mutant</span> <span class='ocrx_word' id='word_1_332' title='bbox 1294 3572 1472 3653; x_wconf 87' lang='lat' dir='ltr'>plerumque</span> <span class='ocrx_word' id='word_1_333' title='bbox 1493 3574 1653 3649; x_wconf 71' lang='lat' dir='ltr'>coniuge-s</span> 
     </span>
     <span class='ocr_line' id='line_1_33' title="bbox 346 3672 1623 3755; baseline -0.003 -20"><span class='ocrx_word' id='word_1_334' title='bbox 346 3677 469 3735; x_wconf 92' lang='lat' dir='ltr'>tionem.</span> <span class='ocrx_word' id='word_1_335' title='bbox 514 3692 582 3733; x_wconf 93' lang='lat' dir='ltr'>nam</span> <span class='ocrx_word' id='word_1_336' title='bbox 610 3672 743 3751; x_wconf 87' lang='lat' dir='ltr'>generali</span> <span class='ocrx_word' id='word_1_337' title='bbox 773 3673 892 3751; x_wconf 86' lang='lat' dir='ltr'>regulae</span> <span class='ocrx_word' id='word_1_338' title='bbox 920 3676 1074 3735; x_wconf 89' lang='lat' dir='ltr'>nominum</span> <span class='ocrx_word' id='word_1_339' title='bbox 1101 3672 1236 3735; x_wconf 87' lang='lat' dir='ltr'>subiecta</span> <span class='ocrx_word' id='word_1_340' title='bbox 1265 3682 1296 3735; x_wconf 91' lang='lat' dir='ltr'>et</span> <span class='ocrx_word' id='word_1_341' title='bbox 1316 3676 1401 3755; x_wconf 86' lang='lat' dir='ltr'>quasi</span> <span class='ocrx_word' id='word_1_342' title='bbox 1424 3694 1442 3734; x_wconf 93' lang='lat' dir='ltr'>a</span> <span class='ocrx_word' id='word_1_343' title='bbox 1464 3672 1623 3734; x_wconf 86' lang='lat' dir='ltr'>nominibus</span> 
     </span>
     <span class='ocr_line' id='line_1_34' title="bbox 346 3773 1622 3855; baseline -0.003 -18"><span class='ocrx_word' id='word_1_344' title='bbox 346 3776 477 3837; x_wconf 85' lang='lat' dir='ltr'>derivata</span> <span class='ocrx_word' id='word_1_345' title='bbox 507 3776 573 3836; x_wconf 88' lang='lat' dir='ltr'>iure</span> <span class='ocrx_word' id='word_1_346' title='bbox 596 3776 631 3835; x_wconf 91' lang='lat' dir='ltr'>ad</span> <span class='ocrx_word' id='word_1_347' title='bbox 653 3777 780 3855; x_wconf 89' lang='lat' dir='ltr'>primam</span> <span class='ocrx_word' id='word_1_348' title='bbox 802 3778 925 3837; x_wconf 88' lang='lat' dir='ltr'>veniunt</span> <span class='ocrx_word' id='word_1_349' title='bbox 948 3778 1188 3855; x_wconf 87' lang='lat' dir='ltr'>coniugationem</span> <span class='ocrx_word' id='word_1_350' title='bbox 1210 3775 1387 3847; x_wconf 85' lang='lat' dir='ltr'>verborum,</span> <span class='ocrx_word' id='word_1_351' title='bbox 1410 3784 1445 3836; x_wconf 87' lang='lat' dir='ltr'>ut</span> <span class='ocrx_word' id='word_1_352' title='bbox 1466 3775 1548 3853; x_wconf 86' lang='lat' dir='ltr'>litigo</span> <span class='ocrx_word' id='word_1_353' title='bbox 1568 3773 1622 3834; x_wconf 88' lang='lat' dir='ltr'>liti·</span> 
     </span>
     <span class='ocr_line' id='line_1_35' title="bbox 345 3878 1623 3957; baseline -0.005 -18"><span class='ocrx_word' id='word_1_354' title='bbox 345 3896 411 3957; x_wconf 85' lang='lat' dir='ltr'>gas,</span> <span class='ocrx_word' id='word_1_355' title='bbox 441 3878 555 3955; x_wconf 89' lang='lat' dir='ltr'>remigo</span> <span class='ocrx_word' id='word_1_356' title='bbox 584 3878 728 3955; x_wconf 84' lang='lat' dir='ltr'>remiges,</span> <span class='ocrx_word' id='word_1_357' title='bbox 762 3878 912 3937; x_wconf 79' lang='lat' dir='ltr'>vociferor</span> <span class='ocrx_word' id='word_1_358' title='bbox 938 3880 1124 3949; x_wconf 77' lang='lat' dir='ltr'>vociferaris,</span> <span class='ocrx_word' id='word_1_359' title='bbox 1158 3880 1325 3956; x_wconf 89' lang='lat' dir='ltr'>morigeror</span> <span class='ocrx_word' id='word_1_360' title='bbox 1358 3879 1559 3956; x_wconf 76' lang='lat' dir='ltr'>morigeratis</span> <span class='ocrx_word' id='word_1_361' title='bbox 1597 3884 1623 3933; x_wconf 85' lang='lat' dir='ltr'>et</span> 
     </span>
     <span class='ocr_line' id='line_1_36' title="bbox 345 3978 1623 4059; baseline -0.003 -18"><span class='ocrx_word' id='word_1_362' title='bbox 345 3982 471 4041; x_wconf 83' lang='lat' dir='ltr'>maxime</span> <span class='ocrx_word' id='word_1_363' title='bbox 495 3978 681 4040; x_wconf 85' lang='lat' dir='ltr'>excludentia</span> <span class='ocrx_word' id='word_1_364' title='bbox 704 3979 728 4047; x_wconf 89' lang='lat' dir='ltr'>i,</span> <span class='ocrx_word' id='word_1_365' title='bbox 753 3997 839 4059; x_wconf 89' lang='lat' dir='ltr'>quam</span> <span class='ocrx_word' id='word_1_366' title='bbox 862 3980 893 4038; x_wconf 90' lang='lat' dir='ltr'>in</span> <span class='ocrx_word' id='word_1_367' title='bbox 916 3979 1042 4059; x_wconf 87' lang='lat' dir='ltr'>simplici</span> <span class='ocrx_word' id='word_1_368' title='bbox 1065 3978 1157 4040; x_wconf 83' lang='lat' dir='ltr'>verbo</span> <span class='ocrx_word' id='word_1_369' title='bbox 1179 3987 1247 4040; x_wconf 90' lang='lat' dir='ltr'>ante</span> <span class='ocrx_word' id='word_1_370' title='bbox 1268 3998 1287 4039; x_wconf 92' lang='lat' dir='ltr'>o</span> <span class='ocrx_word' id='word_1_371' title='bbox 1309 3978 1494 4050; x_wconf 87' lang='lat' dir='ltr'>habuerunt,</span> <span class='ocrx_word' id='word_1_372' title='bbox 1516 3978 1623 4040; x_wconf 89' lang='lat' dir='ltr'>etiamsi</span> 
     </span>
     <span class='ocr_line' id='line_1_37' title="bbox 345 4080 1653 4161; baseline -0.004 -18"><span class='ocrx_word' id='word_1_373' title='bbox 345 4100 414 4143; x_wconf 88' lang='lat' dir='ltr'>cnm</span> <span class='ocrx_word' id='word_1_374' title='bbox 436 4083 655 4161; x_wconf 89' lang='lat' dir='ltr'>praepositione</span> <span class='ocrx_word' id='word_1_375' title='bbox 678 4088 909 4160; x_wconf 88' lang='lat' dir='ltr'>componantur,</span> <span class='ocrx_word' id='word_1_376' title='bbox 933 4088 1049 4141; x_wconf 90' lang='lat' dir='ltr'>mutant</span> <span class='ocrx_word' id='word_1_377' title='bbox 1071 4084 1325 4160; x_wconf 89' lang='lat' dir='ltr'>coniugationem,</span> <span class='ocrx_word' id='word_1_378' title='bbox 1349 4090 1383 4142; x_wconf 89' lang='lat' dir='ltr'>ut</span> <span class='ocrx_word' id='word_1_379' title='bbox 1404 4082 1529 4143; x_wconf 89' lang='lat' dir='ltr'>aedilico</span> <span class='ocrx_word' id='word_1_380' title='bbox 1551 4080 1653 4141; x_wconf 73' lang='lat' dir='ltr'>aedi-s</span> 
     </span>
    </p>
   </div>
   <div class='ocr_carea' id='block_1_3' title="bbox 345 4335 1625 4961">
    <p class='ocr_par' dir='ltr' id='par_1_4' title="bbox 345 4335 1625 4961">
     <span class='ocr_line' id='line_1_38' title="bbox 415 4335 1624 4401; baseline -0.003 -14"><span class='ocrx_word' id='word_1_381' title='bbox 415 4338 572 4387; x_wconf 83' lang='lat' dir='ltr'>2coocurro</span> <span class='ocrx_word' id='word_1_382' title='bbox 591 4352 639 4389; x_wconf 88' lang='lat' dir='ltr'>om.</span> <span class='ocrx_word' id='word_1_383' title='bbox 660 4335 684 4384; x_wconf 96' lang='lat' dir='ltr'><em>P</em></span> <span class='ocrx_word' id='word_1_384' title='bbox 753 4352 891 4401; x_wconf 88' lang='lat' dir='ltr'>compenso</span> <span class='ocrx_word' id='word_1_385' title='bbox 909 4353 957 4390; x_wconf 81' lang='lat' dir='ltr'>ora.</span> <span class='ocrx_word' id='word_1_386' title='bbox 976 4336 1001 4385; x_wconf 88' lang='lat' dir='ltr'><em>P</em></span> <span class='ocrx_word' id='word_1_387' title='bbox 1067 4335 1185 4387; x_wconf 74' lang='lat' dir='ltr'>dentre</span> <span class='ocrx_word' id='word_1_388' title='bbox 1203 4337 1308 4387; x_wconf 83' lang='lat' dir='ltr'>incurvo</span> <span class='ocrx_word' id='word_1_389' title='bbox 1325 4350 1373 4389; x_wconf 82' lang='lat' dir='ltr'>cer.</span> <span class='ocrx_word' id='word_1_390' title='bbox 1392 4337 1420 4386; x_wconf 88' lang='lat' dir='ltr'><strong><em>P</em></strong></span> <span class='ocrx_word' id='word_1_391' title='bbox 1485 4337 1570 4388; x_wconf 82' lang='lat' dir='ltr'>dnou</span> <span class='ocrx_word' id='word_1_392' title='bbox 1586 4348 1624 4383; x_wconf 74' lang='lat' dir='ltr'>ex·</span> 
     </span>
     <span class='ocr_line' id='line_1_39' title="bbox 345 4402 1624 4475; baseline -0.003 -18"><span class='ocrx_word' id='word_1_393' title='bbox 345 4404 417 4458; x_wconf 81' lang='lat' dir='ltr'>traho</span> <span class='ocrx_word' id='word_1_394' title='bbox 434 4422 481 4457; x_wconf 83' lang='lat' dir='ltr'>om.</span> <span class='ocrx_word' id='word_1_395' title='bbox 497 4407 522 4457; x_wconf 89' lang='lat' dir='ltr'><em>B</em></span> <span class='ocrx_word' id='word_1_396' title='bbox 592 4408 617 4457; x_wconf 89' lang='lat' dir='ltr'>in</span> <span class='ocrx_word' id='word_1_397' title='bbox 636 4406 702 4455; x_wconf 82' lang='lat' dir='ltr'>libro</span> <span class='ocrx_word' id='word_1_398' title='bbox 721 4402 753 4475; x_wconf 85' lang='lat' dir='ltr'>ll]</span> <span class='ocrx_word' id='word_1_399' title='bbox 774 4424 797 4461; x_wconf 78' lang='lat' dir='ltr'>n.</span> <span class='ocrx_word' id='word_1_400' title='bbox 816 4406 867 4459; x_wconf 77' lang='lat'>518</span> <span class='ocrx_word' id='word_1_401' title='bbox 938 4410 1090 4471; x_wconf 83' lang='lat' dir='ltr'>7qnattuor</span> <span class='ocrx_word' id='word_1_402' title='bbox 1107 4422 1154 4456; x_wconf 75' lang='lat' dir='ltr'>on.</span> <span class='ocrx_word' id='word_1_403' title='bbox 1176 4406 1200 4455; x_wconf 78' lang='lat' dir='ltr'><em>B</em></span> <span class='ocrx_word' id='word_1_404' title='bbox 1269 4408 1303 4457; x_wconf 78' lang='lat' dir='ltr'>rt</span> <span class='ocrx_word' id='word_1_405' title='bbox 1321 4406 1379 4455; x_wconf 85' lang='lat' dir='ltr'>licet</span> <span class='ocrx_word' id='word_1_406' title='bbox 1401 4416 1518 4472; x_wconf 77' lang='lat' dir='ltr'>correpta</span> <span class='ocrx_word' id='word_1_407' title='bbox 1535 4404 1624 4470; x_wconf 84' lang='lat' dir='ltr'>simpli·</span> 
     </span>
     <span class='ocr_line' id='line_1_40' title="bbox 345 4472 1625 4543; baseline -0.004 -16"><span class='ocrx_word' id='word_1_408' title='bbox 345 4478 408 4527; x_wconf 86' lang='lat' dir='ltr'>citer</span> <span class='ocrx_word' id='word_1_409' title='bbox 426 4478 564 4542; x_wconf 80' lang='lat' dir='ltr'>penultima</span> <span class='ocrx_word' id='word_1_410' title='bbox 583 4476 608 4525; x_wconf 90' lang='lat' dir='ltr'><em>B</em></span> <span class='ocrx_word' id='word_1_411' title='bbox 691 4476 723 4529; x_wconf 83' lang='grc'>16</span> <span class='ocrx_word' id='word_1_412' title='bbox 740 4474 850 4543; x_wconf 82' lang='lat' dir='ltr'>dissero]</span> <span class='ocrx_word' id='word_1_413' title='bbox 869 4476 997 4527; x_wconf 80' lang='lat' dir='ltr'>deseroP</span> <span class='ocrx_word' id='word_1_414' title='bbox 1077 4478 1109 4527; x_wconf 75' lang='lat'>17</span> <span class='ocrx_word' id='word_1_415' title='bbox 1126 4476 1207 4541; x_wconf 83' lang='lat' dir='ltr'>diligo</span> <span class='ocrx_word' id='word_1_416' title='bbox 1225 4477 1333 4543; x_wconf 76' lang='lat' dir='ltr'>sublege</span> <span class='ocrx_word' id='word_1_417' title='bbox 1349 4476 1368 4539; x_wconf 70' lang='lat' dir='ltr'><strong><em>s</em></strong></span> <span class='ocrx_word' id='word_1_418' title='bbox 1380 4476 1467 4542; x_wconf 84' lang='lat' dir='ltr'>dilego</span> <span class='ocrx_word' id='word_1_419' title='bbox 1484 4472 1625 4541; x_wconf 78' lang='lat' dir='ltr'>sublegoB</span> 
     </span>
     <span class='ocr_line' id='line_1_41' title="bbox 345 4541 1625 4613; baseline -0.004 -17"><span class='ocrx_word' id='word_1_420' title='bbox 345 4547 434 4613; x_wconf 87' lang='lat' dir='ltr'>dilego</span> <span class='ocrx_word' id='word_1_421' title='bbox 451 4546 553 4611; x_wconf 78' lang='lat' dir='ltr'>subligo</span> <span class='ocrx_word' id='word_1_422' title='bbox 572 4544 598 4595; x_wconf 90' lang='lat' dir='ltr'><em>P</em></span> <span class='ocrx_word' id='word_1_423' title='bbox 613 4546 699 4611; x_wconf 74' lang='lat' dir='ltr'>relego</span> <span class='ocrx_word' id='word_1_424' title='bbox 718 4546 810 4611; x_wconf 86' lang='lat' dir='ltr'>delego</span> <span class='ocrx_word' id='word_1_425' title='bbox 827 4546 934 4611; x_wconf 83' lang='lat' dir='ltr'>sublege</span> <span class='ocrx_word' id='word_1_426' title='bbox 952 4552 964 4595; x_wconf 83' lang='lat' dir='ltr'>t</span> <span class='ocrx_word' id='word_1_427' title='bbox 1051 4546 1082 4598; x_wconf 83' lang='grc'>19</span> <span class='ocrx_word' id='word_1_428' title='bbox 1100 4547 1167 4596; x_wconf 88' lang='lat' dir='ltr'>unde</span> <span class='ocrx_word' id='word_1_429' title='bbox 1186 4545 1289 4611; x_wconf 74' lang='lat' dir='ltr'>appello</span> <span class='ocrx_word' id='word_1_430' title='bbox 1305 4552 1387 4608; x_wconf 80' lang='lat' dir='ltr'>(corr.</span> <span class='ocrx_word' id='word_1_431' title='bbox 1405 4545 1536 4612; x_wconf 82' lang='lat' dir='ltr'>coopello)</span> <span class='ocrx_word' id='word_1_432' title='bbox 1555 4541 1625 4595; x_wconf 75' lang='lat' dir='ltr'>tun</span> 
     </span>
     <span class='ocr_line' id='line_1_42' title="bbox 347 4614 1624 4683; baseline -0.006 -15"><span class='ocrx_word' id='word_1_433' title='bbox 347 4619 414 4668; x_wconf 85' lang='lat' dir='ltr'>unde</span> <span class='ocrx_word' id='word_1_434' title='bbox 432 4616 547 4683; x_wconf 87' lang='lat' dir='ltr'>coopello</span> <span class='ocrx_word' id='word_1_435' title='bbox 564 4630 593 4665; x_wconf 85' lang='lat' dir='ltr'>as</span> <span class='ocrx_word' id='word_1_436' title='bbox 611 4614 648 4665; x_wconf 88' lang='lat' dir='ltr'>P:</span> <span class='ocrx_word' id='word_1_437' title='bbox 664 4616 699 4677; x_wconf 81' lang='lat' dir='ltr'>es.</span> <span class='ocrx_word' id='word_1_438' title='bbox 715 4631 742 4679; x_wconf 86' lang='lat' dir='ltr'>p,</span> <span class='ocrx_word' id='word_1_439' title='bbox 760 4616 845 4676; x_wconf 51' lang='lat' dir='ltr'>478st</span> <span class='ocrx_word' id='word_1_440' title='bbox 891 4618 923 4667; x_wconf 77' lang='lat'>21</span> <span class='ocrx_word' id='word_1_441' title='bbox 943 4630 1005 4665; x_wconf 87' lang='lat' dir='ltr'>sono</span> <span class='ocrx_word' id='word_1_442' title='bbox 1023 4628 1109 4665; x_wconf 84' lang='lat' dir='ltr'>eutem</span> <span class='ocrx_word' id='word_1_443' title='bbox 1127 4616 1270 4682; x_wconf 70' lang='lat' dir='ltr'>(repertor.</span> <span class='ocrx_word' id='word_1_444' title='bbox 1288 4616 1370 4678; x_wconf 83' lang='lat' dir='ltr'>enim)</span> <span class='ocrx_word' id='word_1_445' title='bbox 1386 4630 1464 4666; x_wconf 76' lang='lat' dir='ltr'>sonae</span> <span class='ocrx_word' id='word_1_446' title='bbox 1481 4615 1507 4665; x_wconf 84' lang='lat' dir='ltr'><em>B</em></span> <span class='ocrx_word' id='word_1_447' title='bbox 1546 4614 1624 4665; x_wconf 71' lang='lat' dir='ltr'>Ylie</span> 
     </span>
     <span class='ocr_line' id='line_1_43' title="bbox 346 4685 1624 4751; baseline -0.005 -14"><span class='ocrx_word' id='word_1_448' title='bbox 346 4686 447 4737; x_wconf 84' lang='lat' dir='ltr'>dureult</span> <span class='ocrx_word' id='word_1_449' title='bbox 470 4698 494 4737; x_wconf 83' lang='lat' dir='ltr'>et</span> <span class='ocrx_word' id='word_1_450' title='bbox 513 4686 648 4737; x_wconf 83' lang='lat' dir='ltr'>maturauit</span> <span class='ocrx_word' id='word_1_451' title='bbox 664 4685 690 4735; x_wconf 92' lang='lat' dir='ltr'><em>P</em></span> <span class='ocrx_word' id='word_1_452' title='bbox 773 4688 878 4736; x_wconf 88' lang='lat' dir='ltr'>ueniunt</span> <span class='ocrx_word' id='word_1_453' title='bbox 901 4686 1050 4735; x_wconf 82' lang='lat' dir='ltr'>auctoritate</span> <span class='ocrx_word' id='word_1_454' title='bbox 1072 4686 1128 4737; x_wconf 74' lang='lat' dir='ltr'>nole</span> <span class='ocrx_word' id='word_1_455' title='bbox 1151 4688 1286 4737; x_wconf 79' lang='lat' dir='ltr'>uetustatis</span> <span class='ocrx_word' id='word_1_456' title='bbox 1309 4686 1452 4751; x_wconf 66' lang='lat' dir='ltr'>(apertat.</span> <span class='ocrx_word' id='word_1_457' title='bbox 1471 4688 1507 4740; x_wconf 83' lang='lat' dir='ltr'>et.</span> <span class='ocrx_word' id='word_1_458' title='bbox 1525 4702 1557 4737; x_wconf 73' lang='lat' dir='ltr'>n.</span> <span class='ocrx_word' id='word_1_459' title='bbox 1581 4696 1624 4732; x_wconf 85' lang='lat' dir='ltr'>nou</span> 
     </span>
     <span class='ocr_line' id='line_1_44' title="bbox 346 4753 1567 4822; baseline -0.001 -17"><span class='ocrx_word' id='word_1_460' title='bbox 346 4758 420 4821; x_wconf 73' lang='lat' dir='ltr'>anis)</span> <span class='ocrx_word' id='word_1_461' title='bbox 438 4757 542 4807; x_wconf 83' lang='lat' dir='ltr'>tradidit</span> <span class='ocrx_word' id='word_1_462' title='bbox 564 4756 627 4805; x_wconf 84' lang='lat' dir='ltr'>ratio</span> <span class='ocrx_word' id='word_1_463' title='bbox 646 4756 671 4805; x_wconf 90' lang='lat' dir='ltr'><em>B</em></span> <span class='ocrx_word' id='word_1_464' title='bbox 741 4756 775 4808; x_wconf 83' lang='lat'>28</span> <span class='ocrx_word' id='word_1_465' title='bbox 793 4757 869 4807; x_wconf 83' lang='lat' dir='ltr'>uadit</span> <span class='ocrx_word' id='word_1_466' title='bbox 886 4755 912 4804; x_wconf 89' lang='lat' dir='ltr'><em>P</em></span> <span class='ocrx_word' id='word_1_467' title='bbox 978 4753 1072 4822; x_wconf 83' lang='lat' dir='ltr'>motus]</span> <span class='ocrx_word' id='word_1_468' title='bbox 1094 4766 1192 4807; x_wconf 77' lang='lat' dir='ltr'>meacm</span> <span class='ocrx_word' id='word_1_469' title='bbox 1210 4755 1236 4804; x_wconf 89' lang='lat' dir='ltr'><em>P</em></span> <span class='ocrx_word' id='word_1_470' title='bbox 1303 4755 1338 4805; x_wconf 72' lang='lat'>20</span> <span class='ocrx_word' id='word_1_471' title='bbox 1356 4756 1524 4807; x_wconf 79' lang='lat' dir='ltr'>dinoscuntur</span> <span class='ocrx_word' id='word_1_472' title='bbox 1542 4756 1567 4804; x_wconf 94' lang='lat' dir='ltr'><em>P</em></span> 
     </span>
     <span class='ocr_line' id='line_1_45' title="bbox 347 4824 1625 4893; baseline -0.003 -16"><span class='ocrx_word' id='word_1_473' title='bbox 347 4826 382 4877; x_wconf 83' lang='lat'>:30</span> <span class='ocrx_word' id='word_1_474' title='bbox 397 4827 518 4890; x_wconf 85' lang='lat' dir='ltr'>pleraque</span> <span class='ocrx_word' id='word_1_475' title='bbox 536 4825 561 4875; x_wconf 93' lang='lat' dir='ltr'><em>P</em></span> <span class='ocrx_word' id='word_1_476' title='bbox 621 4826 654 4877; x_wconf 81' lang='lat'>32</span> <span class='ocrx_word' id='word_1_477' title='bbox 672 4832 700 4875; x_wconf 91' lang='lat' dir='ltr'>ut</span> <span class='ocrx_word' id='word_1_478' title='bbox 716 4826 787 4893; x_wconf 84' lang='lat' dir='ltr'>litigo</span> <span class='ocrx_word' id='word_1_479' title='bbox 806 4842 835 4876; x_wconf 82' lang='lat' dir='ltr'>ae</span> <span class='ocrx_word' id='word_1_480' title='bbox 853 4836 863 4877; x_wconf 82' lang='lat' dir='ltr'>t</span> <span class='ocrx_word' id='word_1_481' title='bbox 881 4834 909 4875; x_wconf 86' lang='lat' dir='ltr'>ut</span> <span class='ocrx_word' id='word_1_482' title='bbox 926 4826 985 4893; x_wconf 81' lang='lat' dir='ltr'>lego</span> <span class='ocrx_word' id='word_1_483' title='bbox 1001 4825 1143 4893; x_wconf 70' lang='lat' dir='ltr'>(repertor.</span> <span class='ocrx_word' id='word_1_484' title='bbox 1163 4826 1204 4877; x_wconf 90' lang='lat' dir='ltr'>uel</span> <span class='ocrx_word' id='word_1_485' title='bbox 1223 4825 1309 4893; x_wconf 84' lang='lat' dir='ltr'>litigo)</span> <span class='ocrx_word' id='word_1_486' title='bbox 1323 4840 1373 4893; x_wconf 81' lang='lat' dir='ltr'>ges</span> <span class='ocrx_word' id='word_1_487' title='bbox 1392 4826 1418 4877; x_wconf 84' lang='lat' dir='ltr'><em>B</em></span> <span class='ocrx_word' id='word_1_488' title='bbox 1436 4834 1463 4875; x_wconf 86' lang='lat' dir='ltr'>ut</span> <span class='ocrx_word' id='word_1_489' title='bbox 1474 4826 1535 4893; x_wconf 76' lang='lat' dir='ltr'>lego</span> <span class='ocrx_word' id='word_1_490' title='bbox 1552 4824 1625 4891; x_wconf 78' lang='lat' dir='ltr'>legas,</span> 
     </span>
     <span class='ocr_line' id='line_1_46' title="bbox 346 4894 709 4961; baseline -0.011 -14"><span class='ocrx_word' id='word_1_491' title='bbox 346 4910 477 4961; x_wconf 72' lang='lat' dir='ltr'>euperem.</span> <span class='ocrx_word' id='word_1_492' title='bbox 494 4897 529 4949; x_wconf 86' lang='lat' dir='ltr'>nl.</span> <span class='ocrx_word' id='word_1_493' title='bbox 548 4910 579 4947; x_wconf 86' lang='lat' dir='ltr'>m.</span> <span class='ocrx_word' id='word_1_494' title='bbox 599 4895 669 4960; x_wconf 84' lang='lat' dir='ltr'>litigo</span> <span class='ocrx_word' id='word_1_495' title='bbox 685 4894 709 4943; x_wconf 96' lang='lat' dir='ltr'><em>P</em></span> 
     </span>
    </p>
   </div>
   <div class='ocr_carea' id='block_1_4' title="bbox 0 0 1768 5600">
    <p class='ocr_par' dir='ltr' id='par_1_5' title="bbox 0 0 1768 5600">
     <span class='ocr_line' id='line_1_47' title="bbox 0 0 1768 5600; baseline 0 0"><span class='ocrx_word' id='word_1_496' title='bbox 0 0 1768 5600; x_wconf 95' lang='lat' dir='ltr'> </span> 
     </span>
    </p>
   </div>
  </div>
 </body>
</html>
