3525 5600
331 445 398 509 632
632 460 634 464 “
887 446 1067 509 nnenuuu

362 569 382 608 p·
399 556 486 597 188-91
500 555 527 595 V.

337 654 368 694 se
391 638 574 705 communia,
598 643 630 694 ut
653 638 682 695 in
706 633 765 695 illis
787 636 906 695 omuino
929 653 988 695 non
1011 635 1158 695 dilierant.
1204 643 1235 698 at
1262 637 1292 696 iu
1316 640 1448 700 numeris
1476 639 1544 698 baec
1563 659 1612 700 uua

337 739 483 798 dissensio
511 744 570 806 est,
600 737 677 816 qnod
707 733 827 796 deludo
854 755 926 796 usus
952 739 984 796 in
1014 738 1156 798 latinitate
1187 738 1286 798 nullus
1313 740 1442 800 admisit.
1488 743 1613 820 namqui

337 847 442 918 putant
462 841 561 898 iecere
585 839 686 898 dixere
709 838 805 898 dualis
827 857 892 899 esse
908 841 1036 908 atanassi,
1060 837 1212 917 subiuepti
1235 850 1304 901 suut
1326 849 1468 918 arguente
1486 841 1611 918 Vergilio,

338 945 388 1021 qui
411 941 511 1001 verbis
534 939 642 1000 talibus
658 941 881 1000 universitatem
898 942 959 1001 vult
980 943 1143 1010 continere,
1168 949 1200 1000 ut
1224 945 1463 1003 ‘conticuere
1487 948 1611 1002 omues’

338 1053 367 1104 et
390 1046 475 1104 ‘nna
497 1061 624 1103 omnes
646 1043 774 1102 lactere
797 1041 956 1121 pedem'.

220 1158 279 1216 ortt),
295 1157 325 1203 ru
422 1145 560 1222 Nigidius
588 1148 618 1204 in
652 1147 874 1204 commentariis
906 1143 1180 1222 grammaticalibus
1213 1145 1336 1206 verbum
1370 1155 1490 1207 autumo
1519 1165 1613 1226 conpo

323 1250 428 1307 ,situm
463 1249 505 1307 ait
537 1266 572 1306 ex
606 1247 825 1325 praepositione
861 1245 898 1307 ab
932 1255 962 1306 ct
995 1244 1086 1306 verbo
1116 1249 1255 1316 aestimo,
1291 1247 1461 1328 dictumque
1490 1251 1614 1308 intercise

339 1358 469 1419 autumo,
493 1357 642 1428 tamqnam
665 1352 691 1408 si
713 1349 865 1408 diceretur
887 1349 1059 1418 abaestimo,
1083 1349 1161 1428 ‹yerod
1178 1351 1359 1427 signiticaret
1381 1358 1475 1411 lotum
1497 1353 1614 1411 aestimo.

338 1451 389 1510 sed
406 1460 526 1512 aeuumo
542 1469 600 1512 non
615 1449 645 1509 id
662 1451 756 1511 solum
772 1452 920 1528 signifieat
943 1453 1074 1521 aestimo,
1100 1451 1152 1510 sed
1175 1461 1205 1512 et
1227 1453 1293 1512 dico
1315 1461 1345 1512 et
1367 1453 1502 1536 censent
1529 1475 1546 1508 e
1566 1473 1615 1508 aa

221 1567 325 1625 oeta-22
423 1553 546 1630 Singula
575 1561 708 1632 tempora
736 1572 795 1613 nou
825 1553 1003 1632 simpliciter
1031 1555 1233 1633 proferuntur.
1278 1563 1308 1622 ot
1338 1561 1370 1614 ut
1392 1555 1520 1634 exempli
1542 1571 1643 1618 caman·

256 1719 259 1723 ,
339 1657 426 1715 tinius
447 1654 531 1714 verbi
550 1655 708 1714 declinatio
722 1663 851 1725 notetur,
874 1650 988 1716 τύπτω
1011 1658 1178 1734 perlectum
1199 1656 1270 1716 lacit
1286 1651 1423 1734 τέτυφα,
1447 1665 1478 1717 et
1499 1661 1617 1738 sequitur·

338 1758 430 1817 altera
444 1756 577 1817 eiusdem
591 1759 735 1835 temporis
748 1757 917 1828 declinatio,
941 1758 1020 1836 quod
1034 1759 1164 1818 medium
1177 1760 1342 1837 perlectum
1354 1767 1470 1828 vocant,
1493 1755 1616 1819 τέτυπαῑ

339 1861 410 1919 item
423 1859 748 1939 plusquamperieetrun
765 1854 1091 1938 dcscdpsemmedium
1110 1860 1430 1940 plusquamperfectum
1446 1857 1618 1922 ἑτετύπεινι

338 1954 499 2041 ἀορίστου
521 1959 638 2039 dando,
661 1956 766 2040 μέσου
788 1954 948 2039 ἀορίστου
965 1960 1099 2022 ἔτυπτον.
1136 1965 1269 2023 l'uturum
1293 1963 1420 2042 primum
1436 1957 1531 2034 eoae
1549 1965 1617 2039 lacit,

338 2067 469 2126 luturum
485 2064 646 2124 secundum
662 2063 767 2123 τυπῶ.
792 2063 844 2123 sed
859 2071 889 2122 et
905 2065 935 2123 in
950 2065 1064 2142 passiva
1080 2064 1213 2124 eiusdem
1229 2061 1313 2124 verbi
1329 2064 1527 2124 declinatione
1543 2085 1617 2144 saepe
1629 2079 1646 2114 1³

337 2163 1616 2246 contingitrepetitiovariatatemporibuscontentasimplicibuslatinitatecompeudiis.

220 2281 321 2341 toene
424 2267 569 2330 Praesens
597 2277 713 2348 tempus
741 2270 772 2329 iu
801 2267 931 2327 secunda
961 2269 1169 2345 coniugatione
1199 2267 1245 2326 rel
1273 2269 1360 2326 tertia
1383 2267 1528 2347 producta
1550 2271 1576 2328 in
1595 2271 1617 2328 io

338 2375 509 2432 ‹excientium
532 2371 692 2431 secundam
715 2387 874 2448 personam
891 2387 950 2429 una
973 2367 1083 2448 syllaba
1100 2370 1215 2448 prolert
1238 2372 1393 2438 minorem,
1418 2370 1511 2430 doceo
1533 2370 1615 2438 doces,

339 2473 436 2534 arearbio
459 2472 563 2533 ambis.
597 2473 678 2532 idem
693 2473 806 2550 patitur
829 2476 858 2528 ot
881 2473 969 2530 tertia
992 2479 1137 2550 correpta,
1163 2475 1189 2531 si
1211 2475 1222 2532 i
1245 2479 1311 2532 anto
1328 2493 1345 2532 o
1361 2471 1479 2542 babeat,
1503 2475 1618 2552 utcapio

338 2577 429 2654 capis,
452 2577 536 2652 pario
558 2577 649 2653 paris.
695 2581 725 2633 at
753 2576 783 2632 in
811 2575 907 2651 prima
937 2579 967 2630 et
989 2574 1097 2632 ceteris
1119 2571 1218 2633 verbis
1241 2576 1346 2634 tertiae
1374 2583 1529 2655 correptae
1550 2575 1642 2635 idonea·

340 2682 437 2736 irrueret
459 2695 600 2736 rrumerus
623 2674 802 2756 syllabarum
825 2677 856 2734 in
880 2676 974 2753 prima
992 2675 1179 2754 secundaque
1196 2695 1332 2754 persona,
1356 2695 1424 2736 seeo
1449 2697 1540 2748 secas,
1561 2679 1614 2737 dieo

338 2780 423 2840 dicis.
468 2779 646 2839 Graecorum
670 2775 880 2839 onmiaverba
904 2777 1033 2855 quaein
1067 2785 1239 2847 mereunt,
1269 2796 1320 2838 seu
1349 2780 1554 2859 perispomena
1574 2796 1612 2837 seu

340 2883 482 2961 berytona
505 2882 572 2950 sint,
597 2884 627 2940 in
650 2898 834 2959 quacumque
858 2880 1068 2957 eorriugatione
1084 2878 1211 2941 eundern
1234 2889 1292 2942 tam
1316 2884 1348 2941 iu
1371 2882 1467 2961 prirua
1490 2899 1572 2961 quam
1590 2882 1612 2939 iu

340 2985 469 3044 secunda
491 3000 617 3062 persona
640 2989 760 3043 serrant
781 2998 937 3041 reramerum
961 2978 1149 3061 syllabarum.
1194 3002 1284 3061 porro
1305 2986 1336 3044 in
1359 2982 1459 3043 verbis
1485 2982 1530 3041 rel
1551 2980 1612 3060 apud

340 3086 460 3147 Latinos
486 3087 517 3145 iu
540 3104 574 3145 or
599 3084 642 3143 vel
665 3084 741 3164 apud
758 3078 907 3161 Graecosl
932 3084 962 3141 in
985 3102 1043 3162 μαι
1066 3084 1245 3145 exeuntibus
1266 3084 1392 3163 syllabas
1414 3088 1562 3145 contraria
1581 3086 1641 3143 ri-as

338 3187 480 3248 eissitudo
503 3187 662 3266 dispensat.
708 3204 776 3245 nam
806 3184 935 3245 secunda
963 3187 1132 3262 coniugatio
1161 3196 1190 3247 et
1218 3188 1304 3247 tertia
1327 3186 1470 3265 producta
1494 3186 1537 3246 eol
1563 3204 1613 3244 cor·

339 3298 421 3368 repta
444 3292 454 3349 i
479 3297 546 3349 aute
569 3308 603 3348 or
625 3289 739 3347 laneo
761 3288 888 3347 eundem
911 3304 1069 3348 nunacrum
1091 3290 1223 3348 retinent
1250 3286 1428 3366 syllabarum
1453 3290 1484 3348 iu
1507 3296 1613 3367 uteroque

338 3410 473 3471 persona,
497 3390 605 3451 doceor·
628 3390 760 3457 (loceris,
790 3392 906 3448 nutrior·
934 3390 1073 3459 riertriris,
1104 3391 1206 3467 capior
1229 3392 1360 3469 eaperiS,
1388 3408 1454 3449 etun
1484 3391 1512 3449 in
1534 3391 1612 3449 actico

341 3492 456 3573 [modo]
480 3493 587 3553 borum
609 3491 767 3551 verborum
789 3490 918 3552 securtda
940 3494 1106 3561 minuatur·;
1130 3492 1160 3550 in
1183 3493 1279 3570 prima
1303 3500 1398 3551 autem
1423 3492 1612 3569 coniugatione

339 3605 365 3655 et
390 3598 498 3655 ceteris
521 3596 626 3655 tertiae
650 3601 805 3671 correptae
828 3591 929 3653 verlrls
952 3610 1009 3652 una
1032 3591 1141 3670 syllaba
1172 3594 1282 3653 erescit
1312 3590 1371 3672 [in]
1402 3593 1529 3653 secunda
1557 3604 1638 3671 per-b

338 3716 419 3766 sona,
443 3714 526 3756 aerior
548 3698 672 3763 eruaris,
708 3694 791 3754 dicor
812 3694 937 3761 diceris,
969 3712 1035 3753 enm
1065 3696 1094 3753 iu
1124 3696 1219 3753 activo
1242 3712 1329 3773 pares
1359 3698 1389 3754 iu
1413 3701 1536 3773 utraque
1559 3712 1611 3773 per·

268 3814 273 3825 ·
338 3818 408 3858 sorra
432 3798 559 3878 syllabae
582 3804 730 3857 maneant.
767 3804 796 3855 at
817 3798 849 3855 iu
871 3798 986 3873 graecis
1013 3812 1257 3889 omne'praosens
1285 3802 1400 3875 tempus
1424 3796 1501 3875 quod
1524 3799 1613 3874 iopen

327 3902 516 3959 lernrinatur
546 3900 626 3960 omrai
654 3897 741 3957 modo
769 3899 800 3956 iu
828 3896 956 3956 secunda
985 3914 1112 3975 persona
1140 3916 1227 3957 uuam
1255 3896 1396 3978 syllabam
1425 3900 1545 3967 minuit,
1567 3916 1612 3975 pi-

339 4001 462 4081 λοῦμαι
484 4001 584 4081 φιλῇ,
608 3998 780 4081 γράφομαι
801 3995 916 4079 γράφῃ
939 4008 969 4059 et
992 3998 1109 4067 similia,
1134 4018 1200 4059 cum
1223 4002 1253 4061 iu
1278 4004 1372 4061 activo
1394 4019 1483 4080 pares
1505 3998 1612 4079 syllabas

339 4112 463 4184 utraque
487 4122 612 4183 persona
635 4104 807 4164 servaverit.
854 4102 986 4160 inomni
1010 4101 1175 4179 inperfecto
1199 4108 1332 4181 tempore
1352 4104 1450 4180 prima
1473 4100 1544 4181 apud
1568 4100 1639 4160 La·ii

408 4307 797 4375 sdeierautcomdilcrautB
848 4318 1026 4369 idusovB'
1056 4318 1240 4387 leorrtieuere]
1259 4323 1416 4385 Verane,
1438 4324 1484 4371 lil
1536 4316 1611 4379 buna}

343 4393 422 4458 Verp.
436 4394 501 4445 Aen.
511 4392 535 4440 V
547 4394 598 4442 830
659 4392 676 4441 9
688 4404 779 4438 censeo
792 4402 825 4438 os
837 4402 1064 4440 oostuosrrournos
1077 4402 1171 4439 recreer
1184 4390 1260 4453 Apud
1271 4402 1378 4455 graecos
1390 4391 1450 4453 601,
1460 4388 1574 4445 23-602,
1585 4388 1609 4433 il

340 4462 434 4511 recedit
446 4462 491 4509 sed
503 4462 535 4511 ad
549 4460 708 4526 propositum
720 4470 886 4508 reuertamur.
906 4458 1017 4507 omnium
1032 4456 1109 4519 igitur
1122 4460 1255 4507 uerborum
1268 4458 1335 4523 apud
1349 4458 1440 4506 latinos
1452 4458 1548 4505 omniuo
1559 4468 1610 4502 con-

340 4532 481 4592 iugationes
499 4543 558 4577 sum
575 4525 639 4591 (tres
652 4528 713 4577 odd.
726 4528 767 4578 ed.
784 4524 876 4589 Vind.)
893 4526 918 4573 iu
938 4526 1040 4588 qulbus,
1058 4538 1114 4573 cunr
1133 4526 1230 4575 trullum
1250 4528 1352 4575 rrerbum
1365 4526 1389 4573 in
1404 4524 1454 4573 fine
1466 4524 1610 4579 uictrices,

340 4596 432 4647 lrabeat
442 4607 585 4660 occentum,
598 4594 751 4645 deterendos
763 4607 847 4643 tumen
859 4593 1065 4657 coniugatiouum
1080 4607 1129 4641 non
1148 4594 1172 4641 in
1187 4594 1280 4659 prima,
1295 4594 1379 4642 sedin
1393 4593 1502 4641 secundo
1517 4602 1610 4657 persoua

341 4680 432 4730 greaeeo
449 4666 595 4727 quaerimus
614 4664 740 4728 exemplo,
758 4663 825 4725 quod
844 4662 912 4726 npnd
930 4662 986 4709 illos
1005 4662 1031 4709 iu
1049 4661 1109 4710 solis
1128 4661 1331 4711 circumflexione
1344 4658 1565 4722 (circumflexilibus
1576 4656 1608 4705 ed

345 4734 435 4794 Vina.)
447 4734 576 4781 obseruari
589 4732 663 4781 solet.
688 4731 769 4795 prima
781 4744 841 4794 ergo
854 4730 988 4779 latinorum
1001 4730 1147 4793 corriugatio
1159 4730 1186 4778 in
1199 4728 1311 4778 secunda
1326 4742 1435 4794 persone
1448 4729 1536 4794 primae
1549 4724 1608 4799 posi:
1626 4762 1628 4767 .

341 4803 419 4850 tionis
436 4803 515 4850 uerbo
533 4802 617 4848 setino
635 4812 660 4846 et
678 4811 766 4847 raentro
784 4798 859 4847 babet
876 4812 891 4845 a
911 4813 925 4839 ο
943 4795 1070 4856 (lacernam
1087 4798 1209 4846 indiemiit
1227 4800 1310 4847 editor
1330 4792 1607 4854 tondebonmtstgou

341 4881 446 4917 accentu
465 4880 531 4917 seint.
556 4868 656 4927 eirrguln
674 4880 787 4931 teniporn
805 4865 830 4914 B
899 4868 928 4915 ll
948 4874 1058 4927 τετυψα
1075 4864 1101 4913 Β
1172 4867 1202 4913 12
1221 4864 1367 4931 tmeporells
1385 4864 1410 4913 B
1476 4861 1606 4913 inlatio&

344 4956 389 4989 om¹
404 4936 429 4985 Β
497 4938 528 4985 ii
542 4935 638 4984 liabens
650 4952 697 4985 one.
711 4934 736 4983 B
805 4939 834 4986 31
849 4935 873 4982 iu
888 4946 994 4995 utraque
1007 4948 1129 4997 personas
1148 4932 1172 4981 Β
