3525 5600
768 310 839 411 ins
1409 346 1450 412 ιι

1274 455 1425 498 .teou.utt>.

153 534 361 597 suetudine
382 542 624 597 commutata:
653 537 695 596 ait
716 538 796 596 enim
818 535 957 596 Lucanus
990 535 1127 615 ‘puppe
1156 469 1387 615 propinqua'
1418 543 1452 596 et

153 638 332 716 ‘gemitus
353 640 599 700 morientum'
626 655 682 717 pro
709 638 914 708 morientium,
945 639 1213 718 ‘gemitumque
1243 639 1450 699 carentum'

153 758 210 818 pro
225 741 404 805 carentium.
416 773 459 786 -
474 733 482 821 Ι
496 739 538 800 Et
552 738 594 801 ab
610 739 678 801 hoc
692 741 822 819 ingere
837 741 1003 818 iugerum
1020 739 1176 818 ingeris:
1194 739 1282 800 modo
1298 759 1352 800 nos
1367 741 1448 818 iuge·
1463 754 1551 816 sisu

153 860 260 904 rorum
275 840 421 903 debemus
435 842 550 912 dicere;
573 843 686 922 antiqui
708 844 844 920 iugerum
866 839 1021 912 dicebant,
1044 842 1121 902 sicut
1143 841 1290 903 tuberum.
1315 843 1449 919 iugerum

130 943 224 1004 sideo
252 943 324 1005 lacit
349 943 520 1023 iugeribus,
549 946 616 1024 quia
643 945 757 1024 antiqui
778 945 864 1022 iuges
885 945 997 1022 iugeris
1019 941 1171 1014 dicebant,
1202 961 1261 1022 quo
1283 943 1372 1004 modo
1393 945 1451 1007 iter

152 1047 287 1107 itineris:
310 1045 379 1107 ideo
401 1046 438 1106 ab
460 1045 594 1124 analogia
615 1044 772 1124 discrepat.
810 1053 841 1106 et
863 1063 943 1107 nnnc
966 1044 1125 1108 dicendum
1147 1047 1267 1123 iugero,
1296 1047 1366 1123 quia
1393 1045 1450 1108 hoc

152 1166 266 1209 nomen
299 1147 448 1210 secundae
476 1147 681 1210 declinationis
708 1156 763 1208 est.
786 1183 829 1194 —
855 1148 931 1220 Quia
961 1148 1074 1225 antiqui
1101 1146 1221 1208 domum
1250 1155 1279 1208 et
1304 1148 1478 1214 secundael

67 1255 71 1264 '
153 1248 364 1312 declinationis
386 1249 574 1312 declinabant
596 1258 628 1310 et
648 1258 787 1329 quartae;
817 1249 957 1312 dicebant
984 1259 1013 1310 et
1035 1247 1072 1310 ab
1095 1247 1150 1310 hac
1174 1247 1261 1310 domo
1284 1249 1449 1321 domorum,

155 1351 205 1433 [et
226 1352 389 1415 Terentius
423 1353 544 1414 ‘domo
577 1370 631 1413 ure
661 1351 842 1432 eripuit']
876 1361 909 1413 ut
936 1351 1083 1430 Vergilius
1111 1355 1257 1412 ‘turres
1287 1371 1324 1413 ac
1353 1337 1472 1415 tecta³
1539 1375 1542 1380 ·

123 1472 144 1508 ιο
155 1455 372 1525 domorum’,
388 1463 418 1516 et
432 1455 468 1517 ah
484 1454 539 1516 hac
555 1453 645 1516 domu
660 1454 810 1524 domuum,
826 1455 903 1515 sicui
918 1471 1065 1522 versuum,
1083 1463 1114 1515 ut
1129 1453 1274 1514 luvenalis
1290 1456 1448 1516 ‘viscera

155 1575 374 1636 magnarum
404 1555 607 1625 domuum’,
636 1557 705 1636 quia
732 1555 812 1634 quod
837 1575 892 1617 nos
920 1555 1065 1617 habemus
1093 1565 1214 1636 quartae
1236 1554 1449 1628 declinationis

155 1658 195 1718 ilii
219 1658 371 1719 secundae
392 1657 551 1721 habebant.
574 1692 616 1703 -
637 1659 772 1720 Verum
796 1659 1034 1739 euphoniam:
1059 1658 1238 1738 euphoniam
1253 1659 1284 1718 in
1300 1657 1478 1725 declinant

156 1761 199 1820 dis
220 1757 404 1843 nomilnibus
425 1759 625 1840 intellegimus
640 1762 738 1839 potius
760 1761 896 1822 suavitati
911 1779 1000 1840 quam
1016 1761 1123 1822 rationi
1146 1758 1278 1838 obsequi.
1317 1759 1450 1838 analogia

156 1871 253 1924 autem
278 1871 326 1924 est
346 1861 486 1924 similium
509 1862 616 1924 similis
638 1861 804 1924 declinatio.
847 1862 921 1923 haec
943 1863 976 1923 sn
997 1861 1087 1924 rebus
1104 1869 1185 1930 octo,
1208 1880 1259 1922 sex
1275 1880 1351 1941 quae
1373 1864 1449 1924 acci-

125 1965 226 2027 odunt
247 1968 327 2045 parii
351 1967 507 2036 orationis,
537 1964 594 2026 hoc
622 1971 666 2025 est
687 1966 815 2034 nomini,
850 1973 879 2026 et
908 1963 1022 2026 duabus
1044 1964 1240 2044 potestatibus
1262 1961 1448 2044 syllabarum.
1500 1947 1507 1958 '

156 2065 305 2147 euphonia
328 2068 427 2128 suavis
448 2067 538 2128 dictio
560 2067 686 2145 gratiam
708 2085 831 2146 augens.
867 2068 899 2128 in
922 2065 1106 2129 declinandis
1124 2064 1293 2128 nominihus
1309 2065 1451 2127 debemus

155 2171 252 2248 potius
274 2171 411 2232 suavitati
433 2188 522 2250 quam
539 2158 653 2230 'rationi
675 2167 814 2246 obsequi,
842 2168 874 2229 id
897 2175 941 2230 est
963 2169 1128 2248 euphoniae
1149 2170 1247 2249 potius
1269 2185 1358 2246 quam
1371 2185 1450 2230 ana·

157 2269 258 2349 legiae.
284 2305 327 2316 -
347 2271 524 2334 intubus:
548 2270 617 2332 ideo
638 2269 764 2332 artubus
784 2288 840 2350 per
862 2289 882 2331 ιι
905 2270 1044 2340 dicimus,
1068 2288 1128 2331 nou
1151 2270 1264 2332 artibus
1278 2289 1333 2350 per
1348 2272 1367 2342 i,
1391 2269 1478 2332 dis-8

157 2374 297 2435 cretionis
319 2392 423 2444 causa,
447 2391 486 2434 ne
508 2370 569 2434 non
591 2374 792 2451 significemus
814 2371 963 2442 membra,
987 2372 1039 2434 sed
1062 2380 1140 2434 artes
1154 2371 1369 2451 intellegamus.
1406 2375 1449 2433 sie

125 2483 185 2536 net
204 2476 350 2546 arcubus,
374 2479 408 2538 ut
428 2461 516 2536 arcus
537 2473 751 2554 intellegamus.
787 2493 855 2536 uam
886 2477 911 2536 si
941 2475 1059 2537 arcibus
1086 2475 1261 2545 dixerimus,
1292 2492 1377 2536 arces
1404 2476 1448 2534 in·

159 2577 330 2656 tellegimus.
369 2579 411 2639 sic
444 2583 474 2638 et
505 2576 652 2656 portubus
667 2569 804 2638 'dicimus
831 2587 862 2638 et
888 2575 1057 2654 quercubus
1084 2584 1114 2637 et
1140 2575 1292 2656 partubus.
1336 2577 1449 2654 antiqui

157 2681 233 2741 enim
255 2682 266 2740 i
287 2681 320 2742 in
342 2699 362 2741 u
385 2678 553 2749 vertebant,
577 2686 611 2740 ut
630 2697 738 2759 specus
753 2678 917 2760 specubus,
941 2697 1001 2740 non
1016 2677 1167 2760 specibus,
1189 2680 1193 2757 Ι
1213 2680 1252 2740 ita
1269 2687 1299 2739 et
1312 2676 1448 2741 tribubus

158 2802 214 2845 non
229 2781 367 2845 tribihus
383 2817 426 2828 -
442 2778 604 2861 [rationem
620 2780 802 2863 declinandi]
825 2781 867 2843 ln
883 2780 980 2843 hane
995 2779 1178 2861 regulam:
1204 2787 1302 2861 aptota
1317 2781 1446 2852 nomina,
1463 2797 1494 2846 ιο
1514 2767 1521 2781 ’

157 2886 186 2945 in
206 2883 281 2945 alios
304 2902 391 2946 casus
412 2886 481 2965 quia
504 2883 611 2945 cadere
632 2902 692 2945 non
719 2893 859 2965 possunt,
889 2883 1021 2963 regulam
1044 2902 1103 2946 non
1126 2890 1259 2952 servant,
1288 2884 1365 2944 sicut
1393 2882 1447 2944 alia

125 3001 147 3041 ιι
159 2989 289 3057 nomina,
314 3004 392 3065 quae
414 2985 460 3045 his
481 2984 587 3047 litteris
609 2986 761 3049 vocalibus
781 2989 995 3057 terminantur,
1019 2988 1088 3064 quia
1109 2984 1157 3047 illa
1172 3004 1227 3065 per
1242 3004 1346 3047 omnes
1361 3004 1448 3046 casus

158 3088 361 3157 inflectuntur,
386 3087 459 3150 haec
481 3106 584 3149 casum
607 3087 720 3150 nullum
744 3088 863 3151 habent.
889 3124 928 3134 -
951 3088 1142 3166 Regulam:
1165 3087 1202 3149 ad
1226 3088 1279 3149 has
1300 3084 1446 3170 regulllas,

158 3208 227 3269 quas
248 3192 410 3251 memorari
434 3209 451 3241 a
480 3208 556 3268 quae
579 3209 638 3253 nou
659 3199 793 3271 possunt.
813 3224 857 3237 ·—-
878 3190 951 3262 Quia
975 3192 1048 3251 istae
1071 3188 1190 3268 regulae
1214 3182 1374 3266 utique'ab
1396 3188 1491 3256 sib-11

158 3290 243 3351 latino
263 3290 407 3371 singulari
430 3292 609 3371 procedunt,
634 3300 664 3353 et
685 3294 740 3353 ista
763 3294 882 3355 uomina
904 3294 1023 3354 numeri
1045 3302 1115 3353 sunt
1129 3298 1243 3353 mutum
1258 3288 1390 3370 pluralis.
1407 3324 1446 3336 —

159 3393 374 3473 Conpitalia.
412 3412 483 3455 non
506 3397 678 3457 veniunt:
703 3414 759 3456 uec
781 3395 855 3456 haec
876 3394 994 3475 quidem
1019 3395 1049 3455 in
1072 3396 1191 3456 nomina
1215 3394 1346 3471 quinque
1362 3412 1493 3461 voca-12

127 3509 151 3548 ιο
161 3494 236 3556 libus
256 3498 412 3557 terminata
435 3496 560 3567 cadunt,
589 3498 665 3574 quia·
680 3514 786 3575 graeca
807 3504 890 3567 sunt,
921 3502 950 3557 et
970 3498 1065 3574 magis
1086 3514 1223 3575 graecam
1244 3494 1377 3574 regulam
1401 3514 1447 3556 se-

161 3605 286 3673 qunntur
308 3614 384 3675 quae
407 3598 562 3660 aGraecis
583 3600 772 3679 sumpsimus.
810 3598 878 3659 ideo
894 3600 998 3661 Cicero
1018 3598 1091 3659 dixit
1111 3599 1362 3678 peripetasmatis,
1387 3616 1447 3659 non

159 3700 444 3779 peripetasmatibus,
476 3702 544 3778 quia
572 3699 628 3763 hoc
655 3701 692 3762 ad
714 3701 889 3761 femininum
912 3718 1022 3761 numen
1050 3701 1199 3762 secundae
1218 3698 1448 3783 {declinationis

225 3938 283 3989 Cod.
300 3938 382 3989 Bora.
400 3939 459 3988 Vlll
480 3937 566 3989 1-3.
638 3940 655 3987 2
674 3949 804 3990 carentum
825 3954 871 4007 pro
890 3947 1019 3989 carentum
1038 3953 1085 4004 pro
1104 3940 1242 3989 carentium
1264 3936 1269 4004 Ι
1290 3954 1336 4005 pro
1358 3954 1445 3990 caren-

160 4009 218 4056 tium
267 4010 392 4076 dingere
410 4008 469 4058 ideo
526 4009 689 4075 bdiscrepnt
708 4010 797 4076 iugero
817 4020 841 4060 et
859 4024 925 4058 nnnc
939 4010 1075 4059 dicendum
1094 4011 1153 4073 quin
1215 4010 1394 4061 lucernorum
1414 4010 1445 4059 ab

131 4065 204 4138 ‘bac
224 4079 298 4129 domu
313 4081 405 4129 domus
421 4080 488 4128 sicut
505 4093 626 4129 uersuum
682 4079 714 4129 12
732 4079 861 4130 coloniam
880 4079 1010 4130 coloniam
1063 4078 1095 4130 13
1113 4076 1213 4145 rationi]
1233 4081 1297 4130 ratio
1351 4078 1384 4136 16
1402 4095 1445 4129 eu·

161 4146 225 4197 ionis
275 4151 358 4214 gratia
377 4148 482 4216 erigenti
535 4148 567 4203 17
585 4148 705 4199 cirioniae
760 4149 897 4201 ibantibus
914 4146 994 4215 peri]
1010 4151 1114 4200 artubus
1134 4165 1211 4216 pero
1266 4148 1300 4199 20
1319 4149 1446 4215 intellegi·
1540 4206 1542 4209 ¹

161 4221 376 4280 musprimolooo
428 4220 462 4268 22
481 4219 645 4267 enimin.i.
663 4236 680 4270 u
733 4221 815 4270 tribus
833 4232 883 4269 non
898 4221 1007 4270 crinibus
1055 4218 1199 4270 28tantom
1217 4218 1310 4286 plurali
1364 4218 1399 4269 29
1418 4220 1443 4269 iu

135 4350 139 4357 Ι
160 4289 265 4351 quinque
284 4288 416 4339 uocalibus
434 4289 536 4338 uomina
555 4289 688 4339 terminals
738 4289 773 4342 3²2
789 4290 1028 4355 peripetasmatibus
1045 4305 1114 4341 corr.
1134 4289 1373 4356 peripetesmutibus

223 4491 393 4560 hierontius]
416 4494 564 4557 Adelphii
584 4495 659 4552 1,44
730 4493 874 4561 Vergilius]
894 4495 957 4547 Aen.
978 4496 1067 4547 11445
1139 4495 1172 4547 10
1190 4491 1327 4562 iuvenalis]
1348 4503 1398 4550 sat.
1417 4496 1443 4559 3,
1530 4511 1534 4520 ·

162 4562 192 4609 72
258 4563 290 4613 23
305 4564 401 4613 ratione
420 4565 565 4614 declinandi
583 4564 726 4617 Putsclriua.
748 4567 828 4615 scribi
847 4572 948 4630 poterat
966 4579 1016 4615 non
1034 4566 1141 4615 tribibus
1160 4566 1299 4615 secundnm
1320 4567 1442 4617 rationem

162 4632 310 4696 declinandi,
333 4636 368 4697 cs.
387 4636 498 4698 Pompei.
520 4651 546 4700 p.
564 4636 616 4686 224
639 4637 680 4687 ed.
701 4635 778 4684 Lind.
797 4635 925 4695 tribubus,
948 4650 1005 4684 cum
1032 4636 1096 4686 ratio
1120 4636 1234 4701 exigeret
1252 4644 1280 4685 ut
1300 4637 1441 4687 diceremus

164 4701 271 4751 uibihua.
290 4706 335 4754 aed
346 4704 506 4767 probsrbilius
519 4708 594 4755 virm
609 4713 646 4755 est
663 4708 775 4769 plescum
792 4707 947 4767 adscriptam
965 4721 1020 4755 esre
1037 4708 1073 4757 od
1089 4722 1111 4759 v.
1132 4706 1156 4753 in
1176 4704 1242 4755 lianc
1257 4706 1371 4772 regulam

163 4772 192 4820 tu
209 4772 330 4838 Regulum
341 4800 375 4808 —
387 4783 495 4837 possunt
507 4790 543 4824 ex
559 4778 643 4825 alteru
660 4777 820 4838 expositione
835 4784 975 4838 optatorum
992 4776 1080 4825 relicta
1097 4783 1162 4827 cunt.
1180 4777 1279 4841 reliqua
1298 4777 1359 4840 quis
1378 4777 1441 4825 istae

164 4856 210 4905 sqq.
229 4845 265 4891 orl
277 4847 369 4893 omnino
388 4850 482 4893 lautum
497 4848 611 4909 pluralia
625 4853 741 4909 spectant
809 4844 841 4895 31
862 4844 961 4911 Cicero]
979 4848 1004 4896 in
1022 4846 1098 4895 Verr.
1117 4854 1166 4897 rect.
1184 4861 1234 4901 sec.
1250 4847 1295 4896 llll
1318 4846 1359 4907 12,
1374 4846 1407 4897 28
