3525 5600
584 407 632 468 ul:
655 406 779 469 uvalis
802 406 1010 468 NOMINIBVS
1377 403 1440 467 569

152 596 221 650 tum
248 609 314 652 non
342 595 408 668 est,
438 596 546 652 tamen
573 611 677 675 pauca
705 588 810 654 dicam
817 637 826 670 ,
854 598 1028 678 propterea
1056 587 1145 674 quod
1177 609 1216 652 ea
1243 589 1284 652 de
1314 609 1349 651 re
1377 611 1442 652 non

153 698 240 752 recte
268 689 407 753 iudicari
435 711 455 751 a
484 711 550 753 non
576 689 674 754 nullis
701 691 781 754 viris
810 690 915 755 doctis
938 689 1047 753 video.
1089 711 1164 752 nam
1187 689 1339 775 quoniam
1360 688 1442 752 illud

152 791 261 873 egisse
289 791 479 876 scriptorem
512 790 663 876 adparet,
697 802 734 855 ut
766 813 888 875 genera
912 793 1080 857 nominum
1110 791 1276 870 definiret,
1310 812 1374 876 qua
1402 789 1442 854 de

152 899 254 954 causa
276 901 309 956 et
330 891 364 954 in
379 891 566 956 Monacensi
582 893 693 957 codice
709 892 915 978 inscriptioni
929 898 967 956 de
988 899 1086 957 dubiis
1106 897 1273 957 nominibus
1295 892 1441 955 additum

152 1002 202 1057 est
230 1001 315 1058 cuius
340 1002 460 1072 qenais
485 1001 559 1070 siut,
583 1005 617 1058 et
638 993 805 1080 Hauptius
827 1005 912 1074 tum,
939 1017 1014 1058 cum
1042 993 1161 1058 librum
1189 994 1285 1058 initio
1315 991 1443 1057 mutila-

153 1104 221 1157 tum
244 1095 362 1175 edidit,
391 1101 429 1158 de
452 1099 613 1172 amoribus
640 1102 792 1160 nummum
814 1097 997 1182 inscripsit,
1027 1096 1159 1159 fuerunt
1180 1095 1252 1181 qui,
1274 1115 1444 1180 quaecum-

153 1218 216 1281 que
240 1197 274 1259 in
296 1197 356 1260 hoc
378 1196 463 1261 libro
486 1197 608 1282 scripta
630 1207 739 1261 essent
761 1198 911 1279 nomina,
939 1197 1031 1261 vario
1053 1218 1173 1279 genere
1195 1205 1351 1281 usurpata
1373 1219 1444 1260 esse

153 1297 335 1363 crederent.
372 1321 437 1384 qua
457 1298 493 1362 in
515 1321 549 1362 re
572 1320 688 1363 vereor
709 1321 751 1362 ne
773 1298 869 1384 longe
892 1322 912 1363 a
933 1297 1069 1364 consilio
1090 1297 1294 1383 grammatici
1316 1298 1445 1362 aberra-

152 1400 273 1463 verint.
316 1401 456 1485 primum
484 1400 571 1464 enim
600 1401 680 1464 satis
708 1423 848 1486 magnus
876 1412 927 1467 cst
953 1400 1187 1466 vocabulorum
1214 1422 1384 1480 numerus,
1410 1399 1444 1462 in

153 1501 275 1587 quibus
299 1523 364 1564 non
392 1501 433 1566 de
460 1523 577 1588 genere
599 1504 780 1588 quaeritur,
810 1501 867 1568 sed
891 1501 932 1566 de
952 1523 1105 1582 numero,
1128 1502 1205 1587 quia
1226 1500 1280 1566 vel
1301 1499 1443 1585 singula-

153 1603 235 1666 riter
262 1603 315 1666 vel
342 1602 514 1689 pluraliter
539 1613 666 1668 tantum
695 1604 794 1689 vulgo
822 1603 1027 1669 dicebantur.
1072 1623 1136 1688 quo
1163 1604 1328 1689 pertinent
1352 1603 1443 1684 haec,

153 1709 252 1768 berla
273 1711 416 1784 capillum
438 1727 536 1770 cunae
561 1727 665 1771 comae
691 1713 749 1770 mel
771 1711 902 1781 Quirites
922 1713 1041 1779 semaa·
1071 1705 1248 1791 eodemque
1269 1706 1339 1768 iure
1361 1705 1443 1768 refe

154 1828 263 1870 remus
291 1804 355 1870 alia
384 1806 500 1888 multa,
529 1829 666 1893 quorum
693 1829 894 1894 quamquam
920 1828 1022 1891 genus
1044 1806 1221 1871 indicatum
1245 1815 1311 1889 est,
1334 1816 1443 1871 tamen

154 1907 303 1972 dubitari
324 1910 438 1995 nequit
461 1908 539 1994 quin
561 1919 694 1995 propter
717 1909 979 1976 observationem
1000 1910 1126 1972 numeri
1147 1916 1279 1995 recepta
1299 1907 1381 1990 sint,
1408 1917 1445 1971 ut

154 2014 246 2072 aedes
267 2029 376 2074 career
393 2013 581 2086 frumentum
603 2017 755 2074 metellum
770 2022 900 2075 mentum
921 2017 1039 2075 moenia
1060 2031 1153 2074 neres
1174 2030 1245 2090 opes
1266 2015 1366 2075 odium
1385 2031 1443 2090 pu-

153 2117 315 2176 rimenium
347 2117 476 2192 sulphur
507 2118 654 2192 supellex.
699 2111 818 2176 deinde
852 2122 927 2177 sunt
954 2109 1020 2174 alia
1046 2112 1080 2175 in
1106 2111 1222 2198 quibus
1250 2112 1291 2177 de
1318 2113 1444 2177 ratione

154 2211 323 2277 scribendi
339 2211 518 2295 dubitatur,
541 2224 578 2277 ut
591 2218 686 2278 outae
699 2225 824 2278 cerectu
846 2220 991 2300 coturnix
1012 2221 1133 2278 cortina
1153 2219 1333 2292 crocodilus,
1357 2212 1445 2300 quod

153 2336 258 2398 genus
291 2323 405 2401 postea
436 2316 694 2399 praetermisisse
726 2316 856 2380 videtur
894 2315 1137 2400 grammaticus.
1182 2313 1240 2379 sed
1272 2315 1315 2380 ab
1348 2314 1444 2379 huius

152 2416 244 2481 modi
271 2416 556 2482 observationibus
584 2417 732 2502 proxime
759 2417 879 2482 absunt
906 2439 981 2499 eae,
1012 2417 1047 2480 in
1075 2416 1193 2504 quibus
1221 2438 1286 2482 non
1313 2425 1380 2480 tam
1403 2407 1444 2481 d'e

152 2518 279 2582 incerto
307 2520 404 2582 unius
432 2519 570 2581 nominis
598 2541 716 2602 genere
743 2541 841 2604 quam
868 2517 910 2582 de
936 2517 1037 2582 variis
1064 2517 1298 2584 vocabulorum
1331 2519 1443 2584 formis
1559 2529 1566 2538 ’

152 2619 281 2704 ugitrrr,
302 2629 339 2683 ut
360 2619 394 2682 in
416 2643 448 2684 v.
472 2626 601 2699 umtuyo
622 2625 733 2684 bracus
753 2625 881 2684 biremes
907 2626 1006 2683 circos
1026 2628 1163 2700 confligit
1182 2641 1321 2700 conpago
1343 2627 1443 2684 arina

153 2743 226 2786 cera
240 2724 393 2797 elefantus
413 2729 552 2785 materies
568 2727 791 2802 peristromata.
826 2719 986 2785 accedunt
1007 2722 1168 2809 quaedam
1189 2723 1351 2787 vocabula
1372 2723 1444 2810 ipsa

152 2846 283 2910 quoque
303 2825 338 2887 in
359 2824 467 2909 priore
490 2834 583 2910 parte
605 2823 681 2889 libri
702 2826 826 2911 posita,
842 2846 926 2910 quae
944 2835 1118 2910 propterea
1138 2824 1293 2889 videntur
1313 2835 1445 2911 recepta

152 2947 244 3006 esse,
265 2934 303 2989 ut
324 2946 436 2989 eorum
458 2925 652 3009 significatio
681 2926 871 2991 definiretur
891 2924 944 2989 vel
970 2934 1008 2989 ut
1034 2928 1107 3011 ipsa
1128 2950 1149 2990 a
1170 2924 1345 3008 similibus,
1374 2925 1442 3011 qui-

151 3027 292 3091 buscum
313 3025 477 3091 inferioris
501 3029 616 3091 aetatis
640 3026 874 3093 consuetudine
897 3029 1186 3113 permiscebantur,
1208 3027 1443 3110 distingueren-

152 3138 224 3209 tur,
255 3139 354 3192 uestus
387 3150 463 3207 uper
492 3134 620 3193 heroaes
650 3136 767 3193 baxeae
798 3134 897 3192 beavit
926 3136 1097 3209 contiguum
1125 3136 1261 3194 caudens
1292 3136 1444 3211 conpellet

151 3236 308 3294 diurnum.
353 3228 493 3316 denique
520 3230 620 3294 etiam
647 3230 681 3293 in
707 3230 748 3294 iis
776 3252 914 3317 quorum
946 3254 1049 3315 genus
1077 3253 1156 3295 sane
1184 3253 1205 3295 a
1231 3234 1443 3316 grammatico

151 3330 326 3395 definitum
348 3340 397 3395 est
419 3341 495 3396 sunt
521 3330 623 3395 multa
644 3354 726 3417 quae
754 3354 930 3416 numquam
955 3333 1071 3397 incerti
1093 3333 1221 3418 generis
1244 3333 1332 3420 apud
1353 3335 1443 3399 Lati·

149 3454 214 3497 nos
236 3431 384 3516 fuerunt,
406 3433 464 3496 sed
486 3442 668 3518 propterea,
691 3433 725 3496 ni
747 3432 853 3513 fallor,
877 3434 999 3520 scripta
1019 3446 1105 3519 sunt,
1128 3435 1216 3521 quod
1238 3434 1301 3499 alio
1324 3457 1443 3520 genere

149 3532 244 3619 apud
265 3533 399 3597 Latinos
422 3532 485 3597 alio
508 3535 597 3621 apud
620 3534 765 3600 Graecos
788 3533 994 3601 dicebantur.
1037 3558 1112 3599 nam
1133 3537 1169 3599 in
1190 3536 1252 3600 hac
1274 3537 1443 3623 utriusque

148 3635 286 3719 linguae
308 3635 500 3700 diversitate
523 3635 729 3701 observanda
756 3636 920 3721 singulare
948 3637 1091 3703 studium
1112 3638 1262 3723 posuisse
1283 3659 1443 3722 gramma-

148 3738 236 3802 ticos
264 3736 463 3822 intellegitur
490 3760 532 3802 ex
560 3739 601 3802 iis
630 3760 712 3824 quae
741 3738 781 3802 dc
803 3739 1013 3804 idiomatibus
1036 3760 1191 3823 generum
1214 3739 1306 3824 (nam
1326 3739 1374 3805 ita
1395 3739 1442 3803 di-

147 3862 226 3903 cere
250 3839 502 3923 consueverimt)
525 3838 686 3904 edidimus
709 3839 773 3904 vol.
790 3840 807 3904 I
829 3863 860 3927 p.
877 3840 938 3905 551
955 3862 1025 3927 sqq.
1048 3850 1081 3905 et
1102 3840 1167 3905 vol.
1182 3840 1231 3905 IV
1245 3863 1278 3926 p.
1293 3840 1357 3905 573
1372 3863 1443 3927 sqq.

147 3950 184 4005 et
209 3961 294 4027 quae
315 3962 357 4003 ex
379 3940 492 4006 eodem
514 3963 634 4026 genere
655 3942 690 4005 in
712 3941 879 4026 glossariis
902 3941 1051 4006 Labbaei
1072 3964 1104 4028 p.
1129 3940 1190 4006 199
1212 3964 1282 4029 sqq.
1304 3941 1444 4008 collecta

146 4052 241 4107 sunt.
285 4040 478 4128 quibuscum
500 4044 631 4108 nomina
652 4043 694 4107 ab
722 4042 783 4108 hoc
812 4041 1025 4128 grammatico
1049 4042 1220 4129 conposita
1240 4045 1288 4107 ita
1309 4048 1443 4109 'consen-

146 4146 258 4224 tiunt,
280 4152 318 4206 ut
339 4144 483 4207 maxima
503 4166 580 4230 pars
603 4166 714 4209 eorum
736 4144 777 4208 de
792 4144 910 4231 quibus
928 4144 1000 4230 ipse
1014 4153 1251 4209 commentatus
1274 4154 1324 4209 est
1345 4146 1442 4210 etiam

146 4247 184 4309 in
217 4243 284 4308 illis
313 4243 474 4309 indicibus
503 4246 699 4311 inveniatur.
742 4246 785 4309 ab
807 4246 867 4310 hoc
888 4245 991 4329 igitur
1012 4245 1053 4309 de
1075 4246 1249 4330 generibus
1276 4246 1442 4310 nominum

146 4344 320 4412 scribendi
342 4368 431 4412 more
453 4369 512 4433 per
535 4346 661 4412 scholas
684 4348 969 4432 grammaticorum
991 4358 1172 4433 propagato
1195 4348 1222 4410 is
1238 4368 1366 4434 quoque
1388 4347 1443 4433 qui

145 4450 239 4513 hunc
263 4446 380 4511 librum
403 4448 534 4536 scripsit
556 4450 720 4535 profectus
736 4459 796 4514 est.
825 4448 884 4513 sed
900 4449 1030 4513 diverso
1046 4450 1088 4514 ab
1103 4449 1293 4514 idiomatum
1308 4451 1442 4536 scripto«

145 4551 246 4617 ribus
269 4548 405 4615 consilio
426 4573 505 4615 usus
528 4550 676 4638 exempla
698 4551 893 4637 scriptorum
916 4550 969 4615 vel
991 4552 1197 4637 antiquorum
1211 4550 1264 4615 vel
1286 4551 1428 4615 recentia

145 4674 241 4731 rum,
267 4650 386 4737 quibus
409 4672 531 4735 genera
551 4654 718 4717 nominum
741 4650 919 4733 stabiliret,
942 4652 1184 4739 circumspexit.
1216 4661 1314 4738 atque
1333 4651 1369 4714 iu
1390 4651 1441 4713 his

146 4752 230 4819 solis
255 4752 359 4817 omnis
382 4752 476 4817 huius
505 4752 580 4818 libri
607 4754 731 4819 utilitas
754 4754 861 4840 posita
882 4762 949 4835 est,
978 4752 1241 4839 quandoquidem
1262 4752 1298 4815 iu
1319 4750 1444 4834 multis,

203 4860 384 4902 oanuurucr
400 4862 490 4903 irruo
506 4863 531 4906 v.
1199 4855 1239 4919 37
