3525 5600
414 1249 435 1288 p⁴
452 1233 488 1274 167
501 1231 534 1272 ed·
549 1231 599 1272 itai.
1476 1247 1498 1286 p.
1511 1236 1522 1274 l
1534 1233 1565 1273 eci.
1579 1234 1628 1275 ll'eic

427 1331 509 1424 litt
536 1329 685 1424 undull
711 1331 936 1426 nititur!
962 1331 1050 1426 rut
1077 1331 1288 1426 lllllllllll
1312 1329 1620 1426 lllllllldlllllll
1710 1326 1711 1331 ‘

921 1483 1142 1579 lllllllllll
1710 1538 1711 1541 κ

473 1858 616 1918 Latinitas
637 1863 681 1918 ast
703 1858 870 1918 observatio
892 1861 1067 1938 incorrupte
1090 1859 1230 1939 loquendi
1252 1860 1415 1920 secuudum
1438 1859 1586 1920 itomanam
1604 1859 1646 1919 lin·
1710 1854 1711 1925 l

388 1959 484 2020 guam.
530 1949 644 2002 coristat
671 1953 768 2003 autem
798 1943 894 2003 modis
915 1943 1029 2014 tribue,
1058 1944 1089 2004 id
1112 1952 1158 2004 est
1179 1947 1296 2005 ratione
1319 1947 1495 2005 auctoritate
1517 1954 1645 2004 consuetu·
1710 1952 1712 2011 l

388 2027 472 2087 diue:
495 2028 608 2088 ratione
631 2029 793 2088 secundum
816 2037 925 2098 artem,
944 2031 1124 2099 ‚auctoritate
1147 2030 1311 2091 secundum
1333 2049 1449 2090 eorum-
1459 2031 1578 2109 scripta,
1597 2032 1664 2108 qui-⁵
1710 2020 1712 2101 l

387 2111 442 2172 bus
464 2114 528 2192 ipsa
544 2119 589 2172 est
604 2115 765 2173 auctoritas
780 2113 937 2183 attributa,
960 2114 1174 2175 consuetudine
1197 2115 1359 2177 secuudum
1382 2133 1417 2176 ea
1439 2133 1513 2194 quae
1532 2115 1645 2193 loquendi
1710 2104 1711 2183 l

387 2215 442 2256 usu
464 2197 572 2276 placita
596 2197 911 2317 adsumptaque*sunt.

1026 2281 1043 2317 ³3
1248 2281 1266 2319 *

884 2469 933 2530 DE
956 2469 1178 2532 Puououluu

1710 2188 1712 2279 l

411 2565 431 2604 p.
448 2553 484 2592 ne
499 2550 526 2592 ut
1536 2566 1556 2606 p.
1567 2556 1588 2593 ra
1600 2553 1628 2592 w.
1710 2524 1712 2657 p

469 2624 561 2683 Cuius
582 2641 748 2701 pronomen
770 2624 921 2684 inlinitum
935 2639 1080 2702 personae
1095 2625 1267 2686 indefinitae
1289 2627 1504 2704 possessivum,
1527 2634 1648 2704 nmpnu
1710 2660 1712 2686 a

385 2727 452 2768 cum
474 2708 598 2768 dicimus
621 2709 723 2768 ‘cuius
745 2726 848 2768 servus
870 2710 942 2778 est’‚
966 2711 1078 2786 figurae
1092 2709 1236 2790 simplicis
1251 2711 1371 2787 generis
1385 2710 1540 2772 masculini
1553 2712 1648 2770 numeri
1658 2725 1674 2759 u
1710 2712 1712 2789 l

386 2792 560 2871 singularis,
584 2793 662 2874 quod
685 2795 727 2854 ita
750 2791 962 2863 declinabitur,
986 2795 1073 2855 cuius
1095 2796 1143 2857 cui
1166 2797 1234 2855 cuio
1256 2798 1356 2857 cuium
1378 2815 1396 2857 a
1418 2796 1500 2866 onio,
1523 2806 1552 2856 et
1567 2796 1648 2876 plura·

385 2880 454 2939 liter
475 2882 523 2939 cui
546 2881 681 2939 cuiorum
704 2881 781 2939 culis
804 2882 888 2939 cuios
910 2899 926 2938 a
948 2880 1036 2940 cuiis.
1067 2880 1118 2941 sed
1134 2881 1207 2941 haec
1222 2880 1382 2943 declinatio
1402 2882 1471 2961 plus
1492 2884 1561 2942 artis
1578 2900 1648 2960 quan

385 2965 528 3043 ponderis
548 2966 637 3041 gerit.
682 2982 750 3025 nam
772 2965 863 3025 nimis
885 2972 970 3025 vetris
993 2972 1090 3026 estet
1112 2984 1128 3026 a
1150 2973 1251 3027 nostra
1273 2966 1488 3027 cousuetudine
1509 2966 1648 3046 repudiata.
1710 2987 1712 2990 ’

385 3052 426 3110 ita
454 3058 483 3109 et
509 3050 540 3109 in
567 3066 677 3126 genere
705 3050 849 3109 feminino
877 3052 945 3110 cuia
972 3049 1138 3111 declinatur
1166 3057 1199 3112 ut
1226 3052 1341 3120 tabula,
1372 3054 1475 3112 cuium
1496 3060 1529 3113 ut
1546 3051 1649 3129 ignum.
1710 3043 1712 3134 l

386 3135 438 3195 sed
454 3136 543 3194 etiam
558 3136 626 3204 ista,
649 3136 784 3213 quamvis
799 3136 830 3194 iu
846 3136 892 3194 eis
914 3134 1087 3197 auctoribus
1109 3138 1298 3215 reperiantur
1319 3139 1371 3217 qui
1393 3144 1464 3198 sunt
1484 3140 1516 3198 iu
1536 3136 1649 3197 manitus
1659 3146 1676 3183 1³
1710 3153 1712 3204 ι

386 3227 417 3279 et
439 3222 469 3279 in
492 3238 543 3279 ore
572 3220 717 3289 omnium,
748 3226 846 3279 tamen
874 3220 1059 3281 consuetudo
1081 3224 1270 3302 contempsit.
1313 3240 1482 3302 perunum
1504 3225 1650 3301 euimpro
1710 3286 1712 3311 Ι

386 3322 509 3373 nomen,
540 3304 569 3364 id
592 3312 638 3365 est
660 3306 747 3364 cuius
768 3304 813 3364 vel
836 3323 980 3388 quorum,
1009 3309 1108 3367 omnia
1134 3308 1251 3369 infinita
1271 3308 1438 3388 possessiva
1459 3309 1649 3385 significantur.
1710 3313 1712 3414 ἰ

386 3390 511 3451 dicimus
538 3390 618 3449 enim
647 3391 732 3449 cuius
759 3390 803 3450 vel
832 3408 959 3469 quorum
987 3410 1090 3451 servus
1117 3394 1179 3452 sive
1208 3392 1315 3454 ancilla
1341 3394 1402 3453 sive
1425 3393 1574 3473 templum,
1599 3390 1650 3456 sed,
1710 3423 1712 3468 ÷

387 3473 464 3554 quod
492 3473 643 3534 laundun
673 3480 732 3542 est,
762 3492 829 3535 oum
858 3475 992 3536 molestia
1019 3476 1233 3538 discernendae
1260 3476 1465 3554 ambiguitatis
1492 3480 1523 3537 in
1541 3477 1651 3555 genitia
1710 3473 1712 3531 l

386 3559 546 3635 singulari,
578 3558 695 3637 quando
721 3560 806 3618 cuius
835 3559 977 3630 dicimus,
1006 3569 1037 3621 et
1062 3564 1094 3622 in
1120 3562 1243 3642 plurali,
1271 3562 1390 3641 quando
1411 3581 1543 3642 quorum.
1582 3562 1677 3621 cuasa
1710 3532 1712 3600 l

387 3646 467 3704 enim
490 3651 520 3704 et
542 3662 669 3723 qnorum
691 3643 809 3723 quando
831 3648 999 3723 possessiva
1021 3656 1104 3716 sunt,
1132 3665 1188 3726 per
1209 3665 1295 3708 casus
1317 3666 1376 3708 non
1397 3648 1561 3708 flectuntur.

798 3744 815 3780 a
1020 3744 1038 3782 e
1241 3745 1259 3783 e
1710 3751 1712 3800 p

934 3932 984 3994 DE
1006 3932 1132 3995 VERBO

412 4026 434 4065 p.
450 4014 488 4053 lli
501 4010 531 4051 tu.
1535 4028 1556 4069 p.
1568 4012 1631 4054 Μ’.

470 4084 555 4143 llodo
577 4084 721 4145 intinitivo
743 4086 875 4145 numeris
898 4093 928 4145 et
948 4089 1087 4165 personis
1108 4106 1187 4156 esse,
1211 4088 1274 4148 solo
1295 4094 1431 4168 tempore
1452 4089 1530 4149 linito
1551 4091 1650 4165 praete·
1710 4129 1712 4160 ;

387 4172 445 4230 rito
472 4171 579 4238 luisse,
609 4170 710 4230 iuturo
737 4170 811 4231 lore.
856 4174 887 4232 in
914 4179 1018 4250 quarta
1046 4175 1146 4251 specie
1174 4173 1275 4232 delicit
1301 4180 1332 4233 et
1353 4176 1385 4233 in
1406 4173 1559 4253 participio
1579 4188 1651 4249 prae·
1710 4221 1712 4233 ,

386 4256 478 4315 sentis
509 4257 663 4333 temporie.
708 4255 760 4315 sed
789 4255 867 4316 docti
894 4255 1016 4335 quidam
1042 4260 1186 4337 temporis
1212 4259 1403 4329 recentioris,
1433 4277 1498 4319 cum
1522 4254 1677 4316 habenula
1710 4263 1712 4348 j

386 4342 592 4401 necessitatem
614 4356 719 4418 magna
742 4348 772 4400 et
793 4340 894 4401 diviua
909 4342 1055 4421 quaedam
1076 4344 1294 4423 interpretandi
1316 4343 1546 4423 explicandique,
1568 4348 1596 4401 et
1614 4358 1650 4399 es·
1710 4353 1712 4428 J

471 4530 498 4583 B
521 4532 613 4586 codex
635 4530 839 4589 Bruxeliensis

1710 4501 1712 4533 l

477 4612 503 4669 V
522 4617 603 4673 editio
619 4616 691 4672 Maii
712 4632 750 4671 ex
772 4620 869 4675 codice
891 4618 1031 4676 Vaticano
1054 4620 1241 4676 bibliothecae
1254 4619 1411 4676 Palatinae
1432 4618 1509 4675 1746
1523 4630 1650 4689 expressa

1710 4733 1712 4795 l

455 4813 593 4881 ascripta]
615 4818 772 4881 praescripta
795 4820 819 4866 V
904 4816 936 4868 13
954 4818 1076 4884 ponderis
1099 4818 1226 4870 Weberuc
1246 4819 1353 4885 pudoris
1372 4820 1435 4871 BV
1497 4816 1531 4869 26
1548 4828 1650 4883 magnam
1710 4798 1712 4820 ¹

385 4892 410 4932 et
423 4884 510 4934 diuina
528 4885 709 4951 interpretandi
726 4886 871 4951 explicandi
890 4887 917 4937 B
