3525 5600
502 383 701 444 Excurrit
725 382 927 445 llilBlENSlA
950 380 1067 444 3-13
1368 377 1430 443 633

1240 501 1261 542 p.
1277 487 1365 528 ltu-93
1379 487 1406 527 V.

137 570 218 627 tinos
248 567 359 648 syllaba
387 587 443 629 nec
471 569 637 632 adiectione
660 590 715 632 nec
736 573 954 650 permutatione
978 573 1119 632 variatur.
1163 587 1233 630 nom
1255 571 1316 630 sive
1346 585 1430 648 prae-

138 687 209 730 sens
236 678 352 750 tempus
379 673 504 750 incipiat
530 693 547 732 o
574 672 681 742 vocali,
709 673 813 733 eadem
846 673 958 734 vocalis
985 675 1016 732 in
1044 673 1205 752 inperfecti
1233 671 1431 731 declinatione

138 780 284 843 servatur,
307 781 341 834 ut
363 791 417 851 ago
439 773 572 852 agebam,
596 777 658 834 sire
679 777 831 854 praesenti
854 777 981 854 tempori
1003 776 1122 834 initium
1144 791 1310 834 consonans
1331 773 1430 840 iaciat,

138 873 219 934 nulla
241 876 405 954 inperfecto
427 877 556 956 tempori
576 877 686 937 vocalis
709 877 831 947 accedit,
855 895 928 955 rogo
951 875 1102 953 rogabam.

113 996 125 1034 c
226 976 298 1036 ltem
328 979 497 1038 necessario
520 978 698 1056 regulariter
725 996 952 1058 praemonemus
979 978 1056 1058 quod
1096 978 1172 1058 apud
1200 979 1329 1040 Graecos
1360 994 1429 1056 per·
1447 991 1505 1048 erm,
1519 991 1548 1038 rt

139 1078 253 1138 lectum
279 1087 398 1159 tempus
424 1099 483 1140 non
513 1099 529 1140 a
556 1084 722 1160 praesenti,
750 1082 802 1141 sed
830 1101 867 1141 cx
895 1083 995 1142 tuturo
1018 1081 1098 1140 velut
1125 1081 1160 1140 de
1184 1081 1308 1160 quadam
1332 1082 1429 1160 prima

137 1182 285 1257 positione
309 1189 339 1240 et
360 1185 475 1259 origine
498 1184 544 1242 sui
566 1183 720 1260 liguratur.
765 1203 820 1244 nec
843 1192 941 1244 tamen
974 1190 1002 1244 te
1025 1190 1149 1251 moreat,
1176 1201 1230 1242 cur
1251 1191 1431 1244 transactum

139 1281 178 1340 de
201 1283 328 1343 necdum
349 1284 427 1344 lacto
449 1285 571 1362 ligurari
594 1285 713 1354 dicitur,
737 1287 942 1346 aestimantem
964 1285 1043 1365 quod
1065 1287 1257 1364 praeteritum
1281 1286 1433 1363 antiquius

138 1387 180 1444 sit
203 1387 313 1446 tuturo.
342 1385 393 1445 sed
417 1389 538 1447 nonita
561 1394 613 1446 cst.
648 1407 734 1448 omne
758 1391 837 1448 euim
859 1387 938 1468 quod
962 1389 1071 1448 iactum
1094 1394 1139 1448 est
1160 1387 1243 1466 prius
1265 1387 1432 1447 iaciendum

99 1505 124 1542 ro
138 1487 208 1557 luit,
231 1488 339 1549 deinde
355 1488 534 1558 factumest,
558 1497 587 1550 et
601 1489 657 1550 hoc
673 1490 752 1569 quod
766 1492 962 1570 praeteritum
979 1497 1023 1550 est
1038 1489 1195 1569 aliquando
1217 1491 1349 1550 iuturum
1365 1490 1432 1548 luit.

137 1593 207 1650 iure
229 1609 302 1668 ergo
323 1591 360 1650 de
382 1597 507 1650 venturo
529 1591 607 1670 quod
630 1594 689 1653 iam
711 1595 793 1652 renit
813 1593 952 1662 ellicitur,
975 1594 1044 1671 quia
1066 1599 1171 1651 natura
1192 1592 1255 1652 lore
1279 1593 1364 1670 prius
1386 1596 1434 1650 est

137 1711 229 1772 quam
251 1694 353 1754 luisse.
383 1693 454 1753 item
475 1694 551 1772 apud
564 1693 693 1754 Graecos
709 1713 870 1773 numquam
881 1695 1075 1774 praeteritum
1087 1694 1253 1773 perlectum
1267 1696 1296 1754 iu
1314 1691 1431 1754 duabus

137 1793 262 1873 syllabis
289 1797 454 1864 invenitur,
483 1795 535 1855 sed
563 1802 607 1855 est
635 1795 782 1856 interdum
805 1794 841 1855 Vl
864 1794 1056 1874 syllabarum,
1084 1804 1116 1855 ut
1138 1790 1430 1875 πεπολεμάρχηκα,

137 1904 187 1957 est
209 1897 247 1965 V,
271 1905 304 1956 ut
326 1891 557 1976 πεπολέμηκα,
581 1905 626 1958 est
640 1896 687 1968 1v,
711 1897 946 1976 utereturque,
977 1907 1022 1958 cst
1042 1901 1145 1968 trium,
1170 1904 1201 1958 ut
1217 1893 1353 1976 λέλυκα,
1378 1915 1431 1956 nec

98 2013 122 2050 ¹⁵
138 2016 281 2078 umquam
303 2000 436 2058 invenies
459 1999 615 2078 trisyllabo
636 2002 745 2060 minus.
782 2019 905 2060 necesse
928 2007 974 2060 est
996 2003 1075 2062 enim
1098 2007 1131 2060 ut
1153 2001 1191 2060 sit
1206 2001 1303 2079 prima
1319 1997 1431 2078 syllaba

134 2100 359 2170 declinationis,
372 2102 501 2161 secunda
517 2103 652 2178 originis,
665 2104 753 2161 tertia
769 2103 877 2172 tinalis,
892 2111 924 2162 ut
937 2098 1076 2162 λέλυμαι
1094 2101 1131 2162 λε
1142 2103 1238 2181 prima
1255 2099 1367 2179 syllaba
1380 2101 1430 2160 de-

135 2202 311 2263 clinationis
323 2209 380 2272 est,
400 2221 475 2282 quae
488 2203 604 2264 induxit
617 2222 756 2282 magnum
768 2211 967 2281 augmentum,
986 2204 1028 2263 λυ
1040 2205 1165 2281 originis
1179 2211 1232 2272 est,
1251 2204 1319 2283 quio
1335 2205 1432 2282 prime

135 2304 225 2365 rerhi
240 2304 349 2384 positio
365 2303 402 2364 ab
416 2301 420 2385 l
433 2304 488 2366 bac
508 2307 625 2385 incipit,
642 2325 685 2365 κα
700 2304 796 2366 finalis
811 2313 867 2366 est.
896 2323 951 2366 nec
968 2312 996 2366 te
1009 2313 1125 2366 moveat
1136 2295 1223 2383 οἶδα,
1246 2303 1324 2384 quod
1341 2304 1431 2383 disyl-

134 2407 240 2469 labum
255 2415 315 2467 est:
340 2425 407 2466 nam
422 2405 666 2486 παρακείμενος
681 2406 817 2467 hahetur.
862 2407 919 2468 hoc
935 2411 1013 2468 enim
1033 2407 1240 2485 multipliciter
1257 2415 1430 2486 corruptum

93 2525 120 2562 ἑο
134 2510 277 2570 docetur:
301 2527 369 2569 nam
391 2518 512 2588 praeter
531 2510 587 2569 hoc
608 2508 721 2569 nullum
736 2511 901 2588 perlectum
923 2519 1041 2588 tempus
1063 2507 1100 2570 ab
1124 2527 1156 2569 οι
1178 2508 1361 2588 diphthongo
1384 2509 1430 2568 in·

134 2612 225 2690 ripit.
268 2611 356 2671 huius
378 2609 461 2670 verbi
477 2613 562 2688 origo
584 2619 629 2672 est
651 2608 742 2688 eldea,
766 2618 795 2670 et
810 2614 919 2671 mutari
944 2630 972 2671 ει
994 2613 1024 2672 in
1047 2630 1080 2672 oc
1103 2611 1180 2672 salva
1204 2619 1234 2670 et
1256 2612 1428 2689 incorrupta

133 2716 254 2774 ratione
277 2730 336 2773 non
358 2711 473 2773 hahuit.
519 2713 588 2773 inde
612 2710 716 2774 ridere
739 2710 843 2773 debuit
865 2731 930 2773 esse
946 2715 1111 2793 praeterito
1126 2712 1428 2792 plusquamperfecto.

224 2816 297 2876 ltem
321 2814 362 2875 lll
384 2822 453 2875 sunt
475 2817 595 2877 omnino
617 2815 757 2897 syllabae,
780 2834 856 2895 quae
879 2818 910 2876 in
933 2819 1048 2892 graecis
1063 2814 1163 2877 verbis
1181 2816 1281 2875 l'uturo
1299 2819 1426 2895 tempori
1446 2828 1547 2889 dogm

133 2920 302 2978 terminum
323 2919 452 2978 iaciunt:
476 2928 526 2978 aut
549 2920 628 2978 enim
651 2920 682 2978 in
698 2930 747 2977 σω
770 2920 831 2978 exit
853 2927 903 2978 aut
925 2920 955 2977 in
972 2912 1017 2991 ξω
1041 2924 1090 2977 aut
1106 2920 1137 2977 in
1159 2925 1222 2995 ψω,
1246 2925 1279 2978 ut
1294 2912 1428 2997 λαλήσω

90 3014 255 3098 eupolim
276 3016 407 3098 γράψω.
468 3022 539 3079 item
562 3039 648 3080 omne
671 3038 813 3099 praeseus
836 3018 914 3098 apud
930 3018 1059 3079 Graecos
1080 3022 1112 3080 in
1135 3038 1161 3079 ω
1185 3020 1323 3080 desinens
1340 3018 1425 3079 modi
1444 3030 1501 3089 609,
1515 3033 1541 3078 tt

131 3122 294 3183 indicativi
316 3124 436 3199 generis
458 3123 546 3181 activi
568 3121 652 3181 verbi
675 3122 892 3201 perispomeni‚
922 3122 948 3180 si
970 3122 1115 3182 secundae
1139 3123 1356 3199 coniugationis
1378 3123 1426 3190 sit,

134 3222 263 3285 adhibet
285 3225 337 3284 lini
361 3242 414 3283 suo
428 3242 488 3302 μαι
503 3222 645 3301 syllabam
661 3232 692 3283 et
706 3225 777 3284 lacit
793 3224 829 3283 de
846 3242 877 3283 se
894 3225 1057 3301 passivum,
1080 3221 1151 3302 βοῶ
1173 3220 1320 3302 decipere,
1344 3222 1427 3302 τιμῶ

131 3324 299 3406 τιμῶμαιι
323 3328 349 3385 si
371 3342 441 3384 vero
464 3328 502 3386 sit
524 3328 637 3403 primae
660 3326 706 3387 rel
728 3327 849 3393 tertiae,
875 3344 901 3385 ω
920 3327 951 3385 in
967 3343 1008 3385 ev
1031 3332 1142 3385 mutato
1165 3332 1194 3383 et
1210 3333 1330 3403 accepta
1345 3326 1428 3385 simi·

134 3427 210 3487 liter
237 3446 296 3507 μαι
324 3430 474 3507 passivum
503 3434 585 3487 creat
607 3425 695 3505 φιλῶ
718 3425 899 3506 φιλοῦμαι,
927 3426 1041 3505 χρυσῶ
1064 3426 1262 3505 χρυσοῦμαι.
1309 3444 1427 3505 permu-

87 3532 283 3590 serationem
306 3537 404 3589 autem
427 3546 453 3587 ω
475 3531 506 3588 in
529 3546 571 3588 ou
593 3528 630 3587 de
652 3528 843 3588 circumflexo
865 3536 990 3589 accentu
1012 3527 1155 3587 indicium
1179 3536 1224 3587 est
1246 3548 1265 3583 e

222 3632 266 3691 lle
299 3631 455 3691 delectiris
476 3628 576 3691 verbis
597 3630 642 3689 vel
670 3628 859 3690 dictionibus.
907 3636 966 3693 tarn
990 3628 1067 3707 apud
1090 3629 1217 3689 Graecos
1239 3648 1326 3709 quam
1350 3630 1427 3709 apud
1445 3640 1559 3701 otmar

130 3734 260 3794 Latinos
287 3733 385 3812 aliqua
412 3730 503 3792 rerba
531 3734 562 3791 in
591 3731 788 3793 declinatione
825 3732 975 3791 deliciunt.
1020 3732 1056 3792 de
1084 3732 1132 3792 his
1158 3731 1339 3791 Graecormn
1372 3734 1428 3792 ista

131 3836 274 3895 delinitio
296 3842 356 3895 est:
379 3833 420 3894 lll
442 3837 522 3895 enim
543 3832 639 3894 modis
662 3834 765 3894 dicunt
793 3835 913 3893 evenire
936 3832 1094 3903 deiectum,
1118 3839 1168 3894 aut
1190 3832 1343 3894 intellectu
1366 3836 1427 3895 exi·

130 3946 226 4015 gente
249 3944 299 3997 aut
320 3936 430 3997 litteris
452 3954 511 3996 nen
534 3936 780 3996 convenientibus
803 3943 854 3995 aut
879 3953 936 3994 usu
951 3934 1122 3995 desistente.
1152 3953 1188 3993 ex
1204 3934 1296 3994 bisin
1313 3934 1428 3995 duobus
1465 4006 1467 4013 Ι

81 4059 114 4097 ar·
130 4038 291 4119 prioribus
313 4038 410 4098 modis
432 4040 578 4097 servimus
601 4040 785 4106 necessitati,
814 4039 846 4095 in
875 4038 964 4096 tertio
986 4037 1172 4095 reverentiae
1200 4038 1352 4097 vetustatis
1375 4036 1427 4096 oh·

130 4143 302 4221 sequimur.
333 4159 387 4219 per
409 4138 592 4199 intellectum
616 4138 619 4219 l
646 4138 733 4199 rerba
756 4138 898 4199 deficiunt
919 4139 1017 4198 omnia
1032 4155 1109 4217 quee
1132 4135 1272 4197 dicuntur
1286 4154 1427 4217 πεποιη-

128 4236 235 4324 μένα,
256 4243 288 4303 id
310 4248 356 4302 est
377 4260 452 4321 quae
475 4240 511 4301 ad
534 4240 758 4301 similitudinem
780 4243 846 4301 soni
867 4240 993 4300 alicuius
1019 4257 1158 4318 expressa
1182 4246 1259 4308 sunt,
1283 4248 1315 4299 ut
1337 4234 1427 4317 λίγξε

128 4338 221 4424 βιός,
252 4343 319 4419 erte
335 4336 517 4422 delicieris
539 4349 570 4401 et
591 4343 711 4403 similia.
755 4344 787 4402 in
809 4342 856 4403 his
877 4344 958 4403 enim
981 4341 1081 4403 verbis
1108 4360 1165 4427 neq
1186 4342 1260 4403 aliae
1283 4360 1426 4420 personae

128 4444 325 4527 quaerendae
342 4451 420 4515 sunt,
443 4463 498 4504 nec
520 4446 552 4504 in
575 4444 648 4505 alios
669 4443 771 4505 modes
793 4444 939 4505 llectenda
962 4443 1128 4513 declinatio,
1150 4448 1220 4525 quia
1242 4450 1355 4503 tantum
1379 4460 1426 4501 vo·

77 4582 110 4618 ω
127 4567 186 4609 ces
208 4554 280 4607 sunt
300 4564 459 4626 expressae
481 4546 517 4607 ad
540 4547 604 4606 soni
626 4548 823 4607 imitationem
844 4564 932 4625 quem
955 4544 1110 4623 adsignare
1130 4546 1274 4607 volumus¹

203 4684 505 4746 headembiercn'ptum
516 4682 628 4731 bubetB
679 4679 858 4747 3temporeB
909 4680 1133 4731 buecesnriumB
1191 4682 1221 4729 11
1236 4680 1288 4730 iore
1301 4680 1424 4729 edVr'nd.

125 4770 178 4803 cor
197 4752 507 4817 ‘punctborrperpoar'tis'
524 4750 549 4798 B
619 4752 651 4801 13
662 4740 914 4815 πεπολεμάρχηκα]
944 4749 1185 4813 πεπολεμαρανκα
1202 4748 1227 4797 Β
1297 4750 1328 4797 19
1342 4747 1425 4796 multi-

123 4819 313 4889 plicationeB
374 4822 407 4869 22
424 4819 560 4885 praeterite
578 4818 689 4882 perlecto
702 4818 728 4867 B
793 4822 827 4867 ‘rt
837 4816 894 4883 ψω]
909 4834 948 4882 χω
960 4816 985 4865 B
1053 4818 1085 4865 25
1098 4809 1208 4881 γράψω]
1221 4832 1315 4880 cocyto
1328 4815 1353 4864 B

183 4960 367 5003 hundetorre!
381 4959 471 5001 LrlTilll
486 4960 512 5001 V.
1182 4950 1222 5013 41
