3525 5600
317 389 380 454 330
860 386 1063 452 CONSEN'lll

318 598 350 660 p.
374 573 502 659 XLV),
525 573 549 638 f.
572 572 632 636 49*
642 572 745 636 -otr
774 573 880 657 Sergii
908 570 1162 638 commentarius
1189 567 1231 632 de
1257 566 1368 632 littera
1395 575 1458 631 ete.
1481 561 1537 646 (el.
1557 565 1598 628 ib.
1711 656 1712 659 Ἴ

317 697 351 760 p.
373 673 553 760 XLVIII):
583 685 764 760 sequuntur
791 674 889 761 pauci
915 697 1032 744 versus
1059 695 1103 738 ex
1128 669 1361 736 commentario
1387 667 1422 730 in
1442 666 1599 730 Donatum

318 774 440 856 relicti,
473 779 633 840 Sciendum
663 787 707 840 est
733 783 837 856 primo
869 784 943 856 qnia
975 781 1142 840 auctoritas
1170 779 1396 853 scripturaram
1422 774 1473 833 nel
1498 773 1600 831 artimn

316 885 491 958 pleramque
527 884 621 942 tritas
659 884 885 942 commendatur
913 885 1020 943 modis.
1064 875 1177 942 codiee
1212 872 1367 938 Leidensi
1403 869 1601 936 eontinentur

318 981 411 1059 haee,
434 979 457 1042 f.
477 979 492 1042 1
514 984 601 1056 plosa
617 1000 656 1044 es
672 986 776 1059 prime
797 985 876 1044 libro
893 984 1048 1060 prisciani
1066 980 1324 1054 constantinopoli
1335 972 1471 1056 scripsi
1494 975 1599 1035 caesai

319 1085 465 1143 Caesarie
486 1087 597 1144 ciuitas
618 1087 648 1144 in
668 1079 798 1158 praecia
819 1119 862 1128 -
883 1081 908 1144 f.
932 1082 974 1146 30
995 1087 1034 1144 de
1055 1087 1139 1144 tiara
1161 1077 1280 1164 (Prisc.
1301 1075 1324 1138 l.
1346 1072 1469 1139 XVIII
1489 1095 1522 1159 p.
1537 1072 1600 1148 375,

319 1181 372 1266 to)
391 1187 484 1260 pilleo
505 1187 642 1260 explicit.
665 1183 866 1267 interpositis
882 1183 996 1269 paucis
1012 1180 1162 1247 versibus
1177 1189 1212 1244 et
1232 1175 1365 1243 scholiis
1386 1173 1601 1261 grammaticis

317 1280 341 1344 f.
364 1281 400 1345 31
428 1287 535 1362 incipit
556 1302 609 1346 ars
630 1291 778 1348 consentit
798 1291 827 1348 a.
851 1289 878 1348 ἑ.
903 1289 942 1347 de
965 1289 1107 1363 partibas
1128 1288 1275 1347 arationis
1299 1278 1305 1366 l
1330 1283 1439 1342 Partes
1465 1281 1603 1341 orationis

316 1421 358 1432 -
381 1381 404 1444 f.
427 1382 495 1444 00*
520 1386 628 1460 sontes.
658 1392 761 1464 explic
790 1391 828 1449 de
860 1390 952 1452 aerbo
975 1385 981 1469 l
1007 1391 1052 1449 lle
1074 1390 1264 1464 pronomine.
1301 1385 1491 1445 Pronomina
1516 1383 1603 1456 penas

319 1491 405 1550 enias
425 1495 546 1548 nostras
568 1491 684 1550 ordinis
705 1497 820 1567 quotics
833 1497 912 1550 totns
936 1521 972 1533 -
996 1486 1021 1550 f.
1036 1486 1098 1550 61*
1120 1489 1165 1549 Be
1184 1489 1389 1548 interiectione
1408 1486 1533 1545 letaniis
1550 1483 1603 1541 tea
1712 1484 1713 1551 j

318 1591 549 1650 admirationem
571 1593 780 1666 respondentis
796 1609 842 1668 pp
864 1595 964 1651 animo
986 1593 1144 1652 metuentis
1158 1597 1226 1650 atat
1244 1592 1370 1650 nitentes
1391 1588 1476 1646 laha
1497 1592 1526 1644 et
1545 1586 1603 1644 cla·
1712 1606 1713 1669 3

317 1695 427 1752 maritis
455 1699 483 1751 ct
511 1695 675 1752 coercentis
702 1694 767 1752 ltem
797 1695 964 1768 aliqnando
991 1695 1173 1753 admirantis
1194 1693 1261 1752 hcm
1285 1693 1396 1764 finiant
1416 1689 1477 1748 hac
1493 1693 1602 1762 partes.
1712 1708 1713 1765 q

220 1834 224 1845 ι
316 1809 393 1852 nam
416 1791 646 1854 commentario
663 1789 703 1854 de
719 1790 821 1854 verbo
837 1790 977 1856 subiecti
999 1799 1077 1854 sunt
1090 1789 1209 1855 breves
1232 1796 1392 1854 tractatus
1415 1785 1457 1850 de
1478 1783 1603 1868 reliquis
1712 1778 1713 1829 3

281 1939 288 1952 .
317 1889 468 1976 pertibus
496 1891 650 1955 orationis
674 1891 744 1954 sine
772 1901 861 1956 certo
883 1913 994 1955 rerum
1015 1890 1130 1955 ordine
1152 1912 1194 1956 ex
1216 1889 1352 1954 aliorum
1374 1885 1604 1973 grammatico-

318 2011 391 2055 rum
414 1989 506 2056 libris
535 1989 664 2056 collecti
692 2003 725 2058 et
752 1993 964 2059 vitiosissime
991 1993 1116 2079 scripti.
1159 1991 1288 2078 inipso
1310 1985 1605 2055 autemOonseutIi

317 2089 402 2157 libro
425 2091 549 2178 aliquot
570 2093 769 2158 membranis
792 2094 922 2160 amissis
944 2095 1113 2181 perierunt
1134 2092 1230 2173 haec,
1251 2115 1286 2177 p.
1307 2091 1390 2156 2027
1413 2099 1448 2155 nt
1461 2094 1606 2170 pleraque

317 2199 429 2258 incerti
445 2201 567 2272 pencris
589 2231 630 2242 -
651 2217 684 2280 p.
699 2193 784 2259 2036
806 2203 944 2261 consistit
964 2207 1054 2274 atque
1070 2199 1267 2275 perspiciam.
1297 2201 1480 2278 sequuntur
1494 2187 1605 2254 demde

317 2295 341 2360 f.
365 2295 502 2359 02-07
527 2295 632 2379 Sergii
654 2297 908 2362 commentarius
930 2297 972 2361 de
993 2297 1105 2361 littera
1126 2305 1187 2360 ete.
1212 2294 1271 2379 (ef.
1292 2295 1359 2359 vol.
1380 2293 1431 2358 IV
1451 2291 1555 2378 prael.
1575 2313 1605 2377 p.

318 2395 500 2480 XLVIII),
530 2396 553 2460 f.
576 2397 732 2460 67*--71
762 2408 919 2483 excerpta
946 2396 987 2462 de
1014 2397 1222 2478 soloecismo,
1249 2395 1290 2460 de
1317 2396 1422 2481 tropis
1449 2403 1485 2459 et
1506 2401 1605 2456 meta-

316 2497 451 2583 plasmis
480 2497 538 2581 (el'.
561 2495 627 2563 vol.
650 2497 668 2561 I
695 2497 800 2584 praef.
830 2521 862 2584 p.
885 2497 1009 2562 XXIII
1031 2509 1064 2564 et
1084 2499 1150 2564 rol.
1173 2497 1206 2560 V
1234 2518 1266 2583 p.
1289 2496 1385 2581 327),
1406 2495 1433 2560 f.
1455 2493 1606 2560 lt-tt*

316 2599 538 2683 fragmentum
554 2601 775 2664 commentarii
791 2599 824 2663 in
840 2599 1016 2673 Donatum,
1041 2603 1158 2665 Titalns
1178 2604 1327 2678 sequentis
1343 2603 1506 2662 notaminis
1526 2601 1607 2661 narie

319 2707 349 2764 in
373 2707 501 2765 diuersis
522 2705 674 2766 codicibus
696 2707 847 2766 invenitur
866 2739 909 2751 -
931 2712 964 2766 ni
984 2705 1136 2766 martialis
1157 2705 1290 2765 dicemus
1307 2707 1385 2776 ficas
1406 2719 1485 2778 qnae
1505 2705 1607 2764 mimia

318 2809 348 2867 in
372 2808 482 2867 arbore
505 2810 607 2881 nasci,
632 2802 656 2866 f.
680 2802 837 2867 76-142
859 2804 955 2867 Pauli
982 2815 1139 2890 excerpta
1161 2826 1203 2867 ex
1224 2801 1318 2868 libris
1341 2801 1492 2886 Pompeii
1513 2801 1606 2879 Festi,

316 2902 340 2966 f.
366 2902 444 2967 142*
467 2926 537 2991 sqq.
563 2904 694 2969 Servati
714 2903 801 2990 Lupi
822 2905 863 2969 de
886 2904 992 2970 tribus
1013 2904 1261 2993 quaestionibus
1282 2901 1377 2969 liber.

402 3003 537 3069 Praeter
569 3004 629 3071 hos
662 3004 765 3071 libros
799 3026 900 3071 unum
933 3006 1101 3071 Consentii
1138 3004 1285 3071 codicem
1319 3026 1493 3091 superesse
1523 3004 1606 3083 novi,

317 3104 568 3192 Neapolitanum
584 3104 804 3172 bibliothecae
819 3107 928 3192 regiae
949 3106 999 3171 IV
1014 3108 1045 3171 A
1066 3108 1120 3189 34,
1142 3129 1239 3194 quem
1260 3107 1435 3192 descrIpsit
1454 3104 1607 3171 Ianellius

317 3207 413 3271 catal.
440 3205 589 3272 biblioth.
619 3230 702 3271 mus.
730 3206 873 3272 Borbon.
902 3231 934 3293 p.
957 3209 999 3275 25
1026 3208 1148 3273 ‘codex
1174 3208 1442 3273 membranaceus
1471 3205 1607 3273 infolio

317 3308 447 3373 saeculo
476 3307 528 3371 XI
550 3308 604 3373 vel
626 3306 695 3373 XII
724 3308 828 3374 nitide
855 3318 889 3373 et
915 3308 1069 3374 distincte
1092 3310 1266 3397 seriptus’‚
1288 3312 1334 3375 ib.
1357 3333 1388 3396 p.
1410 3309 1452 3373 27
1477 3316 1551 3374 ‘ars
1571 3308 1606 3371 P.

317 3408 503 3488 ConsentiI,
536 3430 633 3495 quam
665 3408 768 3474 habes
800 3410 834 3471 iu
863 3408 996 3494 Sylloge
1022 3409 1226 3475 Putschiana
1251 3434 1284 3497 p.
1312 3410 1406 3473 2018.
1435 3410 1471 3473 in
1499 3420 1607 3475 nostre

317 3509 431 3574 codiee
454 3508 568 3575 titulus
591 3510 779 3576 huiusmodi
801 3515 915 3589 Incipit
937 3531 990 3575 ars
1012 3514 1167 3576 Consentii
1194 3517 1227 3575 l'.
1251 3516 1283 3575 C.
1307 3518 1346 3575 dc
1365 3517 1489 3576 dantus
1504 3517 1608 3590 parti-

316 3616 369 3675 tas
397 3616 570 3675 orationis’.
608 3610 684 3675 olim
713 3620 822 3677 autem
850 3610 978 3677 codices
1007 3611 1177 3678 Consentii
1203 3611 1306 3676 luisse
1333 3613 1368 3675 in
1395 3611 1557 3678 Bobiensi
1577 3622 1609 3675 et

316 3712 351 3775 iu
373 3710 647 3777 Laureshameusi
670 3712 866 3777 monasterio
889 3721 1051 3778 testantur
1072 3721 1200 3779 veteres
1223 3712 1347 3778 indices
1369 3712 1522 3778 codicum
1541 3714 1610 3778 Bo-

315 3812 477 3877 hiensium
499 3813 586 3898 apud
609 3812 823 3878 Muratorium
846 3813 949 3900 antiq.
972 3813 1046 3879 Ital.
1069 3815 1134 3881 vol.
1151 3814 1204 3881 III
1226 3838 1259 3900 p.
1274 3814 1337 3879 820
1358 3814 1499 3880 ‘librum
1520 3815 1610 3879 Con-

317 3913 415 3978 sentii
437 3914 471 3977 l’
494 3936 525 3998 p.
542 3912 603 3976 821
628 3913 725 3977 ‘item
747 3913 788 3977 de
810 3913 904 4005 libris
920 3937 1001 4001 quos
1016 3916 1190 4001 Dungalus
1212 3918 1407 4002 praecipuus
1423 3916 1608 3982 Scottorum

316 4012 435 4079 obtulit
449 4012 640 4078 beatissimo
657 4011 860 4079 Columbano
877 4052 918 4061 -
935 4064 984 4079 ...
1007 4040 1072 4103 quo
1088 4018 1273 4083 continetur
1288 4016 1458 4082 Consentii
1480 4016 1572 4083 lib..
1589 4022 1608 4078 .'

238 4192 248 4199 ῃ
315 4137 347 4201 p.
371 4114 434 4180 822
458 4114 576 4179 ‘breve
599 4113 640 4178 de
662 4113 754 4181 libris
771 4114 937 4181 Theodori
957 4118 1144 4204 presbyteri
1165 4156 1206 4168 -
1228 4117 1312 4183 liber
1326 4118 1452 4183 Donati
1474 4119 1516 4183 de
1537 4140 1609 4181 ma-

314 4214 437 4279 ioribus
460 4224 492 4279 et
514 4214 695 4281 minoribus
717 4216 867 4300 partibus
891 4228 925 4283 et
946 4217 988 4283 de
1009 4218 1112 4303 glosis
1134 4242 1233 4306 super
1254 4221 1362 4306 ipsum
1384 4230 1418 4283 et
1440 4217 1609 4284 Consentii

314 4338 398 4381 unus
409 4323 429 4397 ²,
459 4326 492 4380 et
514 4316 663 4383 codicum
690 4316 1023 4383 Laureshamensium
1043 4320 1133 4407 apud
1152 4321 1277 4386 Maium
1299 4319 1403 4405 spicil.
1426 4322 1522 4386 Rom.
1543 4318 1608 4387 vol.

314 4416 345 4479 V
365 4439 398 4502 p.
423 4416 485 4481 190
506 4416 608 4483 ‘liber
629 4417 798 4483 Consentii
820 4418 862 4483 de
888 4422 1023 4486 nomine
1044 4430 1078 4485 et
1098 4422 1229 4487 verbo'.
1272 4421 1426 4488 diversus
1447 4423 1546 4488 etiam
1567 4423 1610 4487 ab

314 4516 354 4579 iis
384 4516 478 4581 libris
509 4540 646 4603 quorum
673 4518 752 4583 mihi
780 4518 875 4605 eopia
903 4520 993 4585 laeta
1018 4531 1070 4587 est
1096 4521 1228 4587 videtur
1254 4523 1359 4589 fuisse
1385 4524 1415 4588 is
1443 4546 1508 4610 quo
1529 4544 1609 4589 usus

315 4615 453 4681 Ioannes
481 4616 660 4684 Siehardus
688 4620 722 4685 in
750 4619 1000 4707 disciplinarum
1027 4622 1213 4688 liberalium
1240 4625 1321 4690 orbe
1349 4647 1380 4689 a.
1410 4624 1494 4689 1528
1520 4626 1609 4690 edito

314 4716 470 4782 maiorem
492 4728 619 4805 partem
641 4718 717 4786 libri
740 4721 782 4785 de
803 4724 933 4787 nomine
955 4732 989 4787 et
1010 4725 1111 4790 verbo
1133 4724 1298 4807 exhibuit,
1321 4726 1383 4789 l.3
1404 4730 1440 4789 P.
1456 4730 1612 4791 Consentii

315 4822 447 4882 Romani
470 4824 530 4883 viri
556 4827 718 4887 clarissimi
743 4829 781 4886 cle
807 4846 842 4886 re
870 4831 1076 4890 Grammaticis
1103 4830 1279 4891 treaimima
1306 4832 1464 4892 institutio.
1501 4830 1610 4892 Partes
