3525 5600
338 371 402 436 200
913 374 1065 436 vertenti

364 495 385 534 p.
399 481 488 522 234-37
502 480 524 520 L.

338 563 430 632 tiens,
460 560 511 622 sed
543 559 736 639 aliquatenus.
781 579 849 623 narn
874 557 879 643 Ι
903 581 973 625 εεεε
995 565 1091 643 posito
1113 565 1233 625 nomine
1255 563 1374 645 plenam
1397 564 1470 626 lucis
1492 564 1623 626 elocutio·
1706 562 1707 647 q

339 657 422 735 nem,
456 666 554 745 posito
587 664 763 743 pronomine
797 664 1003 744 semiplenam.
1047 665 1166 745 quando
1201 668 1280 726 enim
1312 667 1438 728 dicimus
1472 667 1625 746 ‘Vergilius
1706 652 1707 721 l

339 768 457 848 scripsit
479 763 642 835 bucolica',
672 768 775 843 etqui
802 769 841 827 sit
867 768 918 846 qni
943 769 1064 847 scripsit
1086 767 1207 848 etquid
1230 771 1269 829 sit
1290 769 1367 849 quod
1390 771 1511 850 scripsit
1530 778 1625 830 notum
1706 768 1707 791 l

309 851 313 863 ,
340 877 392 938 est,
417 876 446 929 ει
468 887 527 929 non
551 866 643 929 habes
665 868 744 948 quod
765 870 910 948 requiras.
956 872 982 930 si
1004 877 1102 930 autem
1126 871 1207 931 dicas
1229 871 1311 950 ‘ipse
1332 872 1452 950 scripsit
1473 873 1625 948 georgica’,
1706 856 1707 923 1

340 970 410 1051 quid
432 971 552 1051 scripsit
573 979 676 1032 notum
700 977 757 1041 est,
782 971 832 1050 qui
856 972 974 1051 scripsit
995 990 1056 1032 non
1079 979 1124 1032 est
1145 979 1259 1033 notum.
1305 972 1372 1033 ideo
1395 972 1526 1033 definivit
1546 972 1648 1051 ‘pro-⁵

340 1091 449 1134 nomen
478 1079 524 1134 est
550 1091 621 1154 pars
649 1074 805 1144 orationis,
834 1092 909 1153 quae
937 1075 1033 1153 posita
1055 1089 1110 1151 pro
1132 1076 1253 1135 nominc
1274 1076 1373 1134 miuus
1395 1073 1514 1154 quidem
1535 1072 1627 1154 plene,
1706 1058 1707 1101 3

339 1176 419 1237 idern
441 1184 541 1237 tamen
556 1177 730 1254 siguificat’.
760 1175 887 1236 diceudo
909 1179 981 1255 ‘pro
1002 1178 1122 1237 nourine
1144 1178 1256 1256 posita’
1281 1176 1411 1238 ostendit
1433 1177 1517 1254 iungi
1537 1177 1627 1237 officio

341 1280 482 1348 nominis;
507 1258 633 1340 dicendo
655 1279 770 1338 ‘minus
792 1278 912 1358 quidem
934 1277 1039 1358 plene'
1062 1279 1191 1340 ostendit
1211 1277 1338 1360 aliquam
1359 1278 1554 1340 differentiam
1570 1297 1628 1338 esse

340 1383 419 1442 inter
441 1398 550 1442 nomen
574 1387 603 1440 et
624 1398 800 1460 pronomen.

426 1481 600 1543 Pronomiui
623 1482 762 1544 accidunt
782 1482 856 1542 haec
878 1501 944 1554 sex,
968 1481 1092 1563 qualitas
1113 1501 1207 1562 genus
1228 1501 1371 1545 numerus
1392 1485 1487 1562 ligura
1509 1502 1628 1563 persone
1642 1503 1659 1538 n·
1706 1464 1707 1469 ἵ

223 1579 283 1660 435,
296 1597 329 1646 25
342 1603 436 1646 casus.
474 1582 598 1662 qualitas
620 1586 829 1663 pronominum
852 1586 1015 1646 secundum
1039 1587 1126 1646 istum
1150 1585 1327 1666 [Donatum]
1350 1589 1380 1645 in
1403 1586 1477 1646 duas
1499 1586 1630 1646 dividitur

343 1693 457 1766 partes,
481 1686 644 1748 secundum
668 1685 796 1747 Probum
819 1688 850 1746 in
873 1694 1027 1767 quattuor,
1051 1687 1213 1748 secundum
1238 1687 1312 1758 alios
1334 1688 1365 1747 in
1387 1686 1539 1767 plurimas.
1585 1687 1630 1746 sed
1706 1740 1707 1745 ,

343 1791 421 1850 scire
449 1788 540 1850 debes
568 1790 706 1866 qnoniam
736 1808 803 1850 vera
829 1797 873 1850 est
902 1789 1033 1850 delinitio
1056 1792 1141 1852 istius
1165 1788 1299 1870 [Donati]
1323 1798 1353 1850 ει
1375 1789 1473 1867 brevis
1496 1797 1525 1850 et
1546 1787 1630 1850 utilis.
1706 1814 1707 1861 ι

344 1895 370 1953 si
398 1893 477 1953 eninr
505 1893 666 1953 recesseris
694 1909 708 1951 e
738 1889 853 1952 duabus
880 1891 1029 1970 partibus,
1058 1891 1172 1952 facilius
1201 1899 1248 1952 est
1274 1898 1308 1953 ut
1334 1890 1514 1971 multiplices
1534 1890 1632 1951 credas

346 2013 433 2076 quam
457 2000 603 2070 quattuor.
633 1999 683 2054 aut
706 1991 779 2054 duas
801 1992 971 2063 credamus,
996 2013 1068 2073 quas
1090 1993 1164 2054 dixit
1185 1993 1326 2062 Donatus,
1350 2002 1400 2054 aut
1421 1992 1542 2062 multas,
1566 2011 1632 2071 quas
1643 2007 1662 2045 1⁵

346 2097 484 2157 dixerunt
512 2095 575 2165 alii,
607 2113 665 2155 non
694 2091 856 2173 quattuor,
886 2112 958 2174 quas
984 2095 1059 2155 dixit
1079 2094 1204 2156 Probus.
1249 2095 1315 2156 vide
1344 2113 1416 2174 ergo
1439 2094 1632 2155 definitionem
1706 2136 1707 2165 ,

346 2199 466 2260 Donati:
497 2198 538 2256 ait
564 2199 607 2258 sic
630 2195 775 2267 Donatus,
807 2198 923 2258 ‘omnia
952 2199 1129 2277 pronomina
1157 2205 1208 2257 aut
1228 2199 1311 2258 linita
1333 2206 1403 2259 sunt
1423 2205 1476 2258 eut
1496 2197 1631 2257 inlinita’.
1706 2180 1707 2229 i

346 2300 411 2360 vide
439 2306 468 2360 et
495 2298 614 2378 collige:
646 2301 720 2360 istae
748 2307 816 2360 sunt
844 2298 1031 2359 definitiones
1059 2297 1147 2368 duae,
1179 2318 1254 2378 quae
1281 2298 1456 2360 naturaliter
1484 2300 1558 2359 frunt
1586 2316 1634 2356 nee

347 2401 432 2464 aliter
459 2410 583 2480 possunt
610 2399 682 2472 dici,
716 2411 785 2480 puta
814 2403 912 2461 omnia
941 2403 1118 2481 pronomina
1146 2408 1195 2463 ant
1227 2403 1308 2464 finita
1338 2409 1407 2463 sunt
1439 2409 1491 2462 aut
1515 2401 1632 2460 infinita.
1706 2450 1707 2461 ,

346 2505 426 2568 unde
453 2503 509 2563 lroc
536 2497 663 2582 probas?
697 2522 817 2583 possunt
846 2503 924 2563 eninr
948 2521 1008 2563 non
1031 2502 1154 2564 credere
1178 2510 1207 2564 et
1228 2503 1328 2577 dicere
1351 2502 1408 2564 boc
1429 2501 1536 2562 ialsum
1559 2521 1664 2564 essem
1706 2552 1707 2563 ,

348 2607 383 2668 da
407 2606 628 2674 necessitatem,
653 2607 789 2683 quoniam
813 2607 876 2685 ipsa
900 2605 958 2666 duo
985 2604 1096 2666 liabent
1118 2625 1182 2666 csse
1205 2607 1395 2686 pronomina,
1418 2606 1499 2666 linita
1523 2613 1555 2666 et
1575 2605 1634 2663 inti·
1706 2604 1707 2667 ἶ

348 2711 418 2770 nita.
462 2709 542 2768 finita
566 2705 704 2767 dicuntur
727 2725 802 2785 quae
824 2709 973 2787 recipiunt
994 2723 1152 2786 personas,
1176 2707 1288 2768 infinita
1311 2705 1361 2767 illa
1383 2724 1459 2786 quae
1481 2723 1541 2767 non
1565 2706 1635 2766 reci·

348 2814 433 2894 piunt
454 2828 606 2891 personas.
653 2818 681 2869 et
709 2810 765 2871 hoc
792 2816 837 2870 est
860 2812 1019 2888 integrum.
1064 2828 1132 2869 nam
1155 2812 1181 2871 si
1203 2811 1283 2871 linita
1306 2818 1375 2869 sunt
1395 2809 1445 2869 illa
1467 2827 1544 2888 quae
1567 2810 1635 2868 reei-

348 2916 434 2995 piunt
451 2930 608 2994 personas,
632 2930 754 2972 necesse
778 2917 875 2971 estut
898 2912 995 2971 omnia
1012 2928 1088 2990 quae
1110 2930 1171 2972 nou
1194 2913 1342 2992 recipiunt
1362 2929 1506 2991 personas
1528 2912 1636 2971 inlinitc
1706 2933 1707 2972 ι

350 3018 417 3077 sint.
447 3024 476 3075 et
498 3015 644 3095 separavit
666 3031 766 3074 veram
789 3015 1003 3075 necessitatem.
1034 3012 1151 3088 Probus
1173 3021 1270 3075 autern
1293 3016 1333 3075 ita
1355 3013 1497 3081 delinivit,
1521 3014 1666 3073 ‘munias
1706 3019 1707 3040 ³

350 3119 526 3199 pronomina
553 3123 604 3177 aut
629 3116 710 3177 finita
739 3121 807 3176 sunt
836 3122 886 3174 aut
912 3116 1025 3176 infinita
1047 3117 1217 3177 autminus
1240 3134 1326 3195 quarn
1349 3116 1430 3176 linita
1452 3123 1636 3193 autposses·
1706 3145 1707 3160 ι

351 3222 439 3281 siva'.
485 3218 617 3280 seduna
640 3236 710 3297 pars
732 3235 800 3277 vera
825 3224 869 3277 est
890 3216 966 3285 sola,
990 3235 1047 3297 qua
1069 3216 1142 3276 dixit
1168 3218 1250 3279 finita
1272 3236 1337 3279 esse
1359 3219 1552 3296 pronomina;
1576 3214 1637 3276 illae
1706 3255 1707 3264 ι

351 3331 411 3383 tres
433 3328 533 3402 partes
556 3321 677 3381 infinitis
698 3318 852 3380 accedunt.
888 3339 948 3399 qno
969 3319 1077 3381 ruodo?
1099 3336 1169 3379 narn
1191 3336 1288 3398 neque
1310 3321 1424 3380 intinito
1447 3317 1554 3379 accidit
1575 3336 1637 3397 per·
1706 3337 1707 3370 t

351 3442 436 3492 sona,
466 3440 563 3501 neque
591 3424 689 3483 minus
712 3440 797 3503 quam
828 3422 910 3482 linito
934 3420 1039 3482 accidit
1060 3439 1197 3503 persona.
1235 3440 1306 3499 crgo
1329 3419 1398 3503 quid
1423 3420 1427 3492 Ι
1452 3439 1526 3500 opus
1548 3421 1639 3480 irrorat

350 3526 582 3587 subdivisionem
612 3543 739 3605 ponere,
768 3542 836 3585 curn
865 3531 965 3603 partes
998 3523 1148 3583 divisionis
1175 3531 1301 3603 poneret
1328 3521 1375 3603 [ut
1407 3522 1582 3583 divisionem
1613 3528 1669 3579 ets»
1706 3533 1707 3536 ’

350 3627 578 3689 subdivisionem
602 3624 761 3706 poneret]?
785 3624 861 3686 bene
885 3625 941 3686 lroc
964 3626 1035 3687 lecit
1049 3626 1194 3693 Donatus;
1217 3626 1272 3685 iste
1295 3632 1394 3685 autem
1416 3643 1505 3685 unam
1528 3630 1638 3703 partem

354 3765 526 3773 ---—------
560 3766 621 3771 -.—-
632 3764 655 3771 .-

424 3833 435 3882 l
455 3830 517 3881 iacit
532 3830 613 3881 ABG
663 3832 679 3879 2
698 3830 811 3879 dicemus
830 3831 854 3879 A
913 3830 929 3880 3
950 3831 1035 3894 etqui
1054 3828 1135 3893 (quod
1154 3831 1178 3879 A
1197 3844 1265 3879 corr.
1285 3830 1326 3893 qni
1342 3828 1374 3893 c)
1392 3830 1425 3878 sit
1441 3837 1465 3878 et
1481 3828 1524 3892 qui
1542 3826 1640 3891 scripsit

352 3902 497 3967 (scripserit
516 3916 584 3951 corr.
608 3900 711 3965 scripsit
730 3898 769 3963 Β)
790 3910 814 3949 ει
839 3900 900 3963 quid
931 3902 963 3948 sit
986 3901 1054 3964 qnod
1079 3902 1182 3963 scripsit
1211 3899 1356 3965 (scripserit
1378 3898 1464 3962 nea)
1491 3907 1578 3946 notum
1605 3904 1640 3943 eat

352 3972 437 4022 ABG
478 3974 480 3983 ¹
505 3972 582 4033 bqui
603 3970 704 4034 scripsit
723 3984 771 4019 nou
793 3976 831 4017 est
848 3979 935 4018 notum
954 3970 979 4017 A
997 3970 1054 4033 quis
1072 3979 1110 4018 est
1128 3971 1170 4031 qui
1187 3971 1317 4033 scripserit
1341 3984 1389 4019 nou
1409 3976 1447 4018 est
1465 3978 1553 4017 uotum
1571 3966 1641 4016 BCo

423 4040 538 4090 defininit
554 4040 579 4090 A
603 4039 691 4089 defluit
709 4038 755 4089 Ba
778 4038 866 4088 delinit
885 4040 919 4087 itu
939 4040 975 4090 C:
997 4046 1104 4090 ceterum
1126 4055 1176 4089 uon
1197 4040 1290 4088 Dooetr'
1313 4040 1376 4088 doec
1398 4039 1509 4102 definitio
1527 4046 1577 4091 est,
1599 4035 1642 4084 scd

353 4110 434 4163 Probi
450 4112 529 4161 instit.
544 4118 592 4160 art.
609 4126 637 4173 p.
653 4108 711 4171 131,
725 4110 751 4159 ⁴2.
766 4112 808 4174 qui
825 4111 873 4158 nisi
887 4124 962 4161 error
975 4118 1013 4160 est
1024 4112 1188 4173 prammntict',
1205 4110 1333 4170 suspicari
1346 4112 1431 4174 pocpir
1441 4122 1521 4170 cupra
1541 4104 1597 4163 lss,
1610 4103 1641 4153 32

353 4190 411 4248 post
432 4183 466 4229 nit
483 4181 596 4231 Donatus
618 4179 699 4229 Probi
715 4195 799 4229 nomen
817 4180 943 4229 eaerr'diase
1014 4180 1029 4227 7
1055 4179 1138 4228 oliveio
1160 4180 1271 4228 nominis
1298 4180 1446 4244 pronomine
1468 4176 1588 4242 (pronoin
1605 4172 1641 4231 Bi

355 4252 462 4301 diceudo
482 4250 568 4300 ABG
636 4250 666 4299 11
683 4249 757 4300 istum
772 4250 897 4299 Donatum
916 4251 980 4299 Bo:
999 4250 1122 4298 Domuum
1136 4264 1182 4298 om.
1202 4248 1253 4297 Ao
1305 4246 1476 4312 terrosum]
1496 4248 1641 4296 territare.

352 4338 378 4387 p.
399 4320 459 4381 131,
475 4322 508 4371 25
579 4318 612 4369 lo
630 4318 738 4371 uidesG
807 4318 840 4369 18
857 4319 917 4368 uide
933 4319 1073 4383 collegitA
1142 4316 1314 4368 duaeBOc*
1333 4319 1436 4368 diuinae
1453 4317 1478 4365 A
1547 4318 1640 4364 trion

355 4392 480 4457 recipiunt
497 4390 569 4439 Buce
583 4404 629 4437 uec
647 4390 769 4455 recipiunt
785 4391 810 4439 A
881 4390 915 4441 23
933 4399 957 4439 et
977 4389 1025 4438 lroc
1043 4398 1081 4439 est
1099 4390 1225 4453 integrum
1244 4402 1300 4435 nnnr
1321 4389 1343 4439 si
1358 4388 1428 4437 fluite
1445 4396 1504 4435 suut
1521 4385 1564 4434 illu
1580 4400 1642 4447 quae

357 4462 481 4527 recipiunt
505 4472 628 4525 personas
653 4474 758 4509 necesse
782 4469 820 4511 est
838 4459 894 4507 AB
918 4471 941 4507 et
961 4459 1008 4507 boc
1026 4470 1064 4509 est
1082 4460 1208 4522 integrum
1228 4473 1285 4506 tram
1308 4459 1330 4509 si
1349 4458 1419 4506 linita
1438 4464 1497 4507 sunt
1518 4456 1561 4504 illo
1581 4469 1642 4515 quae

356 4532 482 4595 recipiunt
505 4543 627 4595 personas
654 4538 691 4579 est
721 4528 767 4579 hoc
792 4533 918 4595 integrunt
945 4544 1003 4577 num
1029 4529 1051 4578 si
1073 4528 1143 4577 linita
1160 4535 1219 4575 sont
1235 4526 1278 4575 illa
1297 4542 1362 4590 qnae
1380 4528 1505 4593 recipiunt
1523 4538 1642 4589 personas

356 4602 492 4666 (personas
510 4616 555 4653 orn.
577 4598 605 4659 b)
623 4614 727 4649 necesse
746 4608 784 4649 εει
804 4600 863 4651 Gab
936 4602 969 4648 24
987 4606 1014 4647 ιιι
1032 4599 1130 4661 οηι.Ἀ,
1148 4599 1211 4650 add.
1232 4614 1249 4645 a
1318 4598 1353 4649 26
1371 4608 1414 4647 mu
1437 4596 1534 4645 infinita
1547 4610 1593 4646 om.
1610 4595 1641 4649 A,

356 4672 416 4725 aeid.
438 4686 454 4719 α
523 4672 557 4719 ⁶27
576 4684 627 4719 nnc
640 4670 784 4735 pnrsBCo
804 4685 853 4719 nnc
867 4684 914 4734 per
930 4683 957 4717 se
973 4669 997 4717 A
1048 4685 1098 4731 qna
1117 4668 1168 4718 BC
1185 4668 1282 4731 quisA
1352 4667 1385 4718 28
1402 4666 1508 4715 inlinitis
1525 4666 1643 4715 accedunt

359 4741 542 4790 Lindemannus
560 4740 586 4789 in
606 4740 707 4787 infinitis
722 4740 845 4789 accedunt
862 4736 914 4788 AG
930 4740 954 4787 in
975 4737 1082 4788 infinitis
1100 4738 1217 4787 accidunt
1237 4738 1280 4787 Bc
1348 4737 1447 4788 aceedit
1465 4734 1545 4785 ABG
1610 4731 1643 4781 29

359 4810 451 4859 occidit
470 4811 495 4860 B
513 4809 609 4859 secedit
627 4810 690 4858 AC:
711 4812 767 4860 item
783 4825 811 4872 p.
829 4809 879 4859 201
899 4809 998 4858 accedit
1014 4815 1061 4862 etc.
1080 4816 1226 4861 concremer
1243 4806 1326 4859 ABG
1342 4809 1456 4871 exceptis
1470 4809 1565 4868 paoem,
1580 4817 1644 4869 qnae

359 4880 427 4943 infra
446 4880 557 4930 indicata
576 4885 632 4928 scut
