3525 5600
280 423 284 432 '
322 407 389 473 306.
895 409 1049 472 ponenti

348 531 370 574 p.
383 518 473 560 roser
488 517 510 559 a.

323 615 427 660 navem
452 599 455 678 l
481 605 530 658 aut
552 617 567 658 a
590 600 656 659 navi
680 597 715 658 ad
738 595 880 668 volatum,
903 599 979 658 istae
1001 599 1173 677 reciprocae
1194 605 1272 658 suut.
1318 596 1410 657 hahes
1432 597 1463 656 iu
1485 597 1603 675 Vergiho

322 707 479 777 utramque
496 697 717 760 translationem
733 700 826 779 ipsius
843 699 989 760 thematis.
1018 699 1116 760 volare
1138 700 1259 780 proprie
1274 700 1370 760 avium
1387 705 1440 768 est,
1465 708 1496 759 ct
1517 707 1604 761 nans·

323 801 389 863 tulit
410 802 446 862 ad
469 799 548 875 vele;
571 818 641 862 ecoe
664 800 700 862 ad
723 819 811 862 naves
833 801 904 862 lecit
925 803 1165 880 conparationem
1190 800 1227 860 ab
1242 800 1354 864 avibus.
1384 801 1442 862 alio
1464 800 1529 862 loco
1542 803 1603 862 item

323 921 338 963 a
362 902 485 964 uarihus
507 901 657 964 transtulit
679 902 716 962 ad
738 922 818 974 aves,
843 907 949 964 ‘nare
971 923 1036 982 per
1058 911 1237 964 aestatem
1259 902 1464 983 liquidam’,
1488 921 1554 963 curo
1573 903 1604 963 dc

323 1004 428 1086 apibus
452 1004 617 1068 volantibus
640 1005 821 1086 loqueretur.
854 1023 927 1066 nare
950 1013 995 1066 est
1015 1013 1130 1074 natare,
1155 1004 1234 1082 quod
1257 1023 1327 1066 vero
1350 1014 1395 1066 est
1416 1006 1509 1064 navh.
1541 1006 1625 1066 istaes

323 1109 495 1187 reciprocae
524 1115 608 1178 sunt,
637 1109 773 1186 quotiens
801 1127 834 1168 se
863 1109 1038 1186 respiciunt.
1082 1109 1175 1187 partis
1203 1109 1291 1169 unius
1312 1115 1394 1178 sunt,
1418 1109 1556 1184 quotiens
1574 1107 1605 1166 ah
1710 1102 1711 1143 ³

322 1227 380 1270 una
403 1219 487 1290 parte
509 1209 730 1278 transierimus,
750 1209 787 1270 ab
803 1227 860 1270 una
877 1227 946 1270 vero
969 1228 1029 1270 nou
1051 1227 1219 1290 possumus.
1248 1208 1391 1270 habemus
1410 1211 1441 1269 in
1458 1207 1606 1270 ltiloniaua

236 1327 243 1340 ²
323 1311 488 1392 ‘quidem
517 1320 667 1372 ceteras
694 1318 939 1392 tempestates
967 1320 1002 1372 ot
1029 1310 1223 1391 procellas
1249 1313 1286 1371 in
1313 1311 1394 1372 illis
1427 1311 1607 1372 dumtaxat
1710 1332 1711 1399 Q

323 1408 505 1475 lluctibus
532 1416 749 1476 contionum
779 1433 924 1494 semper
951 1416 1077 1493 putavi
1104 1412 1232 1475 Miloni
1261 1431 1343 1474 esse
1375 1411 1606 1473 suheuudas'.
1710 1424 1711 1473 t

323 1523 513 1596 tempestates
540 1514 684 1595 procellas
713 1515 833 1586 linctus,
863 1523 958 1578 totum
987 1515 1043 1576 hoc
1070 1517 1161 1576 maris
1188 1525 1247 1586 est,
1276 1523 1307 1576 et
1328 1513 1480 1576 transtulit
1500 1514 1537 1574 ad
1558 1517 1637 1574 rimu

322 1617 425 1699 populi
448 1626 478 1678 et
499 1617 667 1679 seditiones.
714 1637 730 1678 e
759 1620 910 1678 contrario
941 1637 1001 1678 uon
1024 1635 1180 1696 possumus
1201 1636 1314 1697 ponere
1336 1635 1352 1677 a
1375 1616 1486 1696 populo
1508 1617 1544 1676 ad
1564 1635 1607 1696 pe·
1710 1618 1711 1695 l

324 1719 416 1798 lngus
448 1719 590 1799 numquid
613 1721 693 1780 enim
716 1737 871 1800 possumus
894 1719 994 1780 dicere
1017 1718 1101 1780 ‘talis
1123 1727 1286 1799 tempestas
1308 1718 1410 1798 populi
1432 1719 1500 1787 luit,
1525 1717 1608 1798 qualis
1710 1706 1711 1797 l

324 1821 431 1883 seditio
454 1822 580 1882 maris’?
604 1829 702 1882 tamen
725 1821 835 1882 Statius
857 1821 980 1882 demens
1002 1821 1076 1882 dixit
1096 1821 1273 1883 seditionem
1297 1819 1391 1900 [rogi]
1414 1823 1514 1881 maris

409 1921 595 1986 Catachresis
618 1932 662 1986 est
684 1925 836 2003 usurpatio
859 1922 949 1983 alieni
972 1925 1113 1992 nominis;
1138 1924 1177 1983 ita
1201 1922 1320 1984 delinita
1337 1931 1393 1983 est.
1422 1930 1495 2001 puta
1517 1922 1608 1982 neseio

325 2027 374 2103 qui
398 2024 489 2086 illium
511 2043 595 2086 suom
619 2024 741 2094 occidit,
765 2025 872 2086 dicitur
895 2025 1059 2104 parricida;
1084 2027 1186 2085 nescio
1209 2027 1258 2104 qni
1281 2031 1408 2086 matrem
1433 2043 1516 2084 suam
1538 2025 1639 2083 occi-u
1710 2024 1711 2115 p

324 2128 382 2196 dit,
406 2127 514 2188 dicitur
535 2126 699 2207 parricida;
722 2144 872 2196 sororem,
897 2126 1006 2188 dicitur
1027 2127 1175 2206 parricida
1199 2123 1364 2207 [usurpatio
1388 2135 1434 2186 est
1455 2127 1544 2187 alieni
1564 2144 1610 2185 uo·
1710 2118 1711 2209 l

325 2227 434 2310 ntinisl.
480 2247 658 2309 quamquam
687 2227 813 2290 voluerit
841 2229 945 2290 Cicero
973 2229 1073 2292 iacere
1099 2228 1325 2290 discretionem:
1363 2227 1489 2307 halhetis
1515 2229 1546 2288 in
1567 2227 1609 2288 illa
1710 2218 1711 2267 l

325 2332 458 2392 oratione
474 2330 614 2391 dedomo
630 2349 683 2392 sua
707 2330 922 2391 ‘matricida
945 2329 1144 2391 fratricida
1167 2331 1409 2392 sororicida’.
1440 2347 1609 2410 quamquam
1710 2326 1711 2387 J

325 2442 355 2494 et
377 2435 504 2496 maiores
527 2434 620 2494 nostri
643 2431 800 2494 voluerunt
827 2431 907 2494 aliud
932 2450 998 2493 csse
1025 2432 1213 2512 parricidam.
1244 2431 1407 2510 [parricida
1430 2439 1475 2492 est
1495 2433 1545 2510 qui
1564 2450 1610 2511 pa·
1710 2420 1711 2477 l

325 2546 441 2597 rentem
457 2534 574 2596 occidit.
606 2551 673 2594 nam
696 2534 807 2595 idcirco
830 2533 941 2594 dictum
965 2541 1011 2594 est
1032 2535 1071 2595 ita
1087 2533 1184 2594 addita
1207 2553 1265 2594 una
1286 2533 1385 2595 littera
1407 2553 1437 2604 r,
1460 2533 1641 2613 parricidam

325 2637 405 2718 quod
433 2646 586 2717 parentem
615 2635 791 2717 interimat]
836 2635 913 2715 apud
947 2637 1075 2697 maiores
1102 2637 1179 2696 enim
1207 2643 1325 2697 nostros
1358 2635 1520 2696 homicidas
1547 2653 1611 2695 raro

325 2740 451 2819 legistis,
482 2737 645 2819 parricidas
673 2745 772 2800 autem
799 2756 927 2819 semper.
970 2736 1081 2798 idcirco
1104 2739 1191 2801 etiam
1214 2737 1378 2818 parricidas
1400 2740 1511 2818 patriae
1533 2755 1611 2797 voca·

326 2862 392 2903 mus
414 2844 463 2923 qui
487 2842 567 2902 rives
589 2842 774 2903 interimunt.
812 2842 956 2919 piscinam
979 2840 1119 2912 dicimus,
1144 2840 1193 2901 ubi
1216 2843 1312 2921 pisces
1333 2858 1393 2901 non
1417 2850 1495 2901 stant.
1532 2858 1611 2900 usur·
1710 2875 1711 2878 =

326 2946 405 3025 patio
435 2952 481 3003 est
509 2942 597 3003 alieni
625 2943 760 3003 nominis.
806 2941 880 3003 haec
909 2944 988 3004 onim
1019 2961 1068 3004 res
1101 2942 1229 3004 alienum
1258 2961 1366 3004 nomen
1397 2942 1500 3012 hahet,
1531 2960 1609 3002 snum
1710 2987 1711 3016 ,

325 3044 506 3107 nonhabet.
1621 3058 1643 3097 aa
1710 3065 1711 3128 t

411 3147 609 3226 hletalempsis
625 3155 669 3207 est
692 3166 720 3206 e.
744 3148 798 3206 iste
815 3154 920 3225 tropus
936 3144 1179 3223 frequentabatur
1194 3146 1272 3225 apud
1287 3155 1401 3226 poetas.
1419 3146 1611 3225 metalempsis

327 3248 434 3309 dicitur
456 3266 593 3311 accessus
616 3248 734 3333 quidam
757 3248 902 3325 gradatim
924 3250 1101 3327 perveniens
1124 3248 1159 3308 ad
1183 3251 1288 3318 tinem,
1317 3248 1370 3309 sed
1394 3247 1484 3327 longo
1504 3248 1609 3314 ordine,
1710 3229 1711 3232 ¹

329 3360 361 3411 ut
383 3354 409 3410 si
431 3351 511 3411 diras

480 3460 562 3533 post
583 3451 731 3530 aliquot
753 3470 828 3513 mea
852 3470 963 3530 regua
986 3452 1113 3513 videns
1135 3452 1300 3514 mirahor
1322 3453 1468 3514 aristas

327 3573 380 3635 por
409 3555 514 3615 aristas
543 3560 659 3632 segetes
688 3555 845 3632 signiticat,
876 3574 931 3634 per
957 3563 1074 3633 segetes
1101 3563 1242 3625 aestates,
1276 3573 1330 3633 per
1357 3562 1483 3616 aestates
1508 3567 1642 3620 annosus
1710 3535 1711 3608 l

328 3674 399 3734 orgo
423 3663 491 3735 post
514 3654 625 3735 aliquot
647 3656 765 3723 aristas,
789 3655 819 3715 id
843 3664 889 3716 est
911 3665 978 3736 post
999 3656 1110 3736 aliquot
1131 3674 1233 3717 anuos.
1279 3654 1479 3735 metalempsis
1500 3655 1606 3722 dieitur,
1710 3681 1711 3692 κ

326 3758 404 3837 quod
434 3756 578 3835 gradatim
606 3758 796 3836 pervenimus
824 3756 858 3817 ad
887 3756 1012 3834 aliquid,
1042 3775 1130 3837 quem
1152 3756 1190 3817 ad
1213 3756 1332 3819 modum
1355 3758 1427 3818 item
1450 3756 1540 3819 hahes
1558 3756 1607 3817 alio

328 3858 393 3920 loeo
416 3857 628 3937 ‘speluncis
650 3856 797 3917 ahdidit
819 3860 942 3918 atris’.
987 3878 1041 3938 per
1063 3868 1141 3919 atras
1167 3858 1326 3938 speluncas
1349 3858 1560 3927 tenebricosos,
1581 3858 1606 3916 id

397 4100 413 4147 2
433 4094 528 4164 volere]
550 4099 586 4160 cf.
603 4098 674 4146 Sero.
696 4098 720 4145 iu
740 4097 819 4161 Verp.
839 4098 906 4148 Aen.
928 4099 936 4145 l
955 4097 1005 4148 224
1026 4112 1096 4147 mare
1114 4096 1251 4148 velivolum
1304 4097 1372 4147 lad
1390 4112 1453 4147 aues
1472 4105 1554 4146 testare
1569 4110 1607 4159 per

328 4182 387 4217 uera
406 4178 492 4217 nutare
510 4178 547 4217 ost
564 4176 668 4217 usturue
686 4182 750 4230 quae
769 4182 828 4216 uero
847 4176 886 4217 ost
906 4167 1021 4216 nartisP
1077 4181 1138 4217 nare
1174 4168 1355 4231 Verppeorp.
1375 4168 1421 4217 llll
1439 4166 1473 4217 59
1525 4169 1606 4217 hoare

328 4236 525 4288 rtuatareBS
594 4236 840 4301 dserecipiuutP
925 4236 981 4285 'iio
1001 4237 1139 4286 Miloniana
1171 4236 1229 4296 zo
1307 4236 1551 4299 SquidemomP

332 4308 361 4359 13
378 4306 484 4374 Statius]
515 4306 591 4360 Their.
611 4308 678 4357 Vllll
702 4307 752 4357 lta
777 4306 902 4356 seditione
919 4308 995 4356 maris
1066 4306 1121 4371 rogi
1138 4321 1183 4354 om.
1197 4306 1236 4369 B,
1255 4305 1345 4358 addi)
1418 4304 1607 4357 laceratores

328 4386 366 4429 est
385 4379 518 4442 usurpatio
533 4378 558 4427 Ρ
573 4376 726 4427 catachresis
745 4376 836 4426 dicitur
852 4376 1026 4443 usurpatio¹C
1042 4374 1195 4425 catachresis
1209 4376 1340 4439 trsurpetio
1354 4374 1405 4425 BS
1458 4376 1490 4425 15
1508 4374 1607 4441 paricida

327 4483 506 4532 comtaaterc
572 4480 818 4531 tsorauontsnm
836 4457 1131 4539 oratiouedomusth:
1150 4481 1201 4529 Cio.
1221 4481 1343 4532 dedomo
1359 4482 1464 4542 aroald,
1483 4479 1516 4529 26
1581 4476 1608 4527 ltt

328 4552 437 4601 maiores
454 4552 532 4602 nostri
552 4550 587 4599 P:
608 4550 686 4600 nostri
702 4566 748 4603 om.
764 4548 840 4600 BOS
910 4550 1051 4599 aliudesse
1069 4550 1220 4615 parricidam
1240 4550 1279 4600 ct
1297 4550 1365 4598 aliod
1384 4564 1442 4600 esse
1460 4544 1609 4615 parricidal'

328 4622 397 4671 aliud
416 4637 473 4672 esse
493 4620 654 4687 parricidium
669 4618 719 4669 BS
772 4620 814 4683 qui
831 4631 958 4685 parentem
977 4622 1068 4670 occidit
1082 4635 1139 4669 rtem
1157 4622 1183 4669 P
1198 4621 1241 4683 qui
1257 4628 1353 4684 patrem
1374 4621 1467 4669 occidit
1484 4621 1531 4669 iam
1544 4613 1608 4667 BGS

397 4690 431 4741 20
450 4692 543 4741 idcireo
567 4691 659 4740 dicitur
682 4690 795 4756 parricida
814 4693 848 4739 itu
868 4690 952 4739 addita
978 4704 1027 4739 tino
1046 4691 1129 4740 littera
1147 4706 1160 4739 r
1178 4690 1245 4753 quod
1265 4689 1286 4739 0
1354 4690 1386 4739 at
1408 4688 1546 4739 homicidas
1563 4684 1610 4734 BP

329 4760 477 4810 homocidas
496 4760 542 4811 OS
593 4762 626 4811 24
645 4775 735 4810 nomeu
756 4760 832 4809 hahet
849 4758 887 4824 (et
902 4760 963 4812 add.
980 4759 1013 4822 0)
1031 4775 1106 4809 suitur
1122 4774 1172 4809 non
1191 4759 1266 4807 hebet
1280 4759 1319 4808 (lh
1337 4775 1428 4808 nomeu
1441 4760 1527 4808 habuit
1544 4770 1610 4806 surim

329 4845 379 4879 uon
398 4830 549 4880 hahuitBS
566 4844 655 4879 nomeu
676 4830 764 4879 hahuit
780 4844 853 4880 ouum
876 4844 927 4879 nou
950 4829 1022 4879 lrabot
1045 4831 1068 4880 Ρ
1136 4828 1170 4879 29
1184 4828 1250 4895 post]
1274 4831 1354 4895 Verp.
1373 4830 1453 4881 hunul.
1471 4831 1501 4893 l,
1517 4828 1549 4877 to

329 4898 362 4947 33
384 4897 524 4967 speluncis]
550 4902 627 4967 Very.
644 4901 709 4951 Aen.
726 4900 732 4947 l
748 4898 783 4948 tto
