3525 5600
336 361 401 426 610
894 361 1075 426 Mutuum!

363 484 384 526 p.
398 475 456 515 erm.
469 473 495 514 ιι
510 471 531 513 r.

335 560 456 633 praeter
482 553 531 614 illa
557 553 693 632 quaein
720 570 757 630 μι
785 559 909 621 exeunt,
939 545 1125 630 ἐποιούμην
1153 547 1289 628 ἐποιοῦ,
1319 544 1493 630 ἐτιμοέμηυ
1516 545 1617 630 ἐιιμιό,

337 650 529 735 ἐδηλούμηυ
551 650 687 733 έδηλοῦ,
710 648 877 732 ἐλεγόμηυ
900 647 1032 731 ἐλέγου.

420 756 463 817 lle
489 758 623 836 perlecto
649 763 680 817 et
705 755 997 836 plusquamperfecto
1023 755 1158 836 passivis.
1204 756 1370 834 perlectum
1402 758 1530 816 activum
1551 756 1619 834 qnod

336 863 367 921 in
395 877 438 920 κα
457 859 581 928 desinit,
610 858 635 918 si
656 857 798 918 habuerit
824 857 1037 937 paenultimam
1060 865 1164 918 natura
1187 857 1315 935 longam,
1345 857 1490 918 transfert
1512 857 1619 918 finden

334 961 478 1041 syllabam
504 963 537 1022 in
563 967 683 1041 pue-et
703 960 776 1020 iacit
796 960 834 1021 de
860 979 893 1022 se
915 963 1074 1040 passivum,
1097 955 1244 1040 νευόηκα
1265 954 1445 1039 υενόημαι,
1473 957 1639 1040 τετίμηιιαη

334 1061 518 1144 τετίμημαι,
541 1057 740 1141 κεχρύσωιια
754 1057 979 1142 κεχρύσωμαι.
1002 1065 1116 1123 sivero
1137 1062 1319 1143 paenultima
1342 1061 1444 1122 brem
1458 1063 1507 1131 sit,
1528 1059 1620 1142 σίγμα

334 1165 509 1245 superaddit
530 1165 651 1226 ultimae
675 1161 803 1244 (oportet
823 1166 904 1226 enim
926 1165 1137 1245 paenultimam
1159 1167 1191 1226 in
1224 1165 1280 1226 boo
1294 1172 1430 1245 tempore
1452 1171 1504 1226 aut
1525 1173 1620 1224 namra

334 1275 386 1328 ant
406 1268 554 1348 positione
575 1265 692 1344 longam
714 1265 801 1345 fieri),
824 1261 980 1328 τετέλεκα
1001 1263 1204 1349 τετέλεσμαι,
1231 1265 1395 1346 papatum
1416 1259 1620 1346 μεγέλασμαι,

333 1359 440 1450 ἥροκα
464 1362 620 1450 ἥροσμαι.
665 1367 795 1448 deniqne
822 1375 853 1428 et
881 1370 1017 1430 inserta
1047 1368 1131 1430 verbi
1153 1369 1298 1450 barytoni,
1321 1371 1392 1450 quia
1422 1368 1573 1430 interdum
1594 1369 1619 1428 in

334 1471 384 1536 illa
406 1472 613 1551 paranimenos
634 1470 724 1532 babet
744 1469 958 1550 paenultimam
980 1470 1105 1548 longam,
1129 1471 1279 1533 interdum
1299 1471 1430 1540 brevem,
1460 1469 1511 1530 ubi
1541 1471 1618 1547 longa
1631 1495 1650 1532 n

335 1582 390 1643 ast,
412 1579 527 1634 tanturn
548 1579 643 1633 mutat
664 1591 707 1632 κα
724 1573 756 1632 in
777 1592 854 1653 μαι,
877 1571 929 1633 ubi
947 1589 1016 1632 vero
1032 1572 1131 1633 brevis
1154 1580 1208 1642 est,
1232 1573 1313 1634 addit
1334 1579 1365 1632 et
1387 1570 1500 1652 σίγμα,
1522 1573 1621 1649 θερυ-
1722 1571 1723 1646 l

230 1676 234 1683 '
334 1669 427 1737 παύω
455 1668 689 1754 τεθεράπευκα
715 1670 981 1754 τεθεράπευμαι,
1009 1670 1165 1754 obeundo)
1195 1672 1317 1754 έσβεκα
1350 1671 1527 1754 έσβεσμαι,
1561 1668 1622 1746 ξύει

256 1759 270 1777 '
334 1774 436 1853 ἔξυκα
456 1773 605 1857 ἔξυσμαι.
640 1771 765 1837 λέλυκα
786 1784 885 1838 antem
910 1772 1050 1856 λέλυμαι
1072 1785 1102 1836 et
1123 1771 1252 1838 τέθυκα
1277 1773 1422 1856 τέθυμαι
1443 1794 1502 1836 nun
1524 1784 1623 1836 carent

333 1881 421 1950 vitio,
451 1881 530 1960 qnia,
554 1898 622 1940 cum
643 1879 745 1939 brevis
764 1881 804 1940 sit
825 1890 895 1946 υ,σ
916 1897 975 1940 non
998 1881 1158 1958 recipiunt.
1197 1875 1273 1940 'sane
1304 1880 1336 1939 in
1364 1861 1518 1957 barytonis
1542 1879 1622 1938 tertia

334 1982 519 2060 coniugatio,
549 1989 580 2043 et
602 1999 670 2042 oum
697 1981 909 2061 paenultimam
938 1981 1055 2060 longam
1082 1979 1205 2049 babeat,
1237 1989 1335 2042 tamen
1365 1978 1486 2040 adhibet
1514 1977 1653 2057 dippum
1723 2057 1724 2070 χ

334 2079 475 2146 πέπεικα
489 2077 677 2163 πέπεισμαι.
708 2100 784 2162 quae
800 2084 831 2144 in
846 2103 896 2162 φα
912 2081 1052 2144 desinunt
1066 2083 1111 2143 val
1130 2081 1133 2139 ἒ
1150 2101 1225 2162 quae
1242 2090 1309 2143 ante
1324 2100 1345 2142 α
1360 2079 1470 2143 babent
1483 2099 1540 2160 γκ,
1557 2081 1624 2140 baec

335 2178 391 2246 διὰ
412 2178 477 2246 δύο
500 2184 548 2265 μῦ
575 2186 607 2245 in
635 2186 752 2265 passivo
773 2187 1018 2264 pronuntiantur,
1042 2181 1169 2265 τέτυφα
1195 2181 1372 2264 τέτυμμαι;
1401 2201 1476 2263 quae
1504 2201 1577 2242 rem
1597 2183 1623 2241 in

334 2306 393 2366 χα,
423 2294 578 2348 transeunt
604 2289 635 2346 in
664 2305 761 2368 γμαι,
789 2283 914 2366 υέυυχα
936 2281 1114 2368 νέυυμμαι,
1137 2281 1290 2366 πέπληχα
1316 2279 1514 2366 πέπληγμαι.
1562 2303 1623 2344 oum

335 2396 402 2450 ante
425 2389 558 2450 ultimam
581 2387 723 2468 syllabam
745 2396 796 2450 ant
818 2407 838 2468 ρ
860 2397 910 2450 aut
932 2389 951 2450 λ
974 2391 1135 2468 reperitur,
1159 2407 1201 2448 κα
1225 2389 1331 2448 transit
1352 2391 1383 2449 in
1404 2406 1475 2468 μαι,
1496 2384 1624 2460 lunden

334 2490 494 2572 έψαλμαι,
517 2485 665 2570 κέκαρκα
686 2486 862 2572 κέκαρμαι.
896 2491 977 2552 idem
999 2498 1117 2552 servant
1139 2497 1170 2551 et
1191 2488 1282 2549 verba
1304 2507 1380 2570 qnae
1401 2491 1433 2550 in
1455 2491 1554 2569 prima
1575 2507 1655 2568 poa
1724 2519 1725 2550 r

334 2595 442 2655 sitione
464 2613 486 2654 υ
507 2592 619 2653 babent
639 2595 671 2653 in
693 2593 797 2654 ultima
818 2592 940 2673 syllaba,
964 2591 1070 2673 κρίναι
1092 2587 1231 2671 κέκρικα
1246 2586 1419 2672 κέκριμαι,
1433 2587 1553 2651 πλύνει
1569 2583 1623 2652 πέ-

334 2695 447 2756 πλυκα
473 2687 653 2775 πέπλυμαι.
688 2685 972 2775 ὖπερσυυτελικός
1000 2675 1109 2774 passivi
1138 2695 1259 2772 generis
1287 2694 1323 2754 de
1351 2695 1543 2774 paracimeno
1574 2711 1622 2752 sno

262 2850 269 2863 .
335 2800 476 2859 nascitur.
520 2797 571 2859 ille
598 2800 678 2860 enirn
706 2798 854 2878 incipiens
880 2818 897 2859 a
926 2797 1019 2860 vocali
1048 2800 1079 2859 in
1108 2817 1150 2878 ηυ
1179 2800 1339 2859 terminum
1366 2803 1459 2858 mutat
1485 2804 1516 2857 et
1550 2795 1623 2855 bunc

335 2900 435 2969 efficit,
458 2896 631 2979 ἐφθαρμαι
653 2894 846 2981 ε’φθέρμηυ,
868 2894 1010 2982 ἥττημαι
1032 2893 1189 2981 ἡττήμην.
1222 2906 1251 2961 at
1273 2900 1298 2959 si
1326 2898 1376 2959 ille
1397 2901 1496 2979 coepit
1517 2918 1535 2958 a
1557 2916 1624 2957 con·

231 3034 238 3051 ·
309 2978 467 3071 'sonantb
496 3000 546 3061 bio
568 3008 688 3081 praeter
709 3004 777 3063 linis
798 3005 992 3064 mutationem
1015 3020 1103 3083 qnam
1125 3001 1254 3062 diximus
1280 3001 1370 3061 etiam
1392 3000 1522 3061 vocalem
1544 3000 1656 3080 prin-s
1725 3008 1726 3019 ¹

334 3105 415 3183 cipio
435 3120 490 3163 suo
512 3102 643 3172 adbibot,
666 3103 847 3185 πεποίημαι
870 3099 1089 3186 ἐπεποιήμην,
1116 3098 1270 3184 λέλεγμαι
1298 3096 1492 3183 ἑλελέγμηυ.

418 3204 461 3265 lie
488 3206 589 3266 lutum
617 3207 744 3285 passivo.
793 3204 974 3286 paenultima
1008 3206 1119 3287 syllaba
1146 3205 1223 3286 apud
1251 3204 1379 3267 Graecos
1412 3205 1507 3265 luturi
1539 3204 1624 3263 activi

335 3312 441 3387 quarta
462 3306 495 3366 tlt
522 3324 539 3366 a
566 3308 624 3368 bne
646 3310 771 3386 passivi,
799 3302 912 3388 υοήσω
935 3302 1161 3389 νοηθησομαι,
1184 3302 1387 3385 θεραπεύσω
1408 3300 1624 3385 θεραπευθέ-

218 3475 227 3485 ,
335 3422 452 3488 οομαι,
475 3402 586 3471 ἐλάσαι
614 3405 856 3491 ἐλασθήσομαι.
903 3410 1032 3471 secttnda
1060 3428 1187 3490 persona
1215 3412 1313 3470 minor
1335 3408 1446 3489 syllaba
1475 3410 1508 3469 lit
1538 3426 1624 3487 quam

335 3512 445 3591 prima,
481 3506 713 3592 λαληθήσομαι
746 3507 948 3593 λαληθήσει,
981 3508 1207 3593 τιμηθήσομαι
1234 3506 1422 3592 τιμηθήσει.
1475 3510 1523 3571 illa
1555 3526 1655 3569 veron

335 3612 451 3692 species
478 3614 600 3691 propria
628 3614 808 3675 Graecorum
836 3621 896 3683 est,
925 3613 1003 3693 quod
1037 3614 1148 3675 babent
1169 3614 1201 3675 in
1222 3630 1332 3691 genere
1354 3614 1474 3693 passivo
1495 3614 1624 3673 laturum

330 3712 414 3793 bned
443 3732 507 3774 rem
534 3715 681 3791 signifieat
706 3733 765 3775 non
795 3716 888 3777 multo
910 3722 978 3795 post
1000 3716 1052 3777 sed
1075 3734 1141 3775 mox
1164 3716 1310 3783 laturam,
1343 3721 1376 3774 ut
1403 3709 1624 3794 πεποιησομαι

334 3811 555 3896 γεγράψομαι.
600 3814 657 3875 boo
684 3824 783 3877 antem
817 3824 934 3896 tempus
956 3836 993 3877 ex
1015 3818 1151 3897 perlecto
1180 3815 1314 3877 eiusdem
1340 3817 1463 3893 generis
1484 3816 1623 3875 nascitur.

335 3920 459 3979 insertis
479 3921 558 3979 enim
581 3919 729 3979 secundae
744 3936 889 3998 personae
911 3919 1037 3999 perlenti
1054 3918 1169 3979 duabus
1187 3918 1306 3987 litteris
1329 3914 1420 3978 exod
1434 3937 1470 3998 μ,
1492 3917 1623 3977 laturum

335 4018 524 4100 paulopost,
547 4019 625 4100 qnod
648 4022 770 4081 atticum
793 4027 923 4091 vocatur,
947 4022 1088 4091 efficitur,
1112 4020 1291 4100 πεποίησαι
1312 4014 1545 4099 πεποιήσομαι,
1568 4012 1656 4095 γε’-υ

334 4129 461 4202 γραψαι
487 4116 707 4204 γεγράψομαι.
747 4141 803 4183 neo
830 4122 867 4183 ab
896 4142 928 4183 re
951 4130 1016 4183 erat
1038 4120 1124 4202 paulo
1146 4130 1214 4203 post
1236 4123 1367 4183 lntnrum
1391 4140 1428 4181 ex
1450 4118 1534 4200 paulo
1556 4126 1623 4179 ante

334 4230 485 4286 transacto
506 4231 640 4305 tempore
662 4227 825 4305 procreari.
863 4226 1056 4286 inveniuntur
1079 4223 1269 4285 huiusmodi
1292 4232 1427 4303 tempora
1449 4224 1572 4300 figurata
1595 4229 1623 4280 et

335 4344 371 4387 ax
393 4325 494 4387 verbis
523 4328 553 4386 in
583 4345 610 4386 ω
632 4326 819 4396 exeuntibus,
842 4335 876 4388 nt
897 4334 944 4387 est
966 4322 1164 4407 δεδοικήσιυ,
1187 4324 1265 4406 qnod
1288 4326 1443 4405 proprium
1466 4326 1622 4403 Syracusa·

334 4446 441 4489 norum
463 4436 517 4498 est,
540 4434 569 4487 et
585 4420 734 4508 taddeo,
757 4438 789 4491 nt
814 4429 891 4510 apud
908 4428 1082 4491 llraoontem
1106 4420 1206 4507 ‘airoip
1223 4422 1279 4489 καλ
1293 4424 1387 4508 δῶρα
1402 4420 1622 4507 dedaleum,

334 4532 418 4609 quasi
441 4529 527 4610 paulo
549 4514 615 4610 post
636 4529 782 4591 dabimus.
1632 4544 1655 4585 ιο

403 4718 436 4767 10
451 4716 618 4781 perioimenos
634 4717 660 4767 P
727 4718 758 4767 12
777 4710 879 4781 ἐσβεκα
895 4732 914 4779 p
931 4714 1036 4781 εσβηκα
1050 4718 1074 4765 P
1142 4720 1172 4767 13
1185 4716 1320 4779 λελυπμαι
1333 4716 1358 4765 Ρ
1425 4716 1456 4767 m
1468 4728 1522 4763 euna
1534 4712 1620 4761 breuis

335 4798 354 4835 υ
371 4799 388 4835 ο
405 4798 455 4833 non
472 4784 561 4849 recipit
571 4785 597 4833 P
665 4786 697 4835 ta
708 4784 838 4849 πεπληιια
850 4784 876 4833 P
942 4788 974 4835 21
992 4784 1138 4835 πεπλευπα
1151 4786 1176 4837 Ρ
1242 4784 1403 4835 stautai?
1467 4786 1498 4834 at
1510 4780 1587 4831 babet
1599 4780 1622 4831 Ρ

403 4854 435 4911 31
448 4862 561 4923 tempore
574 4854 598 4905 P
664 4856 698 4908 39
715 4853 855 4904 Draconem
874 4852 982 4905 Ζιιιπὶιιι
