<?xml version="1.0" encoding="UTF-8"?>
<!DOCTYPE html PUBLIC "-//W3C//DTD XHTML 1.0 Transitional//EN"
    "http://www.w3.org/TR/xhtml1/DTD/xhtml1-transitional.dtd">
<html xmlns="http://www.w3.org/1999/xhtml" xml:lang="en" lang="en">
 <head>
  <title>
</title>
<meta http-equiv="Content-Type" content="text/html;charset=utf-8" />
  <meta name='ocr-system' content='tesseract 3.04.00' />
  <meta name='ocr-capabilities' content='ocr_page ocr_carea ocr_par ocr_line ocrx_word'/>
</head>
<body>
  <div class='ocr_page' id='page_1' title='image "./grammaticilatin03hagagoog_0385.png"; bbox 0 0 3525 5600; ppageno 0'>
   <div class='ocr_carea' id='block_1_1' title="bbox 760 379 1442 446">
    <p class='ocr_par' dir='ltr' id='par_1_1' title="bbox 760 379 1442 446">
     <span class='ocr_line' id='line_1_1' title="bbox 760 379 1442 446; baseline 0.003 -2"><span class='ocrx_word' id='word_1_1' title='bbox 760 381 831 444; x_wconf 76' lang='lat' dir='ltr'>ARS</span> <span class='ocrx_word' id='word_1_2' title='bbox 1379 379 1442 446; x_wconf 74' lang='lat'>373</span> 
     </span>
    </p>
   </div>
   <div class='ocr_carea' id='block_1_2' title="bbox 170 491 1441 649">
    <p class='ocr_par' dir='ltr' id='par_1_2' title="bbox 170 491 1441 649">
     <span class='ocr_line' id='line_1_2' title="bbox 1249 491 1417 544; baseline -0.018 -10"><span class='ocrx_word' id='word_1_3' title='bbox 1249 491 1417 544; x_wconf 55' lang='lat' dir='ltr'>puidam.</span> 
     </span>
     <span class='ocr_line' id='line_1_3' title="bbox 170 568 1441 649; baseline 0.002 -19"><span class='ocrx_word' id='word_1_4' title='bbox 170 571 292 648; x_wconf 84' lang='lat' dir='ltr'>agris’;</span> <span class='ocrx_word' id='word_1_5' title='bbox 321 570 393 630; x_wconf 90' lang='lat' dir='ltr'>item</span> <span class='ocrx_word' id='word_1_6' title='bbox 422 568 581 631; x_wconf 77' lang='lat' dir='ltr'>Terentius</span> <span class='ocrx_word' id='word_1_7' title='bbox 609 570 819 649; x_wconf 79' lang='lat' dir='ltr'>‘perquem</span> <span class='ocrx_word' id='word_1_8' title='bbox 842 573 1284 649; x_wconf 85' lang='lat' dir='ltr'>resgereturmaxime&#39;.</span> <span class='ocrx_word' id='word_1_9' title='bbox 1328 580 1441 633; x_wconf 90' lang='lat' dir='ltr'>utrum·</span> 
     </span>
    </p>
   </div>
   <div class='ocr_carea' id='block_1_3' title="bbox 136 670 1443 3710">
    <p class='ocr_par' dir='ltr' id='par_1_3' title="bbox 137 670 1443 2568">
     <span class='ocr_line' id='line_1_4' title="bbox 170 670 1441 753; baseline 0.002 -21"><span class='ocrx_word' id='word_1_10' title='bbox 170 691 219 753; x_wconf 82' lang='lat' dir='ltr'>que</span> <span class='ocrx_word' id='word_1_11' title='bbox 238 670 359 732; x_wconf 85' lang='lat' dir='ltr'>verbum</span> <span class='ocrx_word' id='word_1_12' title='bbox 382 672 570 750; x_wconf 87' lang='lat' dir='ltr'>inpersonale</span> <span class='ocrx_word' id='word_1_13' title='bbox 593 679 653 741; x_wconf 87' lang='lat' dir='ltr'>est,</span> <span class='ocrx_word' id='word_1_14' title='bbox 678 671 803 732; x_wconf 88' lang='lat' dir='ltr'>alterum</span> <span class='ocrx_word' id='word_1_15' title='bbox 825 676 993 752; x_wconf 87' lang='lat' dir='ltr'>praesentis</span> <span class='ocrx_word' id='word_1_16' title='bbox 1016 676 1174 753; x_wconf 86' lang='lat' dir='ltr'>temporis,</span> <span class='ocrx_word' id='word_1_17' title='bbox 1196 676 1290 735; x_wconf 89' lang='lat' dir='ltr'>iuturi</span> <span class='ocrx_word' id='word_1_18' title='bbox 1305 674 1441 734; x_wconf 86' lang='lat' dir='ltr'>alterum.</span> 
     </span>
     <span class='ocr_line' id='line_1_5' title="bbox 170 773 1443 856; baseline 0 -22"><span class='ocrx_word' id='word_1_19' title='bbox 170 774 214 834; x_wconf 89' lang='lat' dir='ltr'>sed</span> <span class='ocrx_word' id='word_1_20' title='bbox 234 774 318 834; x_wconf 87' lang='lat' dir='ltr'>huius</span> <span class='ocrx_word' id='word_1_21' title='bbox 346 775 392 833; x_wconf 90' lang='lat' dir='ltr'>rei</span> <span class='ocrx_word' id='word_1_22' title='bbox 420 773 604 834; x_wconf 88' lang='lat' dir='ltr'>intellectum</span> <span class='ocrx_word' id='word_1_23' title='bbox 626 774 788 835; x_wconf 81' lang='lat' dir='ltr'>videamus.</span> <span class='ocrx_word' id='word_1_24' title='bbox 832 776 911 854; x_wconf 84' lang='lat' dir='ltr'>quod</span> <span class='ocrx_word' id='word_1_25' title='bbox 934 779 976 836; x_wconf 91' lang='lat' dir='ltr'>ait</span> <span class='ocrx_word' id='word_1_26' title='bbox 997 775 1156 837; x_wconf 79' lang='lat' dir='ltr'>Terentius</span> <span class='ocrx_word' id='word_1_27' title='bbox 1178 778 1251 856; x_wconf 76' lang='lat' dir='ltr'>‘per</span> <span class='ocrx_word' id='word_1_28' title='bbox 1277 795 1366 855; x_wconf 87' lang='lat' dir='ltr'>quern</span> <span class='ocrx_word' id='word_1_29' title='bbox 1394 793 1443 835; x_wconf 89' lang='lat' dir='ltr'>res</span> 
     </span>
     <span class='ocr_line' id='line_1_6' title="bbox 169 876 1442 956; baseline 0.002 -20"><span class='ocrx_word' id='word_1_30' title='bbox 169 883 277 954; x_wconf 88' lang='lat' dir='ltr'>geretur</span> <span class='ocrx_word' id='word_1_31' title='bbox 298 878 454 946; x_wconf 84' lang='lat' dir='ltr'>maxime&#39;,</span> <span class='ocrx_word' id='word_1_32' title='bbox 483 877 634 938; x_wconf 88' lang='lat' dir='ltr'>videamus</span> <span class='ocrx_word' id='word_1_33' title='bbox 661 876 732 956; x_wconf 88' lang='lat' dir='ltr'>quid</span> <span class='ocrx_word' id='word_1_34' title='bbox 761 876 886 946; x_wconf 84' lang='lat' dir='ltr'>dixerit,</span> <span class='ocrx_word' id='word_1_35' title='bbox 915 884 1037 954; x_wconf 77' lang='lat' dir='ltr'>geretur</span> <span class='ocrx_word' id='word_1_36' title='bbox 1064 885 1164 938; x_wconf 75' lang='lat' dir='ltr'>unum</span> <span class='ocrx_word' id='word_1_37' title='bbox 1187 879 1323 945; x_wconf 89' lang='lat' dir='ltr'>adrem,</span> <span class='ocrx_word' id='word_1_38' title='bbox 1347 879 1442 938; x_wconf 89' lang='lat' dir='ltr'>anad</span> 
     </span>
     <span class='ocr_line' id='line_1_7' title="bbox 148 978 1443 1059; baseline 0.002 -23"><span class='ocrx_word' id='word_1_39' title='bbox 148 978 364 1038; x_wconf 81' lang='lat' dir='ltr'>⁵Phorrnionem</span> <span class='ocrx_word' id='word_1_40' title='bbox 393 978 582 1039; x_wconf 80' lang='lat' dir='ltr'>referendum</span> <span class='ocrx_word' id='word_1_41' title='bbox 611 981 665 1038; x_wconf 87' lang='lat' dir='ltr'>sit:</span> <span class='ocrx_word' id='word_1_42' title='bbox 696 981 721 1038; x_wconf 93' lang='lat' dir='ltr'>si</span> <span class='ocrx_word' id='word_1_43' title='bbox 745 979 780 1038; x_wconf 88' lang='lat' dir='ltr'>ad</span> <span class='ocrx_word' id='word_1_44' title='bbox 803 978 1027 1046; x_wconf 89' lang='lat' dir='ltr'>Phormionem,</span> <span class='ocrx_word' id='word_1_45' title='bbox 1051 982 1102 1059; x_wconf 90' lang='lat' dir='ltr'>qui</span> <span class='ocrx_word' id='word_1_46' title='bbox 1125 987 1245 1040; x_wconf 88' lang='lat' dir='ltr'>acturus</span> <span class='ocrx_word' id='word_1_47' title='bbox 1267 988 1326 1049; x_wconf 91' lang='lat' dir='ltr'>est,</span> <span class='ocrx_word' id='word_1_48' title='bbox 1349 997 1443 1057; x_wconf 89' lang='lat' dir='ltr'>genus</span> 
     </span>
     <span class='ocr_line' id='line_1_8' title="bbox 168 1077 1443 1159; baseline 0.001 -20"><span class='ocrx_word' id='word_1_49' title='bbox 168 1088 206 1140; x_wconf 84' lang='lat' dir='ltr'>cst</span> <span class='ocrx_word' id='word_1_50' title='bbox 231 1081 415 1159; x_wconf 90' lang='lat' dir='ltr'>inpersonale</span> <span class='ocrx_word' id='word_1_51' title='bbox 445 1082 529 1144; x_wconf 89' lang='lat' dir='ltr'>verbi</span> <span class='ocrx_word' id='word_1_52' title='bbox 557 1081 594 1142; x_wconf 88' lang='lat' dir='ltr'>ab</span> <span class='ocrx_word' id='word_1_53' title='bbox 621 1077 719 1141; x_wconf 86' lang='lat' dir='ltr'>&#39;activo</span> <span class='ocrx_word' id='word_1_54' title='bbox 746 1080 847 1149; x_wconf 88' lang='lat' dir='ltr'>modo,</span> <span class='ocrx_word' id='word_1_55' title='bbox 877 1080 907 1141; x_wconf 89' lang='lat' dir='ltr'>id</span> <span class='ocrx_word' id='word_1_56' title='bbox 936 1088 982 1141; x_wconf 88' lang='lat' dir='ltr'>est</span> <span class='ocrx_word' id='word_1_57' title='bbox 1009 1102 1025 1142; x_wconf 92' lang='lat' dir='ltr'>a</span> <span class='ocrx_word' id='word_1_58' title='bbox 1052 1099 1124 1159; x_wconf 90' lang='lat' dir='ltr'>gero</span> <span class='ocrx_word' id='word_1_59' title='bbox 1145 1084 1260 1158; x_wconf 77' lang='lat' dir='ltr'>geritur</span> <span class='ocrx_word' id='word_1_60' title='bbox 1281 1081 1443 1159; x_wconf 77' lang='lat' dir='ltr'>gerebatur</span> 
     </span>
     <span class='ocr_line' id='line_1_9' title="bbox 167 1181 1441 1263; baseline 0.001 -22"><span class='ocrx_word' id='word_1_61' title='bbox 167 1187 270 1259; x_wconf 87' lang='lat' dir='ltr'>gestum</span> <span class='ocrx_word' id='word_1_62' title='bbox 303 1189 349 1242; x_wconf 88' lang='lat' dir='ltr'>est</span> <span class='ocrx_word' id='word_1_63' title='bbox 377 1191 493 1260; x_wconf 90' lang='lat' dir='ltr'>gestum</span> <span class='ocrx_word' id='word_1_64' title='bbox 521 1189 585 1244; x_wconf 87' lang='lat' dir='ltr'>erat</span> <span class='ocrx_word' id='word_1_65' title='bbox 612 1191 750 1259; x_wconf 88' lang='lat' dir='ltr'>geretur;</span> <span class='ocrx_word' id='word_1_66' title='bbox 781 1184 805 1242; x_wconf 89' lang='lat' dir='ltr'>si</span> <span class='ocrx_word' id='word_1_67' title='bbox 829 1181 951 1243; x_wconf 87' lang='lat' dir='ltr'>adrem</span> <span class='ocrx_word' id='word_1_68' title='bbox 973 1201 1027 1244; x_wconf 90' lang='lat' dir='ltr'>nos</span> <span class='ocrx_word' id='word_1_69' title='bbox 1050 1184 1141 1243; x_wconf 85' lang='lat' dir='ltr'>trahit</span> <span class='ocrx_word' id='word_1_70' title='bbox 1161 1182 1343 1252; x_wconf 88' lang='lat' dir='ltr'>intellectus,</span> <span class='ocrx_word' id='word_1_71' title='bbox 1367 1201 1441 1263; x_wconf 86' lang='lat' dir='ltr'>quae</span> 
     </span>
     <span class='ocr_line' id='line_1_10' title="bbox 168 1283 1443 1364; baseline 0.002 -22"><span class='ocrx_word' id='word_1_72' title='bbox 168 1283 286 1361; x_wconf 87' lang='lat' dir='ltr'>gerenda</span> <span class='ocrx_word' id='word_1_73' title='bbox 309 1291 371 1352; x_wconf 88' lang='lat' dir='ltr'>est,</span> <span class='ocrx_word' id='word_1_74' title='bbox 396 1287 454 1345; x_wconf 91' lang='lat' dir='ltr'>erit</span> <span class='ocrx_word' id='word_1_75' title='bbox 476 1287 625 1364; x_wconf 84' lang='lat' dir='ltr'>passivum</span> <span class='ocrx_word' id='word_1_76' title='bbox 648 1283 771 1344; x_wconf 88' lang='lat' dir='ltr'>verbum</span> <span class='ocrx_word' id='word_1_77' title='bbox 794 1284 948 1344; x_wconf 79' lang='lat' dir='ltr'>indicativi</span> <span class='ocrx_word' id='word_1_78' title='bbox 971 1287 1074 1354; x_wconf 88' lang='lat' dir='ltr'>luturi,</span> <span class='ocrx_word' id='word_1_79' title='bbox 1097 1285 1129 1345; x_wconf 93' lang='lat' dir='ltr'>id</span> <span class='ocrx_word' id='word_1_80' title='bbox 1151 1291 1197 1346; x_wconf 90' lang='lat' dir='ltr'>est</span> <span class='ocrx_word' id='word_1_81' title='bbox 1217 1297 1306 1363; x_wconf 83' lang='lat' dir='ltr'>germ</span> <span class='ocrx_word' id='word_1_82' title='bbox 1327 1287 1443 1363; x_wconf 88' lang='lat' dir='ltr'>gereris</span> 
     </span>
     <span class='ocr_line' id='line_1_11' title="bbox 167 1383 1443 1466; baseline 0 -20"><span class='ocrx_word' id='word_1_83' title='bbox 167 1394 284 1463; x_wconf 82' lang='lat' dir='ltr'>geretur.</span> <span class='ocrx_word' id='word_1_84' title='bbox 329 1384 420 1446; x_wconf 86' lang='lat' dir='ltr'>simili</span> <span class='ocrx_word' id='word_1_85' title='bbox 449 1388 562 1448; x_wconf 89' lang='lat' dir='ltr'>rationo</span> <span class='ocrx_word' id='word_1_86' title='bbox 592 1383 785 1446; x_wconf 90' lang='lat' dir='ltr'>discutiamus</span> <span class='ocrx_word' id='word_1_87' title='bbox 813 1393 843 1446; x_wconf 87' lang='lat' dir='ltr'>et</span> <span class='ocrx_word' id='word_1_88' title='bbox 870 1405 936 1446; x_wconf 89' lang='lat' dir='ltr'>earn</span> <span class='ocrx_word' id='word_1_89' title='bbox 964 1389 1227 1463; x_wconf 82' lang='lat' dir='ltr'>significationem,</span> <span class='ocrx_word' id='word_1_90' title='bbox 1256 1405 1344 1466; x_wconf 81' lang='lat' dir='ltr'>quam</span> <span class='ocrx_word' id='word_1_91' title='bbox 1366 1388 1443 1447; x_wconf 82' lang='lat' dir='ltr'>dixit</span> 
     </span>
     <span class='ocr_line' id='line_1_12' title="bbox 138 1487 1443 1568; baseline 0.002 -24"><span class='ocrx_word' id='word_1_92' title='bbox 138 1488 312 1564; x_wconf 78' lang='lat' dir='ltr'>uvirgdius,</span> <span class='ocrx_word' id='word_1_93' title='bbox 347 1491 460 1568; x_wconf 72' lang='lat' dir='ltr'>&#39;usque</span> <span class='ocrx_word' id='word_1_94' title='bbox 493 1489 566 1548; x_wconf 88' lang='lat' dir='ltr'>adeo</span> <span class='ocrx_word' id='word_1_95' title='bbox 597 1487 736 1548; x_wconf 88' lang='lat' dir='ltr'>turbatur</span> <span class='ocrx_word' id='word_1_96' title='bbox 770 1489 876 1565; x_wconf 85' lang='lat' dir='ltr'>agris’‚</span> <span class='ocrx_word' id='word_1_97' title='bbox 911 1496 941 1548; x_wconf 91' lang='lat' dir='ltr'>et</span> <span class='ocrx_word' id='word_1_98' title='bbox 972 1488 1043 1568; x_wconf 76' lang='lat' dir='ltr'>quiid</span> <span class='ocrx_word' id='word_1_99' title='bbox 1077 1491 1125 1548; x_wconf 90' lang='lat' dir='ltr'>cui</span> <span class='ocrx_word' id='word_1_100' title='bbox 1159 1488 1302 1567; x_wconf 85' lang='lat' dir='ltr'>adplicari</span> <span class='ocrx_word' id='word_1_101' title='bbox 1335 1488 1443 1549; x_wconf 86' lang='lat' dir='ltr'>debeat</span> 
     </span>
     <span class='ocr_line' id='line_1_13' title="bbox 167 1589 1441 1670; baseline 0.001 -20"><span class='ocrx_word' id='word_1_102' title='bbox 167 1590 368 1650; x_wconf 87' lang='lat' dir='ltr'>discernamus.</span> <span class='ocrx_word' id='word_1_103' title='bbox 413 1609 448 1652; x_wconf 85' lang='lat' dir='ltr'>ex</span> <span class='ocrx_word' id='word_1_104' title='bbox 471 1590 527 1650; x_wconf 92' lang='lat' dir='ltr'>hoc</span> <span class='ocrx_word' id='word_1_105' title='bbox 549 1589 670 1669; x_wconf 88' lang='lat' dir='ltr'>quidem</span> <span class='ocrx_word' id='word_1_106' title='bbox 693 1589 894 1666; x_wconf 85' lang='lat' dir='ltr'>intellegimus</span> <span class='ocrx_word' id='word_1_107' title='bbox 920 1589 1095 1670; x_wconf 82' lang='lat' dir='ltr'>plerumque</span> <span class='ocrx_word' id='word_1_108' title='bbox 1117 1602 1328 1652; x_wconf 86' lang='lat' dir='ltr'>concurrentes</span> <span class='ocrx_word' id='word_1_109' title='bbox 1350 1593 1441 1668; x_wconf 87' lang='lat' dir='ltr'>signi·</span> 
     </span>
     <span class='ocr_line' id='line_1_14' title="bbox 166 1691 1440 1770; baseline 0 -18"><span class='ocrx_word' id='word_1_110' title='bbox 166 1694 257 1752; x_wconf 76' lang='lat' dir='ltr'>fucatus</span> <span class='ocrx_word' id='word_1_111' title='bbox 284 1691 357 1752; x_wconf 86' lang='lat' dir='ltr'>duas</span> <span class='ocrx_word' id='word_1_112' title='bbox 385 1691 495 1769; x_wconf 86' lang='lat' dir='ltr'>figuras</span> <span class='ocrx_word' id='word_1_113' title='bbox 523 1691 682 1761; x_wconf 85' lang='lat' dir='ltr'>exhibere,</span> <span class='ocrx_word' id='word_1_114' title='bbox 713 1693 860 1770; x_wconf 82' lang='lat' dir='ltr'>passivam</span> <span class='ocrx_word' id='word_1_115' title='bbox 888 1700 919 1750; x_wconf 87' lang='lat' dir='ltr'>et</span> <span class='ocrx_word' id='word_1_116' title='bbox 946 1693 1080 1752; x_wconf 88' lang='lat' dir='ltr'>activam.</span> <span class='ocrx_word' id='word_1_117' title='bbox 1125 1692 1204 1752; x_wconf 91' lang='lat' dir='ltr'>aliud</span> <span class='ocrx_word' id='word_1_118' title='bbox 1232 1701 1331 1752; x_wconf 89' lang='lat' dir='ltr'>autern</span> <span class='ocrx_word' id='word_1_119' title='bbox 1353 1701 1440 1760; x_wconf 87' lang='lat' dir='ltr'>esset,</span> 
     </span>
     <span class='ocr_line' id='line_1_15' title="bbox 166 1793 1441 1873; baseline 0.001 -20"><span class='ocrx_word' id='word_1_120' title='bbox 166 1796 185 1853; x_wconf 89' lang='lat' dir='ltr'>si</span> <span class='ocrx_word' id='word_1_121' title='bbox 211 1799 258 1854; x_wconf 88' lang='lat' dir='ltr'>aut</span> <span class='ocrx_word' id='word_1_122' title='bbox 290 1793 340 1854; x_wconf 89' lang='lat' dir='ltr'>ille</span> <span class='ocrx_word' id='word_1_123' title='bbox 369 1811 428 1854; x_wconf 94' lang='lat' dir='ltr'>non</span> <span class='ocrx_word' id='word_1_124' title='bbox 457 1793 615 1854; x_wconf 87' lang='lat' dir='ltr'>adiecisset</span> <span class='ocrx_word' id='word_1_125' title='bbox 642 1813 691 1855; x_wconf 91' lang='lat' dir='ltr'>res</span> <span class='ocrx_word' id='word_1_126' title='bbox 719 1801 770 1854; x_wconf 90' lang='lat' dir='ltr'>aut</span> <span class='ocrx_word' id='word_1_127' title='bbox 791 1793 841 1854; x_wconf 93' lang='lat' dir='ltr'>ille</span> <span class='ocrx_word' id='word_1_128' title='bbox 863 1796 953 1871; x_wconf 88' lang='lat' dir='ltr'>agris.</span> <span class='ocrx_word' id='word_1_129' title='bbox 998 1794 1070 1854; x_wconf 90' lang='lat' dir='ltr'>haec</span> <span class='ocrx_word' id='word_1_130' title='bbox 1098 1794 1207 1873; x_wconf 83' lang='lat' dir='ltr'>duplex</span> <span class='ocrx_word' id='word_1_131' title='bbox 1239 1794 1441 1872; x_wconf 89' lang='lat' dir='ltr'>intellegentia</span> 
     </span>
     <span class='ocr_line' id='line_1_16' title="bbox 165 1895 1440 1972; baseline 0.002 -18"><span class='ocrx_word' id='word_1_132' title='bbox 165 1899 245 1956; x_wconf 87' lang='lat' dir='ltr'>etiam</span> <span class='ocrx_word' id='word_1_133' title='bbox 271 1898 301 1956; x_wconf 93' lang='lat' dir='ltr'>in</span> <span class='ocrx_word' id='word_1_134' title='bbox 331 1896 477 1956; x_wconf 81' lang='lat' dir='ltr'>infinitivo</span> <span class='ocrx_word' id='word_1_135' title='bbox 500 1896 586 1956; x_wconf 86' lang='lat' dir='ltr'>ruodo</span> <span class='ocrx_word' id='word_1_136' title='bbox 608 1897 718 1956; x_wconf 89' lang='lat' dir='ltr'>evenit.</span> <span class='ocrx_word' id='word_1_137' title='bbox 763 1897 805 1955; x_wconf 89' lang='lat' dir='ltr'>ait</span> <span class='ocrx_word' id='word_1_138' title='bbox 827 1895 933 1956; x_wconf 86' lang='lat' dir='ltr'>Cicero</span> <span class='ocrx_word' id='word_1_139' title='bbox 955 1897 1048 1955; x_wconf 75' lang='lat' dir='ltr'>‘rem</span> <span class='ocrx_word' id='word_1_140' title='bbox 1068 1898 1164 1972; x_wconf 89' lang='lat' dir='ltr'>agi&#39;;</span> <span class='ocrx_word' id='word_1_141' title='bbox 1187 1897 1260 1957; x_wconf 90' lang='lat' dir='ltr'>dicit</span> <span class='ocrx_word' id='word_1_142' title='bbox 1282 1900 1354 1958; x_wconf 88' lang='lat' dir='ltr'>item</span> <span class='ocrx_word' id='word_1_143' title='bbox 1377 1897 1440 1958; x_wconf 84' lang='lat' dir='ltr'>Vir·</span> 
     </span>
     <span class='ocr_line' id='line_1_17' title="bbox 137 1997 1441 2076; baseline 0.001 -19"><span class='ocrx_word' id='word_1_144' title='bbox 137 2008 156 2046; x_wconf 75' lang='lat'>1⁵</span> <span class='ocrx_word' id='word_1_145' title='bbox 167 1997 245 2074; x_wconf 82' lang='lat' dir='ltr'>gilius</span> <span class='ocrx_word' id='word_1_146' title='bbox 273 1999 362 2057; x_wconf 74' lang='lat' dir='ltr'>‘iam</span> <span class='ocrx_word' id='word_1_147' title='bbox 393 2005 537 2076; x_wconf 89' lang='lat' dir='ltr'>tompus</span> <span class='ocrx_word' id='word_1_148' title='bbox 559 1999 617 2075; x_wconf 91' lang='lat' dir='ltr'>agi</span> <span class='ocrx_word' id='word_1_149' title='bbox 640 2001 728 2057; x_wconf 88' lang='lat' dir='ltr'>res&#39;.</span> <span class='ocrx_word' id='word_1_150' title='bbox 758 1999 788 2058; x_wconf 90' lang='lat' dir='ltr'>in</span> <span class='ocrx_word' id='word_1_151' title='bbox 811 1997 867 2056; x_wconf 91' lang='lat' dir='ltr'>hoc</span> <span class='ocrx_word' id='word_1_152' title='bbox 890 2000 916 2057; x_wconf 90' lang='lat' dir='ltr'>si</span> <span class='ocrx_word' id='word_1_153' title='bbox 938 1999 1032 2076; x_wconf 88' lang='lat' dir='ltr'>ipsam</span> <span class='ocrx_word' id='word_1_154' title='bbox 1054 2017 1155 2060; x_wconf 88' lang='lat' dir='ltr'>vocem</span> <span class='ocrx_word' id='word_1_155' title='bbox 1177 2000 1371 2066; x_wconf 86' lang='lat' dir='ltr'>attendamus,</span> <span class='ocrx_word' id='word_1_156' title='bbox 1394 2001 1441 2076; x_wconf 88' lang='lat' dir='ltr'>agi</span> 
     </span>
     <span class='ocr_line' id='line_1_18' title="bbox 169 2098 1441 2178; baseline 0.002 -22"><span class='ocrx_word' id='word_1_157' title='bbox 169 2101 239 2159; x_wconf 87' lang='lat' dir='ltr'>veuit</span> <span class='ocrx_word' id='word_1_158' title='bbox 260 2099 297 2160; x_wconf 86' lang='lat' dir='ltr'>ab</span> <span class='ocrx_word' id='word_1_159' title='bbox 320 2100 466 2159; x_wconf 87' lang='lat' dir='ltr'>infinitivo</span> <span class='ocrx_word' id='word_1_160' title='bbox 488 2098 575 2160; x_wconf 92' lang='lat' dir='ltr'>modo</span> <span class='ocrx_word' id='word_1_161' title='bbox 597 2101 729 2178; x_wconf 89' lang='lat' dir='ltr'>passivo,</span> <span class='ocrx_word' id='word_1_162' title='bbox 753 2099 783 2158; x_wconf 93' lang='lat' dir='ltr'>id</span> <span class='ocrx_word' id='word_1_163' title='bbox 807 2105 852 2158; x_wconf 87' lang='lat' dir='ltr'>est</span> <span class='ocrx_word' id='word_1_164' title='bbox 873 2098 911 2158; x_wconf 87' lang='lat' dir='ltr'>ab</span> <span class='ocrx_word' id='word_1_165' title='bbox 934 2117 1005 2177; x_wconf 89' lang='lat' dir='ltr'>agor</span> <span class='ocrx_word' id='word_1_166' title='bbox 1028 2102 1127 2176; x_wconf 89' lang='lat' dir='ltr'>ageris</span> <span class='ocrx_word' id='word_1_167' title='bbox 1154 2103 1266 2177; x_wconf 83' lang='lat' dir='ltr'>agitur,</span> <span class='ocrx_word' id='word_1_168' title='bbox 1289 2104 1321 2160; x_wconf 94' lang='lat' dir='ltr'>in</span> <span class='ocrx_word' id='word_1_169' title='bbox 1342 2102 1441 2161; x_wconf 89' lang='lat' dir='ltr'>inlini·</span> 
     </span>
     <span class='ocr_line' id='line_1_19' title="bbox 168 2201 1442 2280; baseline 0.002 -20"><span class='ocrx_word' id='word_1_170' title='bbox 168 2203 219 2261; x_wconf 87' lang='lat' dir='ltr'>tivo</span> <span class='ocrx_word' id='word_1_171' title='bbox 239 2202 309 2261; x_wconf 91' lang='lat' dir='ltr'>lacit</span> <span class='ocrx_word' id='word_1_172' title='bbox 332 2203 396 2278; x_wconf 88' lang='lat' dir='ltr'>agi;</span> <span class='ocrx_word' id='word_1_173' title='bbox 425 2203 449 2260; x_wconf 91' lang='lat' dir='ltr'>si</span> <span class='ocrx_word' id='word_1_174' title='bbox 472 2220 542 2261; x_wconf 87' lang='lat' dir='ltr'>vero</span> <span class='ocrx_word' id='word_1_175' title='bbox 565 2219 616 2260; x_wconf 88' lang='lat' dir='ltr'>eos</span> <span class='ocrx_word' id='word_1_176' title='bbox 638 2201 888 2280; x_wconf 86' lang='lat' dir='ltr'>contemplemur,</span> <span class='ocrx_word' id='word_1_177' title='bbox 911 2219 966 2280; x_wconf 90' lang='lat' dir='ltr'>per</span> <span class='ocrx_word' id='word_1_178' title='bbox 985 2220 1059 2280; x_wconf 88' lang='lat' dir='ltr'>quos</span> <span class='ocrx_word' id='word_1_179' title='bbox 1079 2204 1191 2280; x_wconf 87' lang='lat' dir='ltr'>agitur,</span> <span class='ocrx_word' id='word_1_180' title='bbox 1214 2205 1297 2262; x_wconf 91' lang='lat' dir='ltr'>venit</span> <span class='ocrx_word' id='word_1_181' title='bbox 1318 2202 1442 2262; x_wconf 90' lang='lat' dir='ltr'>averbo</span> 
     </span>
     <span class='ocr_line' id='line_1_20' title="bbox 167 2301 1440 2382; baseline 0.002 -22"><span class='ocrx_word' id='word_1_182' title='bbox 167 2303 336 2381; x_wconf 88' lang='lat' dir='ltr'>inpersonali</span> <span class='ocrx_word' id='word_1_183' title='bbox 361 2305 475 2379; x_wconf 89' lang='lat' dir='ltr'>agitur,</span> <span class='ocrx_word' id='word_1_184' title='bbox 499 2305 584 2364; x_wconf 89' lang='lat' dir='ltr'>cuius</span> <span class='ocrx_word' id='word_1_185' title='bbox 607 2305 691 2380; x_wconf 88' lang='lat' dir='ltr'>origo</span> <span class='ocrx_word' id='word_1_186' title='bbox 713 2301 750 2364; x_wconf 87' lang='lat' dir='ltr'>ab</span> <span class='ocrx_word' id='word_1_187' title='bbox 773 2305 868 2364; x_wconf 89' lang='lat' dir='ltr'>activo</span> <span class='ocrx_word' id='word_1_188' title='bbox 890 2311 1005 2373; x_wconf 90' lang='lat' dir='ltr'>manat,</span> <span class='ocrx_word' id='word_1_189' title='bbox 1028 2303 1059 2363; x_wconf 92' lang='lat' dir='ltr'>id</span> <span class='ocrx_word' id='word_1_190' title='bbox 1081 2313 1127 2364; x_wconf 90' lang='lat' dir='ltr'>ost</span> <span class='ocrx_word' id='word_1_191' title='bbox 1148 2303 1185 2364; x_wconf 89' lang='lat' dir='ltr'>ab</span> <span class='ocrx_word' id='word_1_192' title='bbox 1207 2323 1262 2382; x_wconf 92' lang='lat' dir='ltr'>ago</span> <span class='ocrx_word' id='word_1_193' title='bbox 1285 2307 1349 2382; x_wconf 87' lang='lat' dir='ltr'>agis</span> <span class='ocrx_word' id='word_1_194' title='bbox 1370 2307 1440 2382; x_wconf 85' lang='lat' dir='ltr'>agit,</span> 
     </span>
     <span class='ocr_line' id='line_1_21' title="bbox 159 2404 1439 2483; baseline 0.001 -19"><span class='ocrx_word' id='word_1_195' title='bbox 159 2405 234 2482; x_wconf 41' lang='lat' dir='ltr'>,quod</span> <span class='ocrx_word' id='word_1_196' title='bbox 255 2423 308 2483; x_wconf 89' lang='lat' dir='ltr'>per</span> <span class='ocrx_word' id='word_1_197' title='bbox 331 2423 434 2465; x_wconf 90' lang='lat' dir='ltr'>omncs</span> <span class='ocrx_word' id='word_1_198' title='bbox 455 2422 561 2464; x_wconf 85' lang='lat' dir='ltr'>rursus</span> <span class='ocrx_word' id='word_1_199' title='bbox 582 2405 686 2466; x_wconf 89' lang='lat' dir='ltr'>modos</span> <span class='ocrx_word' id='word_1_200' title='bbox 700 2404 879 2466; x_wconf 86' lang='lat' dir='ltr'>declinatum</span> <span class='ocrx_word' id='word_1_201' title='bbox 895 2406 966 2466; x_wconf 90' lang='lat' dir='ltr'>lacit</span> <span class='ocrx_word' id='word_1_202' title='bbox 988 2407 1167 2466; x_wconf 81' lang='lat' dir='ltr'>inimitivum</span> <span class='ocrx_word' id='word_1_203' title='bbox 1182 2407 1300 2466; x_wconf 89' lang='lat' dir='ltr'>modum</span> <span class='ocrx_word' id='word_1_204' title='bbox 1315 2409 1368 2476; x_wconf 91' lang='lat' dir='ltr'>sic,</span> <span class='ocrx_word' id='word_1_205' title='bbox 1392 2408 1439 2482; x_wconf 88' lang='lat' dir='ltr'>agi</span> 
     </span>
     <span class='ocr_line' id='line_1_22' title="bbox 137 2507 533 2568; baseline 0.005 -5"><span class='ocrx_word' id='word_1_206' title='bbox 137 2513 255 2568; x_wconf 77' lang='lat' dir='ltr'>nactum</span> <span class='ocrx_word' id='word_1_207' title='bbox 276 2525 341 2567; x_wconf 88' lang='lat' dir='ltr'>esse</span> <span class='ocrx_word' id='word_1_208' title='bbox 364 2515 462 2568; x_wconf 88' lang='lat' dir='ltr'>actum</span> <span class='ocrx_word' id='word_1_209' title='bbox 484 2507 533 2566; x_wconf 89' lang='lat' dir='ltr'>iri.</span> 
     </span>
    </p>

    <p class='ocr_par' dir='ltr' id='par_1_4' title="bbox 165 2608 1441 2998">
     <span class='ocr_line' id='line_1_23' title="bbox 239 2608 1440 2688; baseline 0.002 -21"><span class='ocrx_word' id='word_1_210' title='bbox 239 2608 333 2668; x_wconf 86' lang='lat' dir='ltr'>Verba</span> <span class='ocrx_word' id='word_1_211' title='bbox 363 2608 564 2688; x_wconf 88' lang='lat' dir='ltr'>inpersonalia</span> <span class='ocrx_word' id='word_1_212' title='bbox 593 2627 659 2670; x_wconf 93' lang='lat' dir='ltr'>cum</span> <span class='ocrx_word' id='word_1_213' title='bbox 686 2609 751 2668; x_wconf 89' lang='lat' dir='ltr'>lere</span> <span class='ocrx_word' id='word_1_214' title='bbox 778 2628 833 2688; x_wconf 88' lang='lat' dir='ltr'>per</span> <span class='ocrx_word' id='word_1_215' title='bbox 861 2629 964 2670; x_wconf 88' lang='lat' dir='ltr'>omnes</span> <span class='ocrx_word' id='word_1_216' title='bbox 991 2609 1094 2671; x_wconf 89' lang='lat' dir='ltr'>modos</span> <span class='ocrx_word' id='word_1_217' title='bbox 1116 2609 1318 2679; x_wconf 86' lang='lat' dir='ltr'>declinentur,</span> <span class='ocrx_word' id='word_1_218' title='bbox 1343 2617 1440 2670; x_wconf 92' lang='lat' dir='ltr'>tamen</span> 
     </span>
     <span class='ocr_line' id='line_1_24' title="bbox 166 2710 1440 2792; baseline 0.004 -25"><span class='ocrx_word' id='word_1_219' title='bbox 166 2716 227 2769; x_wconf 87' lang='lat' dir='ltr'>sunt</span> <span class='ocrx_word' id='word_1_220' title='bbox 246 2710 389 2789; x_wconf 85' lang='lat' dir='ltr'>quaedam</span> <span class='ocrx_word' id='word_1_221' title='bbox 412 2713 476 2771; x_wconf 91' lang='lat' dir='ltr'>eius</span> <span class='ocrx_word' id='word_1_222' title='bbox 498 2711 592 2780; x_wconf 91' lang='lat' dir='ltr'>modi,</span> <span class='ocrx_word' id='word_1_223' title='bbox 617 2718 651 2770; x_wconf 90' lang='lat' dir='ltr'>ut</span> <span class='ocrx_word' id='word_1_224' title='bbox 672 2711 816 2772; x_wconf 79' lang='lat' dir='ltr'>defectiva</span> <span class='ocrx_word' id='word_1_225' title='bbox 838 2714 1043 2781; x_wconf 90' lang='lat' dir='ltr'>inveniantur,</span> <span class='ocrx_word' id='word_1_226' title='bbox 1066 2721 1099 2772; x_wconf 89' lang='lat' dir='ltr'>ut</span> <span class='ocrx_word' id='word_1_227' title='bbox 1121 2731 1190 2772; x_wconf 88' lang='lat' dir='ltr'>ecce</span> <span class='ocrx_word' id='word_1_228' title='bbox 1212 2712 1321 2792; x_wconf 87' lang='lat' dir='ltr'>liquet:</span> <span class='ocrx_word' id='word_1_229' title='bbox 1355 2731 1440 2791; x_wconf 90' lang='lat' dir='ltr'>prae·</span> 
     </span>
     <span class='ocr_line' id='line_1_25' title="bbox 166 2812 1441 2894; baseline 0.002 -23"><span class='ocrx_word' id='word_1_230' title='bbox 166 2814 275 2873; x_wconf 83' lang='lat' dir='ltr'>teritum</span> <span class='ocrx_word' id='word_1_231' title='bbox 303 2815 382 2873; x_wconf 89' lang='lat' dir='ltr'>cuim</span> <span class='ocrx_word' id='word_1_232' title='bbox 410 2815 575 2894; x_wconf 88' lang='lat' dir='ltr'>perlectum</span> <span class='ocrx_word' id='word_1_233' title='bbox 598 2822 628 2873; x_wconf 90' lang='lat' dir='ltr'>et</span> <span class='ocrx_word' id='word_1_234' title='bbox 655 2812 977 2893; x_wconf 86' lang='lat' dir='ltr'>plusquamperlectum</span> <span class='ocrx_word' id='word_1_235' title='bbox 999 2834 1123 2893; x_wconf 88' lang='lat' dir='ltr'>prprsus</span> <span class='ocrx_word' id='word_1_236' title='bbox 1143 2834 1202 2876; x_wconf 93' lang='lat' dir='ltr'>non</span> <span class='ocrx_word' id='word_1_237' title='bbox 1225 2815 1324 2875; x_wconf 89' lang='lat' dir='ltr'>habet.</span> <span class='ocrx_word' id='word_1_238' title='bbox 1369 2817 1441 2875; x_wconf 91' lang='lat' dir='ltr'>item</span> 
     </span>
     <span class='ocr_line' id='line_1_26' title="bbox 165 2914 1440 2998; baseline 0.003 -25"><span class='ocrx_word' id='word_1_239' title='bbox 165 2916 277 2974; x_wconf 83' lang='lat' dir='ltr'>miseret</span> <span class='ocrx_word' id='word_1_240' title='bbox 303 2914 395 2977; x_wconf 90' lang='lat' dir='ltr'>habet</span> <span class='ocrx_word' id='word_1_241' title='bbox 423 2916 544 2995; x_wconf 89' lang='lat' dir='ltr'>quidem</span> <span class='ocrx_word' id='word_1_242' title='bbox 571 2919 767 2996; x_wconf 87' lang='lat' dir='ltr'>praeteritum</span> <span class='ocrx_word' id='word_1_243' title='bbox 790 2918 957 2996; x_wconf 88' lang='lat' dir='ltr'>perlectum</span> <span class='ocrx_word' id='word_1_244' title='bbox 979 2924 1008 2977; x_wconf 87' lang='lat' dir='ltr'>et</span> <span class='ocrx_word' id='word_1_245' title='bbox 1029 2919 1365 2998; x_wconf 81' lang='lat' dir='ltr'>plusquamperfectum,</span> <span class='ocrx_word' id='word_1_246' title='bbox 1389 2918 1440 2977; x_wconf 87' lang='lat' dir='ltr'>sed</span> 
     </span>
    </p>

    <p class='ocr_par' dir='ltr' id='par_1_5' title="bbox 136 3016 1441 3507">
     <span class='ocr_line' id='line_1_27' title="bbox 136 3016 1439 3097; baseline 0.004 -23"><span class='ocrx_word' id='word_1_247' title='bbox 136 3016 278 3077; x_wconf 70' lang='lat' dir='ltr'>nouiter-ius</span> <span class='ocrx_word' id='word_1_248' title='bbox 299 3018 393 3086; x_wconf 90' lang='lat' dir='ltr'>modi,</span> <span class='ocrx_word' id='word_1_249' title='bbox 417 3037 506 3097; x_wconf 86' lang='lat' dir='ltr'>quarn</span> <span class='ocrx_word' id='word_1_250' title='bbox 528 3019 622 3079; x_wconf 86' lang='lat' dir='ltr'>lorma</span> <span class='ocrx_word' id='word_1_251' title='bbox 645 3018 729 3078; x_wconf 86' lang='lat' dir='ltr'>verbi</span> <span class='ocrx_word' id='word_1_252' title='bbox 752 3020 854 3096; x_wconf 85' lang='lat' dir='ltr'>exigit.</span> <span class='ocrx_word' id='word_1_253' title='bbox 890 3038 958 3080; x_wconf 90' lang='lat' dir='ltr'>nam</span> <span class='ocrx_word' id='word_1_254' title='bbox 980 3019 1052 3083; x_wconf 88' lang='lat' dir='ltr'>illud</span> <span class='ocrx_word' id='word_1_255' title='bbox 1075 3039 1111 3080; x_wconf 81' lang='lat' dir='ltr'>en</span> <span class='ocrx_word' id='word_1_256' title='bbox 1132 3023 1244 3080; x_wconf 88' lang='lat' dir='ltr'>activae</span> <span class='ocrx_word' id='word_1_257' title='bbox 1267 3020 1439 3080; x_wconf 89' lang='lat' dir='ltr'>declinatio·</span> 
     </span>
     <span class='ocr_line' id='line_1_28' title="bbox 166 3117 1441 3201; baseline 0.002 -24"><span class='ocrx_word' id='word_1_258' title='bbox 166 3119 206 3178; x_wconf 91' lang='lat' dir='ltr'>nis</span> <span class='ocrx_word' id='word_1_259' title='bbox 226 3117 446 3201; x_wconf 60' lang='lat' dir='ltr'>significatione</span> <span class='ocrx_word' id='word_1_260' title='bbox 474 3122 506 3181; x_wconf 96' lang='lat' dir='ltr'>in</span> <span class='ocrx_word' id='word_1_261' title='bbox 534 3123 682 3199; x_wconf 89' lang='lat' dir='ltr'>passivam</span> <span class='ocrx_word' id='word_1_262' title='bbox 709 3122 835 3183; x_wconf 85' lang='lat' dir='ltr'>lormarn</span> <span class='ocrx_word' id='word_1_263' title='bbox 865 3123 982 3182; x_wconf 89' lang='lat' dir='ltr'>transit.</span> <span class='ocrx_word' id='word_1_264' title='bbox 1027 3124 1160 3201; x_wconf 88' lang='lat' dir='ltr'>paenitet</span> <span class='ocrx_word' id='word_1_265' title='bbox 1187 3124 1267 3182; x_wconf 92' lang='lat' dir='ltr'>enirn</span> <span class='ocrx_word' id='word_1_266' title='bbox 1293 3123 1441 3201; x_wconf 89' lang='lat' dir='ltr'>paenituit</span> 
     </span>
     <span class='ocr_line' id='line_1_29' title="bbox 166 3220 1440 3305; baseline 0.004 -27"><span class='ocrx_word' id='word_1_267' title='bbox 166 3220 229 3281; x_wconf 87' lang='lat' dir='ltr'>lacit</span> <span class='ocrx_word' id='word_1_268' title='bbox 258 3226 451 3301; x_wconf 89' lang='lat' dir='ltr'>praeteritum</span> <span class='ocrx_word' id='word_1_269' title='bbox 478 3222 660 3302; x_wconf 65' lang='lat' dir='ltr'>perlectum</span> <span class='ocrx_word' id='word_1_270' title='bbox 687 3224 810 3283; x_wconf 89' lang='lat' dir='ltr'>miseret</span> <span class='ocrx_word' id='word_1_271' title='bbox 838 3226 994 3285; x_wconf 87' lang='lat' dir='ltr'>misertum</span> <span class='ocrx_word' id='word_1_272' title='bbox 1015 3231 1061 3283; x_wconf 91' lang='lat' dir='ltr'>est</span> <span class='ocrx_word' id='word_1_273' title='bbox 1082 3224 1167 3292; x_wconf 90' lang='lat' dir='ltr'>lacit,</span> <span class='ocrx_word' id='word_1_274' title='bbox 1197 3232 1231 3283; x_wconf 93' lang='lat' dir='ltr'>ut</span> <span class='ocrx_word' id='word_1_275' title='bbox 1251 3224 1351 3286; x_wconf 87' lang='lat' dir='ltr'>taedet</span> <span class='ocrx_word' id='word_1_276' title='bbox 1371 3242 1440 3305; x_wconf 94' lang='lat' dir='ltr'>per·</span> 
     </span>
     <span class='ocr_line' id='line_1_30' title="bbox 166 3324 1441 3405; baseline 0.005 -25"><span class='ocrx_word' id='word_1_277' title='bbox 166 3328 346 3384; x_wconf 79' lang='lat' dir='ltr'>caesumest.</span> <span class='ocrx_word' id='word_1_278' title='bbox 377 3332 408 3385; x_wconf 91' lang='lat' dir='ltr'>et</span> <span class='ocrx_word' id='word_1_279' title='bbox 430 3328 459 3385; x_wconf 91' lang='lat' dir='ltr'>in</span> <span class='ocrx_word' id='word_1_280' title='bbox 488 3324 543 3385; x_wconf 90' lang='lat' dir='ltr'>hoc</span> <span class='ocrx_word' id='word_1_281' title='bbox 570 3324 661 3385; x_wconf 88' lang='lat' dir='ltr'>verbo</span> <span class='ocrx_word' id='word_1_282' title='bbox 690 3326 787 3385; x_wconf 89' lang='lat' dir='ltr'>taedet</span> <span class='ocrx_word' id='word_1_283' title='bbox 815 3326 889 3385; x_wconf 89' lang='lat' dir='ltr'>duas</span> <span class='ocrx_word' id='word_1_284' title='bbox 916 3344 966 3386; x_wconf 90' lang='lat' dir='ltr'>res</span> <span class='ocrx_word' id='word_1_285' title='bbox 991 3326 1085 3385; x_wconf 90' lang='lat' dir='ltr'>lorma</span> <span class='ocrx_word' id='word_1_286' title='bbox 1107 3325 1204 3386; x_wconf 83' lang='lat' dir='ltr'>adieri</span> <span class='ocrx_word' id='word_1_287' title='bbox 1225 3328 1329 3394; x_wconf 82' lang='lat' dir='ltr'>aliter,</span> <span class='ocrx_word' id='word_1_288' title='bbox 1353 3344 1441 3405; x_wconf 86' lang='lat' dir='ltr'>quarn</span> 
     </span>
     <span class='ocr_line' id='line_1_31' title="bbox 166 3422 1440 3507; baseline 0.005 -26"><span class='ocrx_word' id='word_1_289' title='bbox 166 3422 314 3486; x_wconf 87' lang='lat' dir='ltr'>declinatio</span> <span class='ocrx_word' id='word_1_290' title='bbox 343 3425 495 3503; x_wconf 85' lang='lat' dir='ltr'>exigebat,</span> <span class='ocrx_word' id='word_1_291' title='bbox 524 3434 554 3487; x_wconf 87' lang='lat' dir='ltr'>et</span> <span class='ocrx_word' id='word_1_292' title='bbox 580 3446 638 3487; x_wconf 92' lang='lat' dir='ltr'>nou</span> <span class='ocrx_word' id='word_1_293' title='bbox 667 3427 768 3497; x_wconf 88' lang='lat' dir='ltr'>aliter,</span> <span class='ocrx_word' id='word_1_294' title='bbox 792 3446 880 3507; x_wconf 87' lang='lat' dir='ltr'>quam</span> <span class='ocrx_word' id='word_1_295' title='bbox 908 3430 934 3487; x_wconf 88' lang='lat' dir='ltr'>si</span> <span class='ocrx_word' id='word_1_296' title='bbox 956 3429 1143 3507; x_wconf 90' lang='lat' dir='ltr'>conpositum</span> <span class='ocrx_word' id='word_1_297' title='bbox 1166 3447 1202 3488; x_wconf 82' lang='lat' dir='ltr'>en</span> <span class='ocrx_word' id='word_1_298' title='bbox 1230 3428 1357 3507; x_wconf 90' lang='lat' dir='ltr'>simplici</span> <span class='ocrx_word' id='word_1_299' title='bbox 1380 3430 1440 3487; x_wconf 85' lang='lat' dir='ltr'>liat.</span> 
     </span>
    </p>

    <p class='ocr_par' dir='ltr' id='par_1_6' title="bbox 136 3527 1440 3710">
     <span class='ocr_line' id='line_1_32' title="bbox 136 3527 1440 3609; baseline 0.007 -29"><span class='ocrx_word' id='word_1_300' title='bbox 136 3540 226 3585; x_wconf 81' lang='lat' dir='ltr'>uriam</span> <span class='ocrx_word' id='word_1_301' title='bbox 247 3527 402 3606; x_wconf 82' lang='lat' dir='ltr'>pertaedet</span> <span class='ocrx_word' id='word_1_302' title='bbox 423 3547 482 3589; x_wconf 93' lang='lat' dir='ltr'>non</span> <span class='ocrx_word' id='word_1_303' title='bbox 504 3529 641 3598; x_wconf 90' lang='lat' dir='ltr'>dicimus,</span> <span class='ocrx_word' id='word_1_304' title='bbox 666 3547 733 3590; x_wconf 87' lang='lat' dir='ltr'>curn</span> <span class='ocrx_word' id='word_1_305' title='bbox 755 3532 950 3609; x_wconf 85' lang='lat' dir='ltr'>praeteritum</span> <span class='ocrx_word' id='word_1_306' title='bbox 973 3530 1070 3609; x_wconf 75' lang='lat' dir='ltr'>laeege</span> <span class='ocrx_word' id='word_1_307' title='bbox 1093 3550 1152 3591; x_wconf 92' lang='lat' dir='ltr'>non</span> <span class='ocrx_word' id='word_1_308' title='bbox 1174 3532 1323 3609; x_wconf 89' lang='lat' dir='ltr'>possimus</span> <span class='ocrx_word' id='word_1_309' title='bbox 1344 3530 1440 3598; x_wconf 85' lang='lat' dir='ltr'>aliter,</span> 
     </span>
     <span class='ocr_line' id='line_1_33' title="bbox 167 3630 1021 3710; baseline 0.006 -23"><span class='ocrx_word' id='word_1_310' title='bbox 167 3630 291 3704; x_wconf 89' lang='lat' dir='ltr'>quamsi</span> <span class='ocrx_word' id='word_1_311' title='bbox 314 3648 530 3709; x_wconf 88' lang='lat' dir='ltr'>conponamus‚</span> <span class='ocrx_word' id='word_1_312' title='bbox 555 3639 588 3691; x_wconf 91' lang='lat' dir='ltr'>ut</span> <span class='ocrx_word' id='word_1_313' title='bbox 609 3632 753 3692; x_wconf 89' lang='lat' dir='ltr'>laciamus</span> <span class='ocrx_word' id='word_1_314' title='bbox 774 3637 944 3710; x_wconf 90' lang='lat' dir='ltr'>pertaesum</span> <span class='ocrx_word' id='word_1_315' title='bbox 967 3639 1021 3692; x_wconf 89' lang='lat' dir='ltr'>est.</span> 
     </span>
    </p>
   </div>
   <div class='ocr_carea' id='block_1_4' title="bbox 165 3814 1477 4932">
    <p class='ocr_par' dir='ltr' id='par_1_7' title="bbox 165 3814 1442 4025">
     <span class='ocr_line' id='line_1_34' title="bbox 226 3814 1442 3883; baseline 0.002 -17"><span class='ocrx_word' id='word_1_316' title='bbox 226 3817 239 3866; x_wconf 94' lang='lat' dir='ltr'>l</span> <span class='ocrx_word' id='word_1_317' title='bbox 260 3814 409 3883; x_wconf 85' lang='lat' dir='ltr'>perquem]</span> <span class='ocrx_word' id='word_1_318' title='bbox 436 3817 535 3871; x_wconf 82' lang='lat' dir='ltr'>Terent.</span> <span class='ocrx_word' id='word_1_319' title='bbox 559 3818 659 3873; x_wconf 82' lang='lat' dir='ltr'>Plorrn.</span> <span class='ocrx_word' id='word_1_320' title='bbox 681 3820 750 3881; x_wconf 84' lang='lat' dir='ltr'>prol.</span> <span class='ocrx_word' id='word_1_321' title='bbox 771 3819 804 3868; x_wconf 76' lang='lat'>28</span> <span class='ocrx_word' id='word_1_322' title='bbox 874 3820 1002 3870; x_wconf 79' lang='lat' dir='ltr'>2estone</span> <span class='ocrx_word' id='word_1_323' title='bbox 1022 3818 1082 3869; x_wconf 93' lang='lat' dir='ltr'>ML</span> <span class='ocrx_word' id='word_1_324' title='bbox 1152 3820 1281 3871; x_wconf 75' lang='lat' dir='ltr'>ldixerit</span> <span class='ocrx_word' id='word_1_325' title='bbox 1301 3818 1442 3869; x_wconf 77' lang='lat' dir='ltr'>Sicdurdus</span> 
     </span>
     <span class='ocr_line' id='line_1_35' title="bbox 165 3883 1378 3955; baseline 0.007 -24"><span class='ocrx_word' id='word_1_326' title='bbox 165 3883 223 3934; x_wconf 86' lang='lat' dir='ltr'>dixit</span> <span class='ocrx_word' id='word_1_327' title='bbox 240 3886 303 3937; x_wconf 91' lang='lat' dir='ltr'>BM</span> <span class='ocrx_word' id='word_1_328' title='bbox 319 3888 387 3937; x_wconf 80' lang='lat' dir='ltr'>dicet</span> <span class='ocrx_word' id='word_1_329' title='bbox 405 3902 474 3940; x_wconf 85' lang='lat' dir='ltr'>corr.</span> <span class='ocrx_word' id='word_1_330' title='bbox 496 3888 561 3938; x_wconf 77' lang='lat' dir='ltr'>dixit</span> <span class='ocrx_word' id='word_1_331' title='bbox 579 3890 603 3938; x_wconf 88' lang='lat' dir='ltr'><em>L</em></span> <span class='ocrx_word' id='word_1_332' title='bbox 674 3896 756 3937; x_wconf 85' lang='lat' dir='ltr'>utrum</span> <span class='ocrx_word' id='word_1_333' title='bbox 775 3889 808 3938; x_wconf 88' lang='lat' dir='ltr'>ad</span> <span class='ocrx_word' id='word_1_334' title='bbox 825 3903 877 3937; x_wconf 87' lang='lat' dir='ltr'>vem</span> <span class='ocrx_word' id='word_1_335' title='bbox 895 3889 1003 3937; x_wconf 83' lang='lat' dir='ltr'>adicitur</span> <span class='ocrx_word' id='word_1_336' title='bbox 1021 3904 1053 3937; x_wconf 89' lang='lat' dir='ltr'>an</span> <span class='ocrx_word' id='word_1_337' title='bbox 1071 3888 1105 3937; x_wconf 90' lang='lat' dir='ltr'><em>M</em></span> <span class='ocrx_word' id='word_1_338' title='bbox 1170 3888 1247 3955; x_wconf 85' lang='grc' dir='ltr'>5ε1ι]</span> <span class='ocrx_word' id='word_1_339' title='bbox 1263 3898 1300 3940; x_wconf 96' lang='grc' dir='ltr'>εει</span> <span class='ocrx_word' id='word_1_340' title='bbox 1319 3890 1378 3939; x_wconf 88' lang='lat' dir='ltr'>ML</span> 
     </span>
     <span class='ocr_line' id='line_1_36' title="bbox 165 3952 1440 4025; baseline 0.005 -23"><span class='ocrx_word' id='word_1_341' title='bbox 165 3952 367 4021; x_wconf 71' lang='lat' dir='ltr'>iimpersouelis</span> <span class='ocrx_word' id='word_1_342' title='bbox 386 3956 450 4008; x_wconf 98' lang='grc' dir='ltr'>ΒΜ</span> <span class='ocrx_word' id='word_1_343' title='bbox 468 3958 626 4023; x_wconf 80' lang='lat' dir='ltr'>inpersonnl&#39;</span> <span class='ocrx_word' id='word_1_344' title='bbox 645 3959 670 4008; x_wconf 90' lang='lat' dir='ltr'><em>L</em></span> <span class='ocrx_word' id='word_1_345' title='bbox 739 3956 756 4007; x_wconf 88' lang='lat'>9</span> <span class='ocrx_word' id='word_1_346' title='bbox 779 3955 865 4023; x_wconf 85' lang='lat' dir='ltr'>quum]</span> <span class='ocrx_word' id='word_1_347' title='bbox 893 3973 942 4021; x_wconf 86' lang='lat' dir='ltr'>qua</span> <span class='ocrx_word' id='word_1_348' title='bbox 959 3958 992 4007; x_wconf 88' lang='lat' dir='ltr'><em>M</em></span> <span class='ocrx_word' id='word_1_349' title='bbox 1062 3958 1092 4008; x_wconf 95' lang='lat' dir='ltr'>ll</span> <span class='ocrx_word' id='word_1_350' title='bbox 1116 3960 1176 4021; x_wconf 86' lang='lat' dir='ltr'>quid</span> <span class='ocrx_word' id='word_1_351' title='bbox 1193 3959 1365 4025; x_wconf 81' lang='lat' dir='ltr'>intellegimus</span> <span class='ocrx_word' id='word_1_352' title='bbox 1379 3959 1440 4008; x_wconf 91' lang='lat' dir='ltr'>ML</span> 
     </span>
    </p>

    <p class='ocr_par' dir='ltr' id='par_1_8' title="bbox 166 4026 1477 4932">
     <span class='ocr_line' id='line_1_37' title="bbox 227 4026 1438 4093; baseline -0.001 -18"><span class='ocrx_word' id='word_1_353' title='bbox 227 4028 395 4077; x_wconf 84' lang='lat' dir='ltr'>concurrentis</span> <span class='ocrx_word' id='word_1_354' title='bbox 413 4026 573 4093; x_wconf 83' lang='lat' dir='ltr'>significatus</span> <span class='ocrx_word' id='word_1_355' title='bbox 590 4029 615 4077; x_wconf 93' lang='lat' dir='ltr'><em>L</em></span> <span class='ocrx_word' id='word_1_356' title='bbox 633 4028 803 4077; x_wconf 84' lang='lat' dir='ltr'>concurrentis</span> <span class='ocrx_word' id='word_1_357' title='bbox 822 4026 1016 4093; x_wconf 76' lang='lat' dir='ltr'>significationis</span> <span class='ocrx_word' id='word_1_358' title='bbox 1035 4030 1069 4079; x_wconf 91' lang='lat' dir='ltr'><em>M</em></span> <span class='ocrx_word' id='word_1_359' title='bbox 1138 4030 1169 4079; x_wconf 85' lang='grc'>14</span> <span class='ocrx_word' id='word_1_360' title='bbox 1186 4030 1261 4079; x_wconf 81' lang='lat' dir='ltr'>etiem</span> <span class='ocrx_word' id='word_1_361' title='bbox 1276 4029 1302 4077; x_wconf 89' lang='lat' dir='ltr'>in</span> <span class='ocrx_word' id='word_1_362' title='bbox 1321 4029 1438 4078; x_wconf 86' lang='lat' dir='ltr'>influitiui</span> 
     </span>
     <span class='ocr_line' id='line_1_38' title="bbox 166 4094 1477 4164; baseline 0.002 -21"><span class='ocrx_word' id='word_1_363' title='bbox 166 4094 270 4144; x_wconf 85' lang='lat' dir='ltr'>Letiam</span> <span class='ocrx_word' id='word_1_364' title='bbox 288 4096 412 4146; x_wconf 80' lang='lat' dir='ltr'>innniiiuo</span> <span class='ocrx_word' id='word_1_365' title='bbox 433 4096 495 4147; x_wconf 89' lang='lat' dir='ltr'>BM</span> <span class='ocrx_word' id='word_1_366' title='bbox 563 4094 608 4161; x_wconf 82' lang='lat' dir='ltr'>ait]</span> <span class='ocrx_word' id='word_1_367' title='bbox 629 4106 655 4146; x_wconf 88' lang='lat' dir='ltr'>ut</span> <span class='ocrx_word' id='word_1_368' title='bbox 674 4100 707 4148; x_wconf 92' lang='lat' dir='ltr'><em>M</em></span> <span class='ocrx_word' id='word_1_369' title='bbox 774 4112 826 4145; x_wconf 90' lang='lat' dir='ltr'>rem</span> <span class='ocrx_word' id='word_1_370' title='bbox 843 4098 886 4163; x_wconf 84' lang='lat' dir='ltr'>agi</span> <span class='ocrx_word' id='word_1_371' title='bbox 905 4097 1114 4148; x_wconf 79' lang='lat' dir='ltr'>dicitea&#39;nlr&#39;tura</span> <span class='ocrx_word' id='word_1_372' title='bbox 1131 4099 1163 4148; x_wconf 93' lang='lat' dir='ltr'><em>M</em></span> <span class='ocrx_word' id='word_1_373' title='bbox 1233 4098 1293 4148; x_wconf 87' lang='lat' dir='ltr'>dicit</span> <span class='ocrx_word' id='word_1_374' title='bbox 1310 4099 1384 4164; x_wconf 85' lang='lat' dir='ltr'>Virg.</span> <span class='ocrx_word' id='word_1_375' title='bbox 1401 4098 1440 4146; x_wconf 86' lang='lat' dir='ltr'>Si·</span> <span class='ocrx_word' id='word_1_376' title='bbox 1475 4138 1477 4146; x_wconf 94' lang='lat'><em>.</em></span> 
     </span>
     <span class='ocr_line' id='line_1_39' title="bbox 166 4162 1441 4233; baseline 0.003 -24"><span class='ocrx_word' id='word_1_377' title='bbox 166 4162 264 4215; x_wconf 74' lang='lat' dir='ltr'>alardus</span> <span class='ocrx_word' id='word_1_378' title='bbox 281 4166 356 4216; x_wconf 87' lang='lat' dir='ltr'>dicite</span> <span class='ocrx_word' id='word_1_379' title='bbox 373 4168 491 4233; x_wconf 83' lang='lat' dir='ltr'>uirgilius</span> <span class='ocrx_word' id='word_1_380' title='bbox 508 4167 608 4218; x_wconf 90' lang='lat' dir='ltr'><em>BML.</em></span> <span class='ocrx_word' id='word_1_381' title='bbox 633 4170 711 4232; x_wconf 78' lang='lat' dir='ltr'>Verp.</span> <span class='ocrx_word' id='word_1_382' title='bbox 732 4167 797 4216; x_wconf 85' lang='lat' dir='ltr'>Aen.</span> <span class='ocrx_word' id='word_1_383' title='bbox 823 4166 845 4215; x_wconf 95' lang='lat' dir='ltr'>V</span> <span class='ocrx_word' id='word_1_384' title='bbox 865 4165 917 4218; x_wconf 79' lang='lat'>638</span> <span class='ocrx_word' id='word_1_385' title='bbox 1004 4168 1037 4218; x_wconf 88' lang='lat' dir='ltr'>lo</span> <span class='ocrx_word' id='word_1_386' title='bbox 1056 4170 1084 4218; x_wconf 89' lang='lat' dir='ltr'>id</span> <span class='ocrx_word' id='word_1_387' title='bbox 1108 4178 1146 4218; x_wconf 86' lang='lat' dir='ltr'>est</span> <span class='ocrx_word' id='word_1_388' title='bbox 1170 4182 1233 4233; x_wconf 83' lang='lat' dir='ltr'>agor</span> <span class='ocrx_word' id='word_1_389' title='bbox 1254 4169 1339 4233; x_wconf 84' lang='lat' dir='ltr'>ageris</span> <span class='ocrx_word' id='word_1_390' title='bbox 1357 4169 1441 4233; x_wconf 83' lang='lat' dir='ltr'>agitur</span> 
     </span>
     <span class='ocr_line' id='line_1_40' title="bbox 167 4233 1440 4303; baseline 0.004 -23"><span class='ocrx_word' id='word_1_391' title='bbox 167 4233 307 4285; x_wconf 87' lang='lat' dir='ltr'>inliuitiuum</span> <span class='ocrx_word' id='word_1_392' title='bbox 326 4235 386 4286; x_wconf 92' lang='lat' dir='ltr'>ML</span> <span class='ocrx_word' id='word_1_393' title='bbox 457 4238 490 4289; x_wconf 81' lang='lat'>19</span> <span class='ocrx_word' id='word_1_394' title='bbox 508 4240 550 4300; x_wconf 89' lang='lat' dir='ltr'>qui</span> <span class='ocrx_word' id='word_1_395' title='bbox 568 4253 614 4303; x_wconf 88' lang='lat' dir='ltr'>per</span> <span class='ocrx_word' id='word_1_396' title='bbox 635 4253 721 4286; x_wconf 85' lang='lat' dir='ltr'>omues</span> <span class='ocrx_word' id='word_1_397' title='bbox 739 4252 827 4286; x_wconf 82' lang='lat' dir='ltr'>rursus</span> <span class='ocrx_word' id='word_1_398' title='bbox 844 4237 935 4286; x_wconf 87' lang='lat' dir='ltr'>modos</span> <span class='ocrx_word' id='word_1_399' title='bbox 953 4236 1094 4287; x_wconf 82' lang='lat' dir='ltr'>declinatus</span> <span class='ocrx_word' id='word_1_400' title='bbox 1109 4237 1136 4286; x_wconf 91' lang='lat' dir='ltr'><em>B</em></span> <span class='ocrx_word' id='word_1_401' title='bbox 1154 4238 1197 4301; x_wconf 89' lang='lat' dir='ltr'>qui</span> <span class='ocrx_word' id='word_1_402' title='bbox 1215 4252 1263 4301; x_wconf 89' lang='lat' dir='ltr'>per</span> <span class='ocrx_word' id='word_1_403' title='bbox 1281 4252 1368 4287; x_wconf 79' lang='lat' dir='ltr'>omnes</span> <span class='ocrx_word' id='word_1_404' title='bbox 1385 4252 1440 4286; x_wconf 91' lang='lat' dir='ltr'>rur-</span> 
     </span>
     <span class='ocr_line' id='line_1_41' title="bbox 167 4306 1440 4372; baseline 0.003 -22"><span class='ocrx_word' id='word_1_405' title='bbox 167 4316 214 4353; x_wconf 85' lang='lat' dir='ltr'>sum</span> <span class='ocrx_word' id='word_1_406' title='bbox 230 4306 316 4355; x_wconf 88' lang='lat' dir='ltr'>modos</span> <span class='ocrx_word' id='word_1_407' title='bbox 330 4306 436 4357; x_wconf 87' lang='lat' dir='ltr'>clinatos</span> <span class='ocrx_word' id='word_1_408' title='bbox 449 4307 530 4372; x_wconf 86' lang='lat' dir='ltr'>(corr.</span> <span class='ocrx_word' id='word_1_409' title='bbox 548 4306 605 4369; x_wconf 79' lang='lat' dir='ltr'>-usl</span> <span class='ocrx_word' id='word_1_410' title='bbox 617 4309 641 4357; x_wconf 97' lang='lat' dir='ltr'><em>L</em></span> <span class='ocrx_word' id='word_1_411' title='bbox 658 4308 700 4369; x_wconf 89' lang='lat' dir='ltr'>qui</span> <span class='ocrx_word' id='word_1_412' title='bbox 712 4322 757 4371; x_wconf 88' lang='lat' dir='ltr'>per</span> <span class='ocrx_word' id='word_1_413' title='bbox 773 4321 861 4355; x_wconf 88' lang='lat' dir='ltr'>omnes</span> <span class='ocrx_word' id='word_1_414' title='bbox 873 4306 962 4355; x_wconf 87' lang='lat' dir='ltr'>modos</span> <span class='ocrx_word' id='word_1_415' title='bbox 974 4322 1074 4359; x_wconf 89' lang='lat' dir='ltr'>rursum</span> <span class='ocrx_word' id='word_1_416' title='bbox 1086 4307 1193 4357; x_wconf 84' lang='lat' dir='ltr'>clinatns</span> <span class='ocrx_word' id='word_1_417' title='bbox 1205 4308 1235 4356; x_wconf 91' lang='lat' dir='ltr'><em>M</em></span> <span class='ocrx_word' id='word_1_418' title='bbox 1290 4309 1324 4357; x_wconf 81' lang='lat'>25</span> <span class='ocrx_word' id='word_1_419' title='bbox 1335 4307 1440 4357; x_wconf 83' lang='lat' dir='ltr'>alterius</span> 
     </span>
     <span class='ocr_line' id='line_1_42' title="bbox 167 4374 1440 4443; baseline 0.002 -22"><span class='ocrx_word' id='word_1_420' title='bbox 167 4374 226 4423; x_wconf 88' lang='lat' dir='ltr'>modi</span> <span class='ocrx_word' id='word_1_421' title='bbox 244 4390 316 4439; x_wconf 85' lang='lat' dir='ltr'>quam</span> <span class='ocrx_word' id='word_1_422' title='bbox 335 4384 362 4424; x_wconf 88' lang='lat' dir='ltr'>ut</span> <span class='ocrx_word' id='word_1_423' title='bbox 378 4374 460 4427; x_wconf 79' lang='lat' dir='ltr'>forma</span> <span class='ocrx_word' id='word_1_424' title='bbox 479 4376 512 4427; x_wconf 93' lang='lat' dir='ltr'><em>M</em></span> <span class='ocrx_word' id='word_1_425' title='bbox 527 4376 635 4426; x_wconf 80' lang='lat' dir='ltr'>alicuius</span> <span class='ocrx_word' id='word_1_426' title='bbox 653 4377 721 4426; x_wconf 89' lang='lat' dir='ltr'>modi</span> <span class='ocrx_word' id='word_1_427' title='bbox 740 4392 816 4439; x_wconf 86' lang='lat' dir='ltr'>quum</span> <span class='ocrx_word' id='word_1_428' title='bbox 835 4375 917 4425; x_wconf 79' lang='lat' dir='ltr'>forma</span> <span class='ocrx_word' id='word_1_429' title='bbox 933 4376 987 4426; x_wconf 89' lang='lat' dir='ltr'>BL</span> <span class='ocrx_word' id='word_1_430' title='bbox 1050 4374 1123 4443; x_wconf 87' lang='lat' dir='ltr'>illud]</span> <span class='ocrx_word' id='word_1_431' title='bbox 1144 4376 1214 4426; x_wconf 85' lang='lat' dir='ltr'>uelut</span> <span class='ocrx_word' id='word_1_432' title='bbox 1230 4378 1264 4427; x_wconf 94' lang='lat' dir='ltr'><em>M</em></span> <span class='ocrx_word' id='word_1_433' title='bbox 1330 4378 1364 4425; x_wconf 81' lang='lat'>27</span> <span class='ocrx_word' id='word_1_434' title='bbox 1382 4390 1440 4441; x_wconf 90' lang='lat' dir='ltr'>per-</span> 
     </span>
     <span class='ocr_line' id='line_1_43' title="bbox 167 4444 1440 4497; baseline 0.002 -8"><span class='ocrx_word' id='word_1_435' title='bbox 167 4451 251 4492; x_wconf 85' lang='lat' dir='ltr'>tessum</span> <span class='ocrx_word' id='word_1_436' title='bbox 269 4455 307 4496; x_wconf 86' lang='lat' dir='ltr'>est</span> <span class='ocrx_word' id='word_1_437' title='bbox 322 4444 384 4496; x_wconf 91' lang='grc' dir='ltr'>ΒΜ</span> <span class='ocrx_word' id='word_1_438' title='bbox 451 4446 485 4497; x_wconf 82' lang='lat'>28</span> <span class='ocrx_word' id='word_1_439' title='bbox 501 4455 525 4496; x_wconf 92' lang='grc' dir='ltr'>ει</span> <span class='ocrx_word' id='word_1_440' title='bbox 543 4448 567 4494; x_wconf 96' lang='lat' dir='ltr'>in</span> <span class='ocrx_word' id='word_1_441' title='bbox 586 4444 633 4495; x_wconf 91' lang='lat' dir='ltr'>hoc</span> <span class='ocrx_word' id='word_1_442' title='bbox 651 4447 727 4495; x_wconf 88' lang='lat' dir='ltr'>uerbo</span> <span class='ocrx_word' id='word_1_443' title='bbox 746 4446 812 4495; x_wconf 87' lang='lat' dir='ltr'>tedet</span> <span class='ocrx_word' id='word_1_444' title='bbox 830 4445 864 4493; x_wconf 93' lang='lat' dir='ltr'><em>M</em></span> <span class='ocrx_word' id='word_1_445' title='bbox 878 4453 904 4495; x_wconf 90' lang='grc' dir='ltr'>ει</span> <span class='ocrx_word' id='word_1_446' title='bbox 921 4446 946 4493; x_wconf 93' lang='lat' dir='ltr'>in</span> <span class='ocrx_word' id='word_1_447' title='bbox 965 4445 1013 4495; x_wconf 88' lang='lat' dir='ltr'>hoc</span> <span class='ocrx_word' id='word_1_448' title='bbox 1030 4448 1116 4496; x_wconf 74' lang='lat' dir='ltr'>taedet</span> <span class='ocrx_word' id='word_1_449' title='bbox 1130 4446 1208 4495; x_wconf 87' lang='lat' dir='ltr'>uerbo</span> <span class='ocrx_word' id='word_1_450' title='bbox 1225 4446 1251 4495; x_wconf 90' lang='lat' dir='ltr'><em>B</em></span> <span class='ocrx_word' id='word_1_451' title='bbox 1264 4453 1289 4495; x_wconf 86' lang='lat' dir='ltr'>et</span> <span class='ocrx_word' id='word_1_452' title='bbox 1307 4444 1354 4496; x_wconf 91' lang='lat' dir='ltr'>hoc</span> <span class='ocrx_word' id='word_1_453' title='bbox 1372 4448 1440 4495; x_wconf 83' lang='lat' dir='ltr'>tedet</span> 
     </span>
     <span class='ocr_line' id='line_1_44' title="bbox 167 4512 1441 4581; baseline 0.003 -23"><span class='ocrx_word' id='word_1_454' title='bbox 167 4512 235 4562; x_wconf 84' lang='lat' dir='ltr'>uerbo</span> <span class='ocrx_word' id='word_1_455' title='bbox 249 4516 285 4564; x_wconf 88' lang='lat' dir='ltr'>L:</span> <span class='ocrx_word' id='word_1_456' title='bbox 304 4518 398 4565; x_wconf 79' lang='lat' dir='ltr'>rectius</span> <span class='ocrx_word' id='word_1_457' title='bbox 416 4518 452 4567; x_wconf 87' lang='lat' dir='ltr'>ita</span> <span class='ocrx_word' id='word_1_458' title='bbox 469 4516 599 4567; x_wconf 83' lang='lat' dir='ltr'>dicendum</span> <span class='ocrx_word' id='word_1_459' title='bbox 616 4525 674 4566; x_wconf 75' lang='grc' dir='ltr'>εναι</span> <span class='ocrx_word' id='word_1_460' title='bbox 690 4517 717 4565; x_wconf 85' lang='lat' dir='ltr'>id</span> <span class='ocrx_word' id='word_1_461' title='bbox 734 4516 1109 4581; x_wconf 76' lang='lat' dir='ltr'>quodprmmnatv&#39;ensoolebue,</span> <span class='ocrx_word' id='word_1_462' title='bbox 1124 4516 1185 4565; x_wconf 84' lang='lat' dir='ltr'>etin</span> <span class='ocrx_word' id='word_1_463' title='bbox 1198 4515 1247 4564; x_wconf 87' lang='lat' dir='ltr'>hoc</span> <span class='ocrx_word' id='word_1_464' title='bbox 1260 4516 1338 4564; x_wconf 87' lang='lat' dir='ltr'>verbo</span> <span class='ocrx_word' id='word_1_465' title='bbox 1356 4517 1441 4566; x_wconf 82' lang='lat' dir='ltr'>taedet</span> 
     </span>
     <span class='ocr_line' id='line_1_45' title="bbox 167 4580 1441 4651; baseline 0.003 -24"><span class='ocrx_word' id='word_1_466' title='bbox 167 4580 223 4630; x_wconf 75' lang='lat' dir='ltr'>duee</span> <span class='ocrx_word' id='word_1_467' title='bbox 240 4598 278 4633; x_wconf 85' lang='lat' dir='ltr'>ces</span> <span class='ocrx_word' id='word_1_468' title='bbox 303 4583 384 4635; x_wconf 80' lang='lat' dir='ltr'>edient</span> <span class='ocrx_word' id='word_1_469' title='bbox 407 4586 540 4635; x_wconf 81' lang='lat' dir='ltr'>declinatio</span> <span class='ocrx_word' id='word_1_470' title='bbox 565 4585 651 4649; x_wconf 85' lang='lat' dir='ltr'>aliter,</span> <span class='ocrx_word' id='word_1_471' title='bbox 671 4600 745 4649; x_wconf 86' lang='lat' dir='ltr'>quum</span> <span class='ocrx_word' id='word_1_472' title='bbox 765 4584 846 4635; x_wconf 77' lang='lat' dir='ltr'>forme</span> <span class='ocrx_word' id='word_1_473' title='bbox 863 4585 997 4651; x_wconf 81' lang='lat' dir='ltr'>exigebat.</span> <span class='ocrx_word' id='word_1_474' title='bbox 1022 4594 1049 4633; x_wconf 91' lang='grc' dir='ltr'>ιιι</span> <span class='ocrx_word' id='word_1_475' title='bbox 1070 4596 1094 4635; x_wconf 85' lang='grc' dir='ltr'>ει</span> <span class='ocrx_word' id='word_1_476' title='bbox 1112 4587 1241 4651; x_wconf 88' lang='lat' dir='ltr'>passivum</span> <span class='ocrx_word' id='word_1_477' title='bbox 1264 4600 1296 4633; x_wconf 80' lang='lat' dir='ltr'>ex</span> <span class='ocrx_word' id='word_1_478' title='bbox 1314 4586 1397 4635; x_wconf 86' lang='lat' dir='ltr'>uetivo</span> <span class='ocrx_word' id='word_1_479' title='bbox 1416 4592 1441 4633; x_wconf 87' lang='lat' dir='ltr'>et</span> 
     </span>
     <span class='ocr_line' id='line_1_46' title="bbox 167 4654 1380 4721; baseline 0.008 -25"><span class='ocrx_word' id='word_1_480' title='bbox 167 4654 320 4717; x_wconf 87' lang='lat' dir='ltr'>compositum</span> <span class='ocrx_word' id='word_1_481' title='bbox 340 4670 371 4703; x_wconf 81' lang='lat' dir='ltr'>ex</span> <span class='ocrx_word' id='word_1_482' title='bbox 391 4655 501 4721; x_wconf 85' lang='lat' dir='ltr'>simplici</span> <span class='ocrx_word' id='word_1_483' title='bbox 520 4654 563 4704; x_wconf 80' lang='lat' dir='ltr'>lint</span> <span class='ocrx_word' id='word_1_484' title='bbox 632 4654 715 4703; x_wconf 86' lang='lat' dir='ltr'>udlert</span> <span class='ocrx_word' id='word_1_485' title='bbox 733 4670 807 4718; x_wconf 82' lang='lat' dir='ltr'>quum</span> <span class='ocrx_word' id='word_1_486' title='bbox 824 4655 958 4705; x_wconf 82' lang='lat' dir='ltr'>declinatio</span> <span class='ocrx_word' id='word_1_487' title='bbox 976 4654 1002 4705; x_wconf 91' lang='lat' dir='ltr'><em>B</em></span> <span class='ocrx_word' id='word_1_488' title='bbox 1018 4655 1091 4705; x_wconf 83' lang='lat' dir='ltr'>alien</span> <span class='ocrx_word' id='word_1_489' title='bbox 1106 4671 1181 4719; x_wconf 81' lang='lat' dir='ltr'>quem</span> <span class='ocrx_word' id='word_1_490' title='bbox 1199 4655 1299 4704; x_wconf 80' lang='lat' dir='ltr'>clinatio</span> <span class='ocrx_word' id='word_1_491' title='bbox 1320 4656 1380 4706; x_wconf 92' lang='lat' dir='ltr'>ML</span> 
     </span>
     <span class='ocr_line' id='line_1_47' title="bbox 167 4718 1441 4792; baseline 0.005 -25"><span class='ocrx_word' id='word_1_492' title='bbox 167 4718 197 4767; x_wconf 84' lang='grc'>211</span> <span class='ocrx_word' id='word_1_493' title='bbox 212 4720 242 4788; x_wconf 89' lang='lat' dir='ltr'>si]</span> <span class='ocrx_word' id='word_1_494' title='bbox 264 4724 299 4773; x_wconf 85' lang='lat' dir='ltr'>sie</span> <span class='ocrx_word' id='word_1_495' title='bbox 317 4724 376 4775; x_wconf 90' lang='lat' dir='ltr'>ML</span> <span class='ocrx_word' id='word_1_496' title='bbox 427 4725 461 4775; x_wconf 83' lang='lat'>30</span> <span class='ocrx_word' id='word_1_497' title='bbox 479 4740 534 4775; x_wconf 87' lang='lat' dir='ltr'>cum</span> <span class='ocrx_word' id='word_1_498' title='bbox 554 4725 720 4791; x_wconf 83' lang='lat' dir='ltr'>praeteritum</span> <span class='ocrx_word' id='word_1_499' title='bbox 738 4740 788 4774; x_wconf 91' lang='lat' dir='ltr'>non</span> <span class='ocrx_word' id='word_1_500' title='bbox 807 4726 934 4792; x_wconf 87' lang='lat' dir='ltr'>possimus</span> <span class='ocrx_word' id='word_1_501' title='bbox 952 4724 1027 4775; x_wconf 83' lang='lat' dir='ltr'>aliter</span> <span class='ocrx_word' id='word_1_502' title='bbox 1044 4726 1129 4775; x_wconf 89' lang='lat' dir='ltr'>dicere</span> <span class='ocrx_word' id='word_1_503' title='bbox 1147 4740 1223 4789; x_wconf 86' lang='lat' dir='ltr'>quam</span> <span class='ocrx_word' id='word_1_504' title='bbox 1241 4727 1263 4774; x_wconf 84' lang='grc' dir='ltr'>εἰ</span> <span class='ocrx_word' id='word_1_505' title='bbox 1281 4726 1306 4774; x_wconf 91' lang='lat' dir='ltr'><em>L</em></span> <span class='ocrx_word' id='word_1_506' title='bbox 1324 4734 1349 4775; x_wconf 87' lang='grc' dir='ltr'>ει</span> <span class='ocrx_word' id='word_1_507' title='bbox 1367 4741 1441 4790; x_wconf 82' lang='grc' dir='ltr'>ριεε-</span> 
     </span>
     <span class='ocr_line' id='line_1_48' title="bbox 167 4791 1440 4861; baseline 0.007 -26"><span class='ocrx_word' id='word_1_508' title='bbox 167 4791 258 4841; x_wconf 83' lang='lat' dir='ltr'>teritum</span> <span class='ocrx_word' id='word_1_509' title='bbox 275 4808 321 4843; x_wconf 90' lang='lat' dir='ltr'>non</span> <span class='ocrx_word' id='word_1_510' title='bbox 339 4795 468 4860; x_wconf 84' lang='lat' dir='ltr'>possimus</span> <span class='ocrx_word' id='word_1_511' title='bbox 487 4796 560 4845; x_wconf 87' lang='lat' dir='ltr'>aliter</span> <span class='ocrx_word' id='word_1_512' title='bbox 578 4795 661 4844; x_wconf 86' lang='lat' dir='ltr'>dicere</span> <span class='ocrx_word' id='word_1_513' title='bbox 678 4796 726 4845; x_wconf 89' lang='lat' dir='ltr'>nisi</span> <span class='ocrx_word' id='word_1_514' title='bbox 743 4795 776 4843; x_wconf 95' lang='lat' dir='ltr'><em>M</em></span> <span class='ocrx_word' id='word_1_515' title='bbox 826 4796 858 4847; x_wconf 83' lang='lat'>31</span> <span class='ocrx_word' id='word_1_516' title='bbox 878 4804 906 4843; x_wconf 85' lang='lat' dir='ltr'>ut</span> <span class='ocrx_word' id='word_1_517' title='bbox 925 4794 1048 4845; x_wconf 72' lang='lat' dir='ltr'>ludamus</span> <span class='ocrx_word' id='word_1_518' title='bbox 1064 4804 1207 4861; x_wconf 86' lang='lat' dir='ltr'>pertessum</span> <span class='ocrx_word' id='word_1_519' title='bbox 1222 4803 1261 4845; x_wconf 88' lang='grc' dir='ltr'>εει</span> <span class='ocrx_word' id='word_1_520' title='bbox 1277 4795 1304 4844; x_wconf 92' lang='grc' dir='ltr'><em>Β</em></span> <span class='ocrx_word' id='word_1_521' title='bbox 1322 4803 1349 4844; x_wconf 84' lang='grc' dir='ltr'>ιιι</span> <span class='ocrx_word' id='word_1_522' title='bbox 1361 4794 1440 4844; x_wconf 84' lang='lat' dir='ltr'>iacia-</span> 
     </span>
     <span class='ocr_line' id='line_1_49' title="bbox 168 4862 1439 4932; baseline 0.006 -25"><span class='ocrx_word' id='word_1_523' title='bbox 168 4872 217 4909; x_wconf 89' lang='lat' dir='ltr'>mus</span> <span class='ocrx_word' id='word_1_524' title='bbox 240 4862 363 4926; x_wconf 82' lang='lat' dir='ltr'>(dicamus</span> <span class='ocrx_word' id='word_1_525' title='bbox 382 4863 426 4929; x_wconf 95' lang='lat' dir='ltr'>M)</span> <span class='ocrx_word' id='word_1_526' title='bbox 444 4873 586 4931; x_wconf 85' lang='lat' dir='ltr'>pertessum</span> <span class='ocrx_word' id='word_1_527' title='bbox 611 4872 649 4915; x_wconf 86' lang='lat' dir='ltr'>est</span> <span class='ocrx_word' id='word_1_528' title='bbox 675 4867 789 4931; x_wconf 78' lang='lat' dir='ltr'>pertedct</span> <span class='ocrx_word' id='word_1_529' title='bbox 807 4868 936 4932; x_wconf 83' lang='lat' dir='ltr'>praesenti</span> <span class='ocrx_word' id='word_1_530' title='bbox 955 4880 1004 4916; x_wconf 89' lang='lat' dir='ltr'>non</span> <span class='ocrx_word' id='word_1_531' title='bbox 1027 4881 1103 4932; x_wconf 85' lang='lat' dir='ltr'>posse</span> <span class='ocrx_word' id='word_1_532' title='bbox 1126 4865 1225 4931; x_wconf 80' lang='lat' dir='ltr'>(potest</span> <span class='ocrx_word' id='word_1_533' title='bbox 1238 4864 1285 4930; x_wconf 87' lang='lat' dir='ltr'>M)</span> <span class='ocrx_word' id='word_1_534' title='bbox 1307 4866 1356 4917; x_wconf 89' lang='lat' dir='ltr'>diei</span> <span class='ocrx_word' id='word_1_535' title='bbox 1382 4880 1439 4915; x_wconf 81' lang='lat' dir='ltr'>cuni</span> 
     </span>
    </p>
   </div>
   <div class='ocr_carea' id='block_1_5' title="bbox 0 0 1773 5600">
    <p class='ocr_par' dir='ltr' id='par_1_9' title="bbox 0 0 1773 5600">
     <span class='ocr_line' id='line_1_50' title="bbox 0 0 1773 5600; baseline 0 0"><span class='ocrx_word' id='word_1_536' title='bbox 0 0 1773 5600; x_wconf 95' lang='lat' dir='ltr'> </span> 
     </span>
    </p>
   </div>
  </div>
 </body>
</html>
