3525 5600
746 391 818 453 ntis
1390 395 1430 458 41

1256 530 1261 542 .
1276 505 1332 544 laus.
1346 505 1370 544 ut
1385 502 1407 544 P.

152 580 246 652 neutri,
270 583 326 639 ‘ot
347 585 459 641 torno
480 579 596 640 rasile
618 578 779 640 buxum'.
804 587 833 641 et
855 579 950 642 buxus
973 580 1059 650 buxi,
1083 600 1142 662 quo
1164 515 1254 643 modd
1273 584 1433 663 pampinus

151 676 362 762 pampinil—
392 681 483 743 Sunt
506 683 616 742 etiam
643 699 783 760 genera
812 684 995 744 nominum
1024 683 1112 758 fixa,
1142 691 1229 745 sunt
1260 684 1531 762 stabilimenta

152 785 349 862 quaemoreri
372 801 431 844 non
452 792 586 864 possunt.
609 818 650 827 -·
678 784 802 846 Genus
827 784 938 846 flecti
969 804 1041 847 nou
1074 793 1248 865 possunt:
1283 805 1350 848 nam
1378 801 1461 850 neca

152 883 338 946 masculinum
355 886 393 948 de
407 905 441 948 se
455 887 567 948 iaciunt
581 905 637 948 uec
652 895 807 956 nentrum,
829 887 923 948 irater
938 895 1031 968 pater.
1058 922 1094 932 —
1120 887 1271 950 Mobilis
1295 898 1431 952 autem:
1446 905 1462 952 a

131 987 259 1048 amabilia
289 997 360 1050 sunt
385 1007 463 1069 quae
489 991 521 1050 in
548 988 674 1052 alterum
701 1007 794 1068 genus
822 997 977 1050 transeunt
1007 997 1037 1050 et
1065 989 1101 1052 de
1129 988 1301 1053 masculinis
1323 992 1435 1054 iaciunt

150 1091 299 1160 feminina,
323 1090 419 1152 malus
439 1091 516 1152 mala
539 1091 657 1154 malum.
685 1125 720 1136 -
738 1092 837 1182 ,Sunt
863 1092 950 1154 item
974 1091 1046 1154 alia
1069 1111 1135 1154 nec
1157 1093 1192 1154 in
1214 1099 1330 1154 totum
1359 1094 1462 1156 lixas

151 1211 208 1255 uec
227 1193 265 1252 io
290 1199 408 1255 totum
431 1193 599 1265 mobilia,
622 1193 675 1256 sed
698 1212 734 1254 ea
756 1201 841 1274 parte
862 1195 934 1264 lixa,
958 1202 996 1256 ut
1018 1194 1132 1256 draco
1155 1194 1352 1266 dracaena,
1375 1195 1433 1256 leo

150 1294 288 1356 leaena:
311 1314 372 1357 non
395 1295 466 1358 lacit
486 1295 585 1358 draca.
623 1295 696 1358 haec
710 1297 766 1369 lisa
782 1315 848 1358 esse
863 1315 923 1358 uon
938 1303 1075 1378 possunt,
1100 1299 1167 1378 (pria
1183 1296 1251 1360 licet
1268 1315 1327 1358 non
1342 1307 1432 1366 recte,

150 1405 240 1458 tamen
261 1397 378 1458 iaciunt
399 1399 549 1460 leminiua.
580 1397 702 1460 mobilia
726 1397 836 1480 [certa]
860 1417 920 1460 non
949 1409 1032 1470 sunt,
1063 1402 1131 1478 quia
1160 1419 1219 1462 non
1248 1400 1360 1462 iaciunt
1380 1417 1433 1460 rex

121 1515 141 1554 n
151 1518 227 1579 rega,
248 1499 347 1578 gallus
369 1499 461 1579 galla,
483 1519 543 1582 quo
566 1500 654 1562 modo
669 1500 775 1562 doetus
790 1501 886 1562 docta.
906 1501 958 1562 sed
975 1501 1091 1564 ethaeo
1107 1502 1151 1564 lea
1168 1502 1290 1580 dicitur:
1315 1501 1434 1565 Ovidius

150 1601 219 1663 libro
239 1609 350 1680 quarto
370 1603 643 1684 metamorphoseos

295 1713 334 1766 ut
354 1705 411 1766 lea
433 1725 541 1768 saeva
562 1707 664 1766 sitim
686 1706 801 1768 multa
823 1707 1057 1786 compescuit
1080 1705 1183 1768 unda.

152 1807 222 1867 llaec
242 1808 274 1868 in
298 1807 473 1869 diminutivo
494 1825 589 1886 genus
610 1815 741 1878 mutant,
765 1827 836 1871 aeus
857 1809 956 1879 acula,
980 1807 1037 1870 hoc
1052 1815 1169 1870 scutum
1189 1805 1194 1892 Ι
1214 1809 1288 1870 liaeo
1302 1807 1462 1878 scutellae

151 1911 201 1970 hoc
221 1911 382 1989 pisuinm
405 1910 477 1971 haec
499 1909 637 1990 pistrilla,
662 1910 711 1972 ute
734 1911 859 1973 ethaeo
881 1912 964 1974 cauis
987 1917 1017 1972 et
1038 1909 1113 1972 haee
1134 1910 1276 1972 canicula.

121 2025 141 2064 1⁵
226 2012 365 2073 Nomen
396 2013 433 2072 in
466 2031 483 2073 a
510 2013 674 2075 vocalem
707 2012 884 2075 desinens
916 2014 1144 2076 nominativo
1177 2031 1262 2074 casu
1291 2014 1435 2075 numeri
1451 2031 1482 2078 ιο

150 2113 349 2193 singularis
376 2122 439 2175 aut
464 2114 707 2189 masculinum
738 2123 807 2187 est,
836 2125 875 2176 ut
903 2116 1080 2196 Agrippa,
1110 2122 1170 2176 aut
1198 2115 1432 2184 femininum,

151 2226 184 2276 ut
202 2217 353 2288 Marcia,
376 2226 437 2278 aut
459 2225 644 2288 neutrum,
667 2224 704 2279 ut
726 2226 907 2280 toreuma:
931 2236 947 2279 a
971 2219 1127 2280 terminata
1143 2225 1256 2280 tantum
1273 2217 1435 2279 masculina

150 2327 176 2379 et
193 2321 335 2382 leminina
357 2326 428 2380 sunt
449 2327 479 2381 et
500 2315 686 2404 comllmunia
700 2319 806 2389 latina;
830 2328 937 2381 neutra
959 2337 1029 2380 vero
1052 2337 1158 2398 graeca
1181 2325 1295 2381 tautum
1312 2331 1436 2400 possunt

151 2423 278 2500 reperiri.
317 2420 479 2482 notandum
508 2423 588 2503 quod
616 2441 633 2484 a
659 2424 818 2484 terminata
840 2423 961 2483 nomina
983 2424 1101 2501 generis
1123 2420 1280 2484 masculini
1301 2422 1435 2483 feminini

120 2531 178 2583 oet
206 2526 372 2584 eommunis
405 2526 519 2604 primae
550 2523 756 2587 declinationis
783 2526 858 2596 sint,
893 2526 991 2587 uentri
1020 2525 1123 2587 tertiae
1145 2558 1187 2569 -
1216 2522 1285 2586 Sed
1313 2530 1435 2584 tamen
1450 2539 1481 2587 ιιι

150 2641 330 2704 graecum:
366 2627 432 2705 quia
460 2625 584 2692 latinum
612 2646 673 2688 non
700 2628 815 2688 invenis
842 2647 859 2688 a
887 2629 1086 2690 terminatum.
1120 2661 1156 2670 -
1186 2626 1326 2688 Nomen
1353 2627 1390 2686 in
1420 2645 1436 2686 e

151 2726 307 2790 vocalem
336 2728 528 2790 desinens:
558 2731 711 2792 eiiuitum
745 2730 805 2791 duo
835 2747 945 2810 genera
969 2737 1083 2790 tantum
1107 2729 1230 2810 exeipit,
1260 2728 1436 2790 femininum

151 2841 177 2893 et
195 2840 344 2893 neutrum.
366 2866 409 2875 -
428 2832 500 2894 ldeo
521 2851 642 2911 graeca,
665 2835 733 2914 quia
755 2832 845 2895 latina
867 2851 1029 2913 numquam
1052 2850 1072 2893 a
1095 2833 1293 2894 terminantur
1316 2838 1433 2893 neutra.

151 2933 198 2995 sed
223 2934 413 3000 inveniuntur
439 2934 582 3010 barbara,
612 2943 644 2997 ut
670 2934 791 3012 llu‡men
814 2936 904 2996 Turia
932 2933 977 2994 vel
1008 2934 1072 2996 alia.
1096 2934 1257 2997 -Ostrea
1280 2936 1305 2995 si
1321 2936 1436 3013 primae

120 3048 141 3087 ²⁵
152 3036 353 3097 declinationis
367 3037 469 3109 luerit,
492 3039 569 3099 sieut
582 3038 677 3112 Marsa,
700 3038 844 3099 feminino
859 3055 970 3115 genere
985 3035 1196 3111 declinabitur,
1220 3044 1253 3098 ut
1275 3036 1312 3097 ad
1327 3035 1435 3098 animal

151 3138 325 3208 referamus;
348 3140 374 3198 si
389 3138 425 3199 ad
441 3147 563 3209 testam,
588 3150 720 3202 ostreum
735 3138 893 3201 dicendum
910 3148 954 3200 est
969 3148 1076 3201 neutro
1090 3156 1200 3217 genere
1221 3145 1251 3199 et
1270 3137 1307 3197 ad
1328 3156 1435 3199 secun·

151 3240 212 3301 dam
226 3239 469 3312 declinationem,
493 3250 526 3305 ut
541 3244 580 3305 sit
594 3242 682 3304 huius
696 3244 803 3313 ostrei,
820 3242 889 3304 huic
905 3250 1019 3317 ostreo,
1036 3242 1102 3319 quia
1119 3240 1190 3301 dicit
1205 3241 1299 3301 Varro
1322 3238 1433 3301 nnllam

152 3360 210 3403 rem
224 3342 382 3405 animalem
398 3355 506 3405 neutro
520 3364 632 3424 genere
647 3344 799 3406 declinari.
817 3365 837 3401 a
859 3344 911 3407 sed
927 3344 1060 3415 latinum,
1077 3350 1111 3405 ut
1124 3341 1226 3405 sedile.
1244 3376 1285 3387 -
1296 3343 1435 3405 Nomen

150 3446 183 3505 in
213 3448 225 3505 i
257 3445 421 3507 vocalem
453 3445 632 3509 desinens
667 3466 755 3510 casu
784 3448 1016 3509 nominativo
1051 3447 1193 3507 numeri
1230 3444 1435 3523 singularis
1451 3454 1480 3501 ιι

121 3555 209 3607 aaut
230 3554 402 3609 neutrum
423 3566 596 3627 graecum
619 3556 686 3621 est,
717 3556 755 3610 ut
776 3550 898 3630 sinapi
925 3551 1075 3628 gummi:
1105 3556 1217 3609 tantum
1240 3554 1435 3628 monoptoton

153 3648 254 3728 excipit
268 3648 312 3710 vel
326 3658 458 3731 aptoton.
475 3684 518 3696 -
540 3652 661 3713 Trium
683 3669 859 3731 generum
883 3659 940 3712 est
961 3660 1129 3732 aptoton,
1154 3658 1192 3713 ut
1213 3650 1328 3730 lrugi:
1354 3656 1435 3731 apto·
1450 3657 1481 3707 16

216 3838 555 3891 accumula-vn
572 3839 597 3891 2.
671 3841 791 3891 laomor
809 3840 880 3906 aspie
897 3838 1030 3889 eom-tae
1099 3836 1221 3888 annueri
1292 3836 1436 3887 ‹tmouilia-

153 3910 280 3957 rumonilia
297 3917 358 3961 aunt
422 3909 533 3961 'idraco
554 3910 664 3959 dracena
683 3909 723 3959 leo
743 3909 815 3959 leena
881 3908 914 3959 10
933 3906 982 3975 lea]
1003 3909 1051 3959 hea
1107 3908 1138 3959 ll
1158 3908 1366 3959 metamorfoseon

153 3978 183 4027 15
199 3978 316 4029 desinens
332 3994 378 4029 reu
396 3981 554 4031 nominatiuo
571 3994 646 4029 casus
664 3978 805 4047 singularia
858 3979 890 4030 ld
908 3980 1058 4047 agrippam
1077 3976 1226 4028 lemiainum
1285 3978 1316 4028 17
1336 3992 1436 4027 maseu-

153 4045 199 4096 liaa
217 4047 337 4099 lemiuioa
408 4049 442 4101 18
459 4051 538 4100 latina
556 4059 580 4099 et
595 4058 684 4099 neuim
700 4064 865 4115 graeeauero
884 4064 977 4115 graeca
1049 4046 1080 4099 19
1095 4048 1219 4115 repperiri
1290 4046 1436 4097 masculinis

215 4116 252 4167 20
267 4119 354 4169 tertiae
372 4120 430 4183 quie
448 4120 556 4170 latinum
574 4134 623 4169 uon
642 4121 743 4171 iuuenis
759 4134 773 4169 a
790 4120 950 4169 terminatum
964 4120 1009 4169 sed
1028 4126 1110 4169 tamen
1128 4132 1250 4185 graecum
1269 4131 1359 4167 nomen
1378 4118 1403 4165 in
1423 4132 1437 4166 e

216 4188 332 4238 nonin
401 4188 482 4257 asel]
501 4206 558 4241 enm
628 4205 704 4239 eom.
775 4192 809 4241 24
825 4191 904 4239 truria
974 4190 1051 4239 catria
1121 4190 1154 4240 25
1173 4188 1204 4238 ad
1223 4188 1332 4238 animum
1402 4186 1436 4237 26

153 4258 185 4305 sie
200 4256 232 4308 ad
251 4266 338 4307 testam
354 4261 459 4310 ostrium
511 4260 618 4311 athon
634 4256 730 4325 ostreo]
748 4260 813 4309 aioni
831 4261 894 4309 ostri
946 4258 1039 4309 dicitur
1057 4273 1132 4308 aratro
1202 4258 1236 4309 29
1255 4258 1375 4307 desinens
1393 4262 1436 4305 ant
1525 4284 1530 4294 ·

154 4338 395 4448 nentrppnruentrum
414 4338 452 4379 est
471 4340 548 4379 ut-
562 4330 603 4379 uei
621 4340 724 4395 aptoton
742 4345 818 4380 mana
836 4330 987 4379 nominatiui
1006 4329 1144 4395 singularis
1163 4330 1238 4379 trium
1291 4326 1326 4379 30
1343 4326 1437 4377 cummi

274 4414 322 4465 ngr

217 4555 231 4604 l
249 4563 273 4603 et
285 4551 367 4621 torno]
394 4556 474 4620 Vera.
485 4570 573 4621 penny.
588 4556 609 4603 n
624 4554 677 4608 449
745 4554 764 4605 9
781 4552 883 4603 mobilia
897 4562 962 4603 certe
975 4567 1024 4603 uon
1041 4563 1100 4603 aunt
1119 4552 1250 4604 Putaeiinr
1322 4552 1352 4603 11
1373 4550 1436 4601 libro

156 4620 247 4689 quarto]
266 4641 289 4675 a.
310 4622 360 4675 102
447 4627 483 4674 ‘25
501 4628 532 4675 od
552 4628 668 4675 animans
687 4624 821 4677 Puteolana
908 4622 941 4673 '27
965 4625 1091 4675 Varronis
1108 4630 1269 4689 praeceptam
1290 4622 1327 4671 ad
1349 4620 1436 4673 tibraan

154 4692 295 4743 nuceam
312 4694 343 4744 de
358 4696 444 4761 lienam
462 4696 557 4746 balina
572 4698 669 4747 rettulit
690 4698 829 4747 Witmanna
842 4694 875 4744 de
890 4694 969 4744 Varr.
986 4692 1046 4745 libr.
1061 4710 1164 4759 proram.
1183 4708 1208 4755 p.
1226 4692 1259 4745 32
1277 4700 1302 4743 et
1318 4692 1382 4743 151:
1399 4692 1434 4753 cs.

155 4762 223 4826 Sera.
242 4766 345 4827 explan.
362 4766 389 4814 ia
406 4767 471 4816 Dan.
487 4781 514 4830 p.
535 4766 595 4829 49⁰2,
614 4766 647 4816 37
665 4781 721 4831 sqq.
793 4764 828 4815 28
845 4764 892 4813 aed
910 4764 1013 4813 latinum
1032 4774 1059 4813 ιιι
1077 4764 1159 4813 aedile
1174 4762 1211 4813 ad
1227 4780 1258 4813 ea
1276 4778 1340 4829 patae
1357 4776 1436 4825 capra

155 4846 175 4879 v.
184 4833 216 4882 21
227 4834 259 4882 de
275 4836 370 4886 aarum
385 4838 411 4887 ia
425 4852 440 4885 e
456 4837 564 4887 aoeakra
581 4837 711 4886 desinente
725 4836 795 4886 dieta
811 4842 870 4885 ma
886 4834 1023 4896 pertineat.
1043 4834 1140 4885 videtur
1158 4841 1238 4885 anian
1255 4833 1386 4883 adnotatio
1404 4831 1436 4881 de

154 4901 270 4964 seuiaiaia
282 4905 384 4971 praeda
400 4906 535 4957 minuce.
555 4922 635 4973 qnare
651 4908 765 4957 lacunam
783 4904 892 4955 indicari
