3525 5600
683 367 920 431 GOMMENTVM
1387 366 1451 434 253

1267 489 1288 530 p.
1301 477 1391 520 aot-tt
1404 478 1426 518 1„

176 577 236 637 ergo
257 557 284 616 in
307 554 476 618 nominibus
498 556 614 617 numeri
636 562 750 618 tantum
772 555 896 636 pluralis
917 557 957 618 ita
972 557 1106 626 iacimus,
1128 555 1268 618 Puteolos
1289 557 1371 628 vado,
1394 557 1451 618 Pu·

176 659 249 722 leolis
269 661 369 728 venio,
393 656 522 720 Athenas
544 657 633 728 vado,
657 657 779 720 Athenis
800 661 897 720 venio.
940 659 995 719 ista
1022 656 1193 738 planissima
1219 667 1302 730 sunt,
1332 660 1451 737 quando

175 762 205 824 ad
224 761 326 830 locum,
350 762 532 830 accusativo;
567 760 685 838 quando
713 759 749 821 de
772 759 851 832 loeo,
874 762 1012 841 septimo.
1058 759 1176 838 quando
1204 761 1236 820 in
1263 759 1343 832 loco,
1371 764 1451 823 varia

175 873 212 926 est
235 862 375 924 dubitatio
403 865 524 924 omnino
553 870 582 922 ct
609 863 716 941 gravis.
762 862 814 924 sed
844 869 941 924 nmen
971 862 1174 924 discreverunt
1204 881 1269 924 earo
1299 862 1376 925 bene
1404 863 1451 924 his

154 965 279 1044 rregvvlis.
322 984 433 1045 quaere
455 967 550 1045 ipsius
571 965 696 1026 civitatis
718 967 918 1027 nominativus
940 982 998 1044 quo
1020 963 1109 1026 modo
1131 971 1224 1035 exeat,
1248 973 1347 1026 ulrum
1369 965 1401 1026 in
1417 984 1451 1026 ns

174 1075 254 1137 exeat,
276 1086 314 1128 an
335 1069 366 1128 in
391 1085 450 1128 um.
484 1065 602 1145 qnando
625 1085 697 1146 ergo
719 1068 750 1129 in
772 1066 839 1130 loco
861 1069 1038 1146 quaerimus,
1062 1067 1102 1126 ita
1124 1065 1267 1128 debemus
1288 1068 1396 1134 lacere.
1419 1075 1452 1128 ut

173 1187 333 1248 quaeramus
353 1171 448 1248 ipsius
470 1171 593 1231 civitatis
615 1171 840 1231 nominativum:
863 1171 889 1230 si
903 1171 967 1248 ipse
982 1170 1179 1231 nominativus
1201 1169 1326 1229 civitatis
1347 1175 1398 1229 ant
1419 1171 1450 1228 iu

172 1273 300 1334 nsautin
322 1290 372 1332 um
395 1273 507 1342 exierit,
531 1269 703 1352 sefcundum
717 1273 888 1352 genetivum
908 1271 965 1341 lae,
988 1279 1022 1332 ut
1042 1278 1113 1350 puta
1128 1268 1327 1332 Mediolanum
1350 1270 1450 1332 Delus.
1566 1352 1570 1365 .

172 1373 356 1436 Mediolanum
385 1375 415 1435 in
444 1393 495 1436 um
518 1376 586 1444 crit,
611 1373 699 1438 Delus
721 1378 752 1436 in
776 1394 810 1436 us
833 1376 893 1435 exit
921 1375 1117 1436 nominativo:
1140 1374 1171 1433 in
1193 1372 1260 1434 loco
1283 1375 1314 1434 in
1335 1375 1347 1432 i
1369 1374 1449 1435 lacit.

143 1493 234 1555 nergo
254 1475 322 1537 ‘ubi
344 1473 467 1540 luisti'l
494 1476 576 1538 ‘lleli
598 1463 680 1538 inis
716 1476 784 1538 ‘ubi
813 1477 932 1538 luisti’l
959 1473 1135 1538 ‘Mediolani
1162 1475 1233 1536 iui'.
1277 1474 1449 1536 adverbium

172 1577 221 1639 loci
244 1580 273 1639 iu
300 1577 366 1640 loco
394 1577 557 1640 secundum
585 1579 754 1657 genetivum
782 1580 812 1640 in
835 1581 845 1638 i
868 1579 953 1648 lacit,
978 1576 1097 1655 quando
1119 1576 1319 1638 nominativus
1347 1575 1393 1636 vel
1415 1596 1450 1638 ns

171 1680 210 1740 vel
229 1697 276 1742 um
298 1682 390 1743 luerit
410 1681 601 1750 terminatus;
630 1689 699 1760 puta
721 1681 820 1742 Naxus
842 1679 956 1741 Aradus
977 1679 1090 1742 insulae
1112 1686 1190 1740 sunt.
1236 1675 1306 1737 ‘obi
1332 1677 1448 1739 luisti‘t'

172 1781 249 1844 ‘Naxi
270 1782 345 1852 lui'‚
377 1782 483 1844 ‘Aradi
509 1783 585 1844 lni’:
615 1784 645 1842 iu
673 1781 739 1844 loco
765 1784 927 1844 secuudum
950 1785 1132 1857 genetivum,
1156 1783 1181 1842 si
1202 1780 1399 1841 nominativus
1420 1782 1451 1840 in

172 1903 201 1946 ns
225 1884 266 1946 vel
293 1885 324 1945 in
352 1903 402 1946 um
430 1886 543 1946 exierit.
588 1886 614 1946 si
641 1891 740 1946 autem
769 1901 867 1962 neque
890 1886 921 1946 in
948 1903 984 1945 us
1012 1901 1109 1961 neque
1136 1884 1167 1944 in
1190 1901 1255 1954 um,
1279 1881 1332 1943 sed
1355 1881 1450 1952 aliter,

143 1994 231 2066 reputa
251 1987 339 2048 Baiae
360 1986 510 2058 Athenae,
532 1989 591 2048 iam
613 1985 777 2048 secundom
801 1987 931 2047 dativum
952 1985 1110 2047 adsumere
1132 1983 1235 2045 hahes.
1279 1983 1374 2046 'l'ihur
1395 2003 1452 2044 nec

171 2091 196 2150 io
215 2107 246 2150 us
267 2091 327 2150 exit
348 2106 404 2150 nec
425 2089 456 2149 in
479 2107 544 2156 um;
569 2107 641 2167 ergo
663 2087 756 2152 Tibur
771 2087 892 2149 Tiburis
907 2087 1026 2157 Tiburi,
1051 2085 1158 2148 dativo.
1193 2086 1264 2148 ‘ubi
1286 2095 1317 2148 tu
1340 2087 1450 2148 luistil’

171 2189 278 2250 ‘Tiburi
311 2190 380 2251 lui'.
428 2189 564 2251 similitor
595 2189 744 2270 Karthago
779 2189 966 2269 Karthaginis
1000 2189 1183 2267 Karthagini.
1229 2189 1299 2251 ‘ubi
1333 2188 1450 2250 luisti‘t’

172 2291 348 2372 ‘Karthagini
370 2292 440 2353 lni’.
485 2298 557 2372 puta
580 2291 673 2354 Roma
695 2309 792 2369 neque
813 2294 845 2352 in
868 2310 905 2354 ns
925 2311 1023 2372 neque
1045 2293 1075 2352 in
1098 2309 1149 2352 um
1171 2292 1244 2361 exit,
1268 2292 1343 2352 haec
1357 2290 1451 2352 Roma

172 2393 249 2456 huius
269 2395 382 2456 Romae
405 2392 474 2456 huic
496 2393 617 2455 Romae.
664 2393 734 2456 ‘uhi
757 2394 873 2456 luisti‘t'
903 2393 1033 2455 ‘Romae
1054 2393 1126 2454 lui’.
1171 2401 1202 2454 et
1222 2394 1254 2452 in
1275 2392 1333 2452 illis
1355 2393 1450 2453 nomi·

143 2495 248 2556 ovibus
269 2497 386 2557 numeri
409 2503 523 2558 tantum
545 2495 671 2576 pluralis
685 2503 718 2557 ut
732 2497 808 2557 scias
830 2495 953 2557 eandem
977 2513 1043 2557 esse
1065 2503 1178 2556 tantum
1194 2494 1284 2556 modo
1306 2494 1449 2573 regulam,

171 2596 274 2658 Puteoli
300 2597 492 2660 Puteolorum
519 2597 659 2660 Puteolis.
705 2597 774 2660 ‘ubi
800 2597 917 2660 luistil'
949 2595 1096 2659 ‘Puteolis
1129 2597 1197 2658 lvri'.
1243 2613 1303 2657 oon
1329 2613 1450 2675 possum

172 2699 261 2760 dicere
292 2699 499 2771 Puteolorum,
536 2700 589 2761 sed
621 2699 760 2762 Puteolis.
812 2701 900 2762 Baiae
931 2699 1070 2762 Maiarum
1103 2699 1191 2760 baiis.
1235 2696 1303 2759 ‘ubi
1335 2697 1450 2758 luisti‘t'
1505 2699 1509 2706 '

171 2802 256 2863 ‘Ratis
276 2804 348 2864 lui'.
378 2805 451 2865 istae
473 2802 594 2882 regulae
609 2804 795 2866 firmissimae
818 2810 901 2871 sunt,
925 2821 981 2863 nee
1003 2802 1089 2864 aliter
1110 2800 1254 2863 debemus
1275 2798 1365 2881 loqui.
1396 2818 1452 2861 nee

173 2922 217 2965 vos
236 2905 331 2966 habat
358 2908 520 2967 auctoritas
541 2904 717 2987 plerumque
744 2912 860 2985 sumpta
888 2923 945 2984 pro
966 2904 1151 2965 necessitate.
1195 2921 1264 2966 nam
1285 2904 1451 2964 invenimus

142 3006 239 3085 aaapud
261 3014 396 3069 auctores
425 3008 504 3069 varie
532 3008 709 3087 aliquotiens
736 3008 830 3087 posita
858 3005 903 3067 vel
925 3023 1021 3068 causo
1042 3004 1238 3067 clausularum
1262 3004 1307 3066 vel
1327 2984 1451 3085 propter

171 3115 264 3169 metra.
306 3108 453 3172 hahemus
475 3128 566 3171 unum
592 3108 596 3192 Ι
621 3106 789 3189 exemplum
813 3109 889 3188 apud
914 3108 1088 3187 Vergilium,
1110 3109 1188 3189 apud
1211 3107 1380 3170 Sallustium
1404 3126 1450 3167 se-

171 3209 222 3271 mel
241 3210 366 3281 dictum,
390 3212 467 3292 apud
492 3212 664 3274 Ciceronem
688 3210 733 3272 bis
756 3208 876 3273 dictum.
923 3210 1081 3292 numquid,
1105 3212 1243 3289 qnoniam
1265 3209 1357 3271 semel
1378 3208 1452 3287 legi·

171 3313 203 3372 sti
223 3313 295 3392 apud
319 3314 480 3393 Vergilium
502 3322 552 3377 aut
574 3313 667 3375 semel
690 3313 766 3393 apud
790 3313 979 3385 Ciceronem,
1009 3316 1068 3377 iarn
1090 3313 1184 3375 debes
1205 3312 1262 3374 hoc
1285 3313 1344 3376 otii
1381 3330 1452 3373 ecce

170 3414 304 3493 Vergilius
332 3415 424 3477 semel
448 3434 520 3478 usus
543 3418 734 3485 catislare,
765 3414 892 3496 ‘Tyria
919 3416 1147 3495 Karthagine
1176 3417 1238 3496 qui
1264 3433 1362 3477 nune
1389 3434 1450 3477 ex·

140 3522 309 3594 npectat’.
355 3526 504 3598 expectet,
535 3520 587 3590 ait,
618 3519 782 3580 Mercurios
815 3517 1006 3597 Karthagine.
1051 3517 1121 3598 quid
1154 3517 1298 3579 debuerat
1329 3517 1449 3580 diceret

170 3620 311 3697 ‘aspectat
338 3620 556 3699 Karthagini’;¹
574 3620 737 3682 secundom
765 3619 894 3681 dativum
923 3620 1039 3689 debuit,
1069 3627 1099 3680 et
1126 3638 1198 3681 usus
1220 3628 1266 3680 est
1287 3620 1450 3681 secundum

169 3718 325 3783 ablativum.
374 3722 422 3783 dic
451 3730 483 3784 tu
511 3722 609 3792 aliter,
644 3731 677 3785 ut
704 3724 781 3783 scias
809 3724 950 3803 quoniam
985 3723 1162 3783 necessitate
1194 3720 1251 3782 hoc
1284 3720 1368 3791 lecit,
1402 3720 1450 3781 dic

170 3820 264 3901 ‘Tyria
286 3822 460 3903 Karthagini
483 3828 533 3904 qui
557 3843 636 3887 nunc
659 3829 819 3906 expectat’.
864 3824 930 3885 vide
954 3826 980 3886 si
1004 3833 1062 3886 stat
1083 3823 1203 3885 versusl
1240 3825 1361 3884 omnino
1390 3840 1450 3883 non

169 3930 267 4001 potest.
298 3944 368 4005 ergo
383 3944 473 3988 causa
489 3928 576 3988 metri
591 3926 649 3988 hoc
670 3928 753 3997 lecit,
777 3944 837 3987 non
858 3944 915 4006 per
934 3927 1120 4007 inperitiam,
1143 3925 1196 3987 scd
1219 3932 1342 4005 propter
1363 3926 1452 3985 metri

140 4028 373 4089 nenecessitatem.
419 4028 493 4089 alter
520 4032 622 4091 nescio
651 4030 701 4110 qui
734 4030 805 4089 lecit
831 4032 862 4089 tn
892 4046 995 4105 prosa.
1040 4030 1123 4091 siin
1150 4046 1240 4109 prosa
1267 4027 1325 4089 hoc
1350 4027 1449 4098 iacias,

170 4126 274 4191 invenis
294 4131 424 4211 quinque
446 4128 559 4209 longas.
605 4130 673 4193 ideo
696 4140 793 4193 autem
816 4133 954 4202 mutavit,
983 4137 1016 4193 ut
1035 4141 1136 4212 posset
1158 4130 1267 4193 bonam
1290 4127 1450 4191 clausulam

171 4279 462 4293 Ἠ-

233 4386 368 4451 lputeclis
387 4388 464 4439 uenio
481 4396 505 4438 ct
521 4388 547 4438 io
566 4388 711 4439 nominibus
735 4388 833 4438 numeri
852 4396 949 4438 tautum
968 4387 1075 4455 pluralis
1094 4385 1200 4437 athenas
1218 4386 1284 4438 uado
1299 4384 1383 4437 ABG

173 4450 201 4503 13
215 4458 351 4507 secondum
373 4459 519 4524 genetivum
537 4474 583 4511 om.
601 4457 685 4508 ABG
776 4460 808 4509 15
830 4458 907 4507 liciae
927 4455 1052 4525 Athenae]
1073 4457 1221 4508 benectioce
1239 4457 1298 4507 AB
1315 4454 1450 4507 beneueoti

172 4521 252 4574 sthene
271 4526 291 4576 Θ
311 4528 444 4578 heoeoeoti
463 4528 589 4579 adthsnse
609 4529 624 4577 h
695 4529 728 4581 16
750 4529 830 4579 cxiuit
849 4529 923 4579 Bca
945 4530 1032 4593 exiuot
1049 4528 1074 4577 Α
1144 4529 1177 4577 25
1197 4528 1279 4593 positu
1298 4527 1450 4591 aliquotiens

172 4590 193 4639 B
257 4596 295 4647 vel
313 4612 391 4647 causa
405 4600 574 4649 clausularum
593 4599 779 4651 Ltudemunnus
792 4600 832 4649 uel
849 4598 1017 4649 clausularum
1035 4597 1089 4648 ΑΘ
1106 4598 1277 4647 clausularum
1295 4597 1319 4647 B
1338 4599 1377 4647 uel
1391 4610 1450 4662 pro·

172 4668 220 4725 pter
236 4665 358 4717 clausulas
376 4668 391 4717 b
475 4669 510 4721 26
527 4668 595 4737 apud
615 4666 770 4735 Sallustium]
787 4670 822 4732 cf.
843 4670 943 4722 Gledosv.
962 4683 989 4732 p,
1011 4665 1078 4719 1876
1164 4667 1197 4717 ‘tt
1217 4667 1285 4731 apud
1303 4666 1450 4717 Ciceronem

174 4732 205 4781 bis
222 4734 310 4787 dictum
328 4752 373 4790 ora.
386 4739 420 4805 A,
433 4738 524 4791 adde
594 4738 628 4789 29
647 4736 734 4805 Tyria]
760 4739 920 4803 Vargula.
940 4738 1054 4788 1111224
1115 4736 1149 4789 32
1166 4738 1248 4787 dicto
1266 4738 1340 4787 aliter
1357 4739 1450 4793 ora.A,

173 4802 278 4871 iumurg.
298 4808 389 4858 add-e
446 4806 577 4875 quoniam]
596 4808 723 4873 quomodo
742 4808 825 4859 Aac
887 4808 961 4858 atsi
979 4824 1026 4861 om.
1047 4804 1136 4868 ABG,
1159 4807 1254 4857 auno
1324 4808 1359 4858 35
1378 4807 1451 4859 aliter

174 4884 231 4927 cerr.
250 4877 310 4929 alter
329 4878 352 4929 B
423 4878 482 4929 lecit
500 4880 522 4931 si
542 4881 567 4928 in
588 4893 664 4947 prosa
682 4878 730 4929 hoc
745 4878 825 4931 lacius
840 4878 925 4930 ABG
991 4876 1026 4930 66
1044 4885 1071 4927 nt
1090 4879 1173 4945 possit
1186 4876 1240 4929 ΑΘ
