3525 5600
325 366 367 428 99
892 364 1044 426 l’llbll‘llll

325 558 378 631 qul
396 557 579 616 calumniari
597 555 661 614 tibi:
689 554 763 613 elicit
782 553 834 612 libi
854 555 918 622 r'llc,
942 571 1036 627 quare
1057 567 1115 612 non
1138 553 1213 612 dicis
1233 553 1333 618 cuias,
1357 551 1411 609 sed
1430 551 1523 610 cuias.
1563 545 1614 609 dc·

324 655 421 741 nique
448 677 489 718 ne
517 637 621 716 dicam
649 662 755 717 totum
782 651 844 716 boc
871 673 973 736 genus
1004 652 1083 716 artis
1106 650 1230 714 Donati
1253 647 1469 735 explicandae
1491 669 1533 712 ex
1555 671 1614 712 usu

325 754 509 820 scholarum
530 755 742 841 repetendum
764 776 852 835 esse,
881 753 1023 819 verbosa
1044 764 1077 818 et
1099 751 1233 839 puerilis
1256 750 1421 818 tractandi
1444 750 1528 815 ratio
1552 771 1614 812 mo·
1720 798 1721 838 3

323 855 501 922 lestissima
521 879 630 921 rerum
652 857 898 921 tritissimarum
920 856 1111 942 repetitione
1134 853 1303 919 fastidium
1325 875 1439 918 ereans
1462 851 1524 916 hae
1546 849 1614 915 sola

323 982 358 1022 re
381 959 523 1045 quodam
544 959 640 1023 modo
656 959 710 1024 vol
725 969 901 1022 excusatur
916 957 968 1022 vel
983 956 1202 1043 intellegitur,
1225 954 1314 1042 quod
1338 953 1521 1022 scholarum
1543 975 1615 1018 con-

252 1052 257 1071 ’
324 1061 527 1126 suetudinem
548 1061 783 1145 grammaticus
807 1059 980 1126 scribendo
1002 1060 1151 1124 imitatus
1175 1068 1233 1122 est.
1285 1101 1287 1104 -

407 1164 448 1228 In
469 1163 592 1246 regulis
615 1175 725 1228 autem
746 1163 870 1228 Donati
894 1163 1095 1248 exponendis
1119 1184 1184 1227 non
1206 1170 1377 1246 utramque
1400 1171 1503 1225 artem
1526 1181 1636 1223 secu-0

324 1275 376 1330 tus
399 1275 450 1329 est
471 1265 525 1329 bic
547 1267 698 1351 scriptor,
722 1265 808 1332 sicut
830 1265 963 1330 Servius
986 1275 1019 1330 ot
1041 1263 1237 1344 Cledonius,
1262 1263 1320 1328 sed
1344 1261 1383 1327 de
1404 1262 1515 1349 priore
1537 1271 1614 1340 arte,

323 1366 384 1431 hoc
406 1379 457 1433 est
478 1367 519 1431 de
541 1367 666 1432 minore
688 1377 759 1432 octo
781 1369 925 1453 partium
948 1368 1103 1434 orationis
1126 1367 1344 1452 expositione,
1360 1387 1466 1450 pauca
1487 1363 1614 1451 praefa-

249 1454 260 1472 ’
324 1479 376 1533 tus
398 1469 526 1555 inipso
549 1467 632 1534 libro
654 1477 758 1534 totum
780 1491 815 1532 so
832 1469 924 1533 dedit
945 1467 989 1533 ad
1010 1470 1225 1555 posteriorem
1248 1478 1353 1532 artem
1375 1465 1614 1554 exponendam,

216 1611 227 1630 .
323 1569 422 1656 idque
443 1571 515 1656 ipse
537 1571 572 1634 in
593 1570 658 1634 fine
679 1571 837 1656 prooemii
859 1569 1007 1636 indicare
1030 1571 1171 1652 videtur,
1195 1593 1226 1655 p.
1251 1570 1270 1632 8
1293 1575 1424 1634 dirimas
1445 1589 1517 1648 erqo
1540 1590 1615 1649 que-

323 1679 405 1735 niam
426 1676 498 1736 bate
516 1677 747 1749 [eruderatus
768 1684 887 1752 partem
909 1678 992 1736 illam
1012 1679 1145 1752 priorem
1167 1677 1297 1738 scribere
1318 1677 1492 1749 infantibus,
1514 1683 1615 1751 paste-

323 1782 432 1840 riorem
459 1780 601 1840 omnibns.
639 1787 684 1839 est
707 1780 785 1839 enirn
807 1779 925 1840 robusta
946 1786 975 1839 et
996 1781 1085 1840 utilis.
1122 1779 1243 1839 inchoat
1265 1781 1413 1840 alitteris
1437 1781 1494 1838 ista
1514 1780 1615 1853 parti-

323 1883 392 1940 cula
422 1898 500 1954 quae
531 1882 649 1942 uberior
680 1889 723 1940 est
753 1887 782 1940 ct
812 1882 900 1941 babel
934 1888 1102 1940 tractatum.
1136 1887 1307 1961 praeterea
1340 1875 1483 1962 priorem
1512 1885 1616 1940 artem

324 1977 463 2043 strictim
490 1979 687 2044 memoravit
714 1979 765 2042 his
792 1978 890 2061 locis,
913 2001 946 2065 p.
961 1979 1029 2049 Ι211
1053 1985 1099 2043 uel
1119 1986 1163 2042 sic
1184 1987 1271 2043 etiarn
1292 1985 1410 2058 potestis
1431 1982 1509 2042 illud
1529 1983 1616 2040 calli-

321 2101 409 2157 qerc,
436 2099 522 2158 quern
549 2087 592 2144 ad
617 2087 734 2145 modurn
761 2087 871 2158 leqistr's
899 2089 930 2146 in
957 2086 1148 2162 primordiis.-
1176 2088 1434 2160 quotienscumque
1460 2086 1548 2143 tertia
1575 2091 1617 2142 est

323 2186 494 2255 declinatio,
517 2188 663 2248 ablaticus
683 2190 847 2261 sinqularls
867 2205 885 2248 e
906 2192 1074 2263 correptum
1097 2187 1200 2254 babet·
1233 2187 1341 2247 66111116
1362 2189 1617 2262 quotienscumque

320 2287 418 2361 suerit
442 2291 545 2364 quinta
566 2291 740 2357 declinatio,
766 2307 784 2348 e
800 2291 982 2366 productam
1004 2290 1109 2357 babea-
1138 2307 1169 2370 p.
1192 2285 1254 2350 ‘253
1282 2289 1336 2350 sed
1357 2291 1488 2350 dirimas
1509 2292 1542 2348 ln
1563 2290 1617 2346 r'lla

320 2393 423 2465 priore
450 2397 540 2466 parte
572 2395 660 2460 artis,
693 2391 727 2450 ld
752 2400 796 2450 est
820 2395 852 2451 ln
878 2392 1095 2468 superioribus,
1124 2408 1187 2452 esse
1215 2394 1318 2466 aliqua
1338 2393 1517 2466 pronomina
1540 2406 1617 2464 quae

322 2500 460 2554 uerrunt
484 2495 516 2552 r'n
542 2495 673 2568 casian,
700 2509 764 2553 esse
790 2496 896 2567 aliqua
923 2511 999 2569 qaae
1027 2496 1221 2563 decrescant‚·
1247 2513 1281 2576 p.
1303 2489 1366 2553 339
1387 2493 1618 2568 siqulfieatr'cnes

322 2589 538 2656 adverbiorum*
558 2599 668 2656 multae
692 2603 778 2665 sunt,·
803 2598 914 2670 leqr'stls
943 2598 1010 2655 illas
1037 2599 1067 2656 ia
1087 2599 1189 2670 prima
1207 2603 1298 2671 parte
1320 2596 1411 2664 arlia·
1433 2614 1465 2677 p.
1488 2590 1552 2654 359
1574 2589 1617 2653 de

322 2693 494 2780 participio
521 2701 666 2773 pleraque
694 2699 767 2758 dicit
792 2715 869 2772 quae
895 2709 924 2758 et
950 2701 981 2758 in
1002 2699 1156 2774 superiore
1177 2706 1243 2760 arte
1264 2699 1449 2768 memorauit,
1470 2699 1618 2773 pleraque

322 2802 424 2871 addit·
449 2820 482 2883 p.
505 2797 568 2862 369
595 2796 673 2863 item
701 2795 742 2863 de
769 2797 943 2884 participio
970 2802 1026 2862 boc
1053 2809 1095 2861 est
1123 2803 1202 2877 qaod
1227 2806 1350 2876 leqr'mus
1376 2805 1464 2862 etiarn
1492 2803 1523 2860 in
1551 2808 1619 2860 arte

322 2906 492 2977 superiora·
520 2922 552 2985 p.
575 2899 637 2963 399
658 2920 775 2979 semper
796 2905 931 2963 Donatus
951 2907 1029 2963 clam
1051 2911 1194 2979 conputat
1214 2906 1291 2965 inter
1313 2904 1457 2963 ablatiaas
1477 2918 1617 2979 praepo-

321 3008 453 3072 sitiones,
482 3012 511 3065 ct
537 3009 569 3065 in
596 3008 660 3065 alla
683 3015 773 3081 parte
793 3010 870 3067 artis
891 3008 946 3067 liae
964 3007 1053 3085 seclt,
1082 3015 1110 3066 et
1131 3008 1180 3066 lile
1198 3005 1275 3079 sealt
1294 3008 1359 3067 bae.
1397 3000 1554 3089 equibus
1577 3024 1619 3064 ca

323 3126 406 3189 quae
426 3104 568 3189 primum
590 3104 685 3191 posui
707 3103 748 3171 dc
770 3102 915 3169 ablativo
930 3106 1063 3191 quintae
1078 3114 1111 3169 et
1133 3106 1248 3170 tertiae
1270 3104 1498 3169 declinationis
1521 3112 1554 3167 et
1576 3103 1618 3167 dc

322 3205 568 3291 pronominibus
598 3228 795 3293 quamquam
821 3206 868 3271 ita
896 3206 1040 3291 intellegi
1067 3218 1223 3292 possunt,
1252 3208 1347 3295 quasi
1375 3206 1416 3272 de
1442 3206 1494 3271 his
1516 3206 1618 3271 rebus

323 3308 358 3371 in
385 3309 617 3372 commentario
645 3310 763 3395 prioris
785 3310 865 3373 artis
888 3310 1122 3394 grammaticus
1145 3309 1284 3391 dixerit,
1312 3320 1422 3373 tamen
1444 3309 1525 3373 satis
1549 3329 1617 3371 cer-

323 3420 392 3473 tum
418 3410 488 3474 cius
516 3412 564 3474 rei
590 3410 746 3476 indicium
773 3434 839 3475 non
865 3413 1042 3477 continent.
1086 3435 1162 3477 nam
1187 3410 1245 3475 illa
1273 3412 1313 3477 de
1343 3410 1619 3477 declinationibus

322 3513 489 3576 nominum
520 3512 635 3577 referri
667 3522 805 3598 possunt
836 3514 879 3578 ad
913 3536 951 3578 ea
979 3536 1062 3601 quae
1089 3514 1124 3577 in
1151 3536 1216 3579 non
1242 3511 1341 3579 nullis
1371 3512 1618 3600 exemplaribus

322 3614 448 3679 Donati
474 3636 505 3699 p.
529 3614 609 3697 356,
632 3615 678 3679 36
696 3616 820 3701 scripta
842 3626 919 3679 sunt
941 3615 993 3681 vel
1016 3616 1058 3680 ad
1081 3638 1226 3703 eaquae
1249 3617 1290 3681 dc
1311 3615 1362 3681 his
1386 3614 1507 3700 regulis
1531 3638 1617 3679 cern-

323 3723 487 3781 mentatus
519 3726 570 3780 est
603 3716 737 3781 Servius
771 3740 801 3805 p.
826 3718 906 3797 408,
929 3718 970 3782 36
993 3740 1063 3805 sqq.
1097 3718 1138 3783 de
1165 3718 1411 3805 pronominibus
1444 3727 1556 3782 autem
1584 3718 1618 3781 in

232 3838 236 3843 ’
322 3819 453 3884 casibus
475 3818 696 3883 crescentibus
719 3816 772 3882 vel
794 3819 1058 3884 decrescentibus
1080 3820 1161 3883 nihil
1183 3822 1341 3905 scriptum
1363 3820 1467 3883 estin
1489 3820 1618 3884 minore

288 3981 292 3986 .
322 3932 394 3985 arte
415 3921 553 4000 Donati,
577 3920 634 3983 sed
656 3920 791 3985 Servius
814 3931 847 3985 et
868 3920 903 3983 in
925 3923 1156 3987 commentario
1179 3923 1213 3984 in
1235 3923 1320 3986 hane
1341 3931 1468 4007 partem
1490 3944 1522 4008 p.
1540 3922 1615 4004 410,

322 4022 364 4086 32
385 4021 467 4087 illud
488 4024 644 4087 tractavit
665 4034 698 4087 et
720 4024 754 4086 in
775 4023 1007 4087 commentario
1025 4024 1213 4109 posterioris
1235 4024 1340 4110 partis
1362 4045 1395 4110 p.
1410 4024 1473 4089 436
1495 4024 1616 4089 iisdem

322 4123 392 4188 fere
407 4125 533 4205 verbis,
556 4124 674 4210 quibus
690 4124 864 4211 Pompeius
887 4148 966 4189 usus
989 4134 1054 4207 est,
1078 4148 1116 4190 ea
1138 4125 1236 4191 dere
1259 4148 1294 4190 se
1318 4125 1467 4211 superius
1490 4124 1619 4189 dixisse

323 4226 447 4293 scribit.
484 4248 599 4312 quare,
626 4249 700 4290 cum
727 4226 901 4313 Pompeius
930 4228 1160 4292 commentario
1189 4216 1296 4292 Sc'rvii
1323 4250 1401 4291 usus
1436 4226 1494 4307 sit,
1530 4228 1618 4292 sicut

322 4350 401 4393 mox
423 4328 733 4410 demonstrabimus,
756 4327 820 4393 huc
841 4329 950 4415 potius
973 4332 1077 4395 verba
1099 4330 1139 4393 de
1162 4330 1281 4416 quibus
1304 4329 1413 4413 agitur
1435 4328 1556 4410 refero,
1581 4340 1619 4394 ut

322 4454 389 4495 non
415 4428 563 4515 Pompeii
590 4427 708 4516 aliquis
735 4432 986 4496 commentarius
1011 4432 1229 4513 significetur,
1253 4432 1311 4497 sed
1334 4454 1377 4497 ex
1398 4430 1506 4497 Servii
1529 4453 1617 4495 eom·

323 4533 481 4597 mentario
508 4531 589 4595 haee
616 4532 756 4618 repetita
783 4534 858 4597 sint.
894 4532 1022 4618 reliqua
1043 4556 1120 4599 vcro
1148 4556 1231 4621 quae
1254 4556 1354 4620 supra
1374 4532 1469 4620 posui
1492 4532 1536 4597 ad
1559 4534 1619 4597 mi·

322 4654 435 4697 norem
457 4644 562 4699 artem
583 4634 707 4699 Donati
729 4634 909 4719 pertinent,
933 4634 973 4699 dc
996 4634 1162 4699 adverbiis
1186 4636 1227 4701 ad
1249 4637 1335 4701 Don.
1359 4635 1480 4722 petil,
1499 4636 1551 4717 18,
1577 4636 1618 4700 de

322 4736 505 4819 participiis
535 4734 578 4798 ad
605 4734 692 4800 lion.
720 4758 752 4821 p.
775 4738 857 4817 363,
882 4736 938 4815 12,
968 4736 1009 4800 de
1038 4738 1276 4822 praepositione
1299 4738 1383 4803 clam
1405 4736 1448 4802 ad
1470 4736 1557 4803 Don.
1584 4761 1616 4825 p.

323 4835 397 4918 365,
419 4836 471 4900 22.
494 4838 604 4923 itaque
626 4838 782 4903 maiorem
804 4847 908 4902 artem
929 4837 1052 4903 Donati
1074 4839 1122 4902 ita
1144 4850 1274 4905 secutus
1297 4850 1346 4905 est
1368 4840 1556 4929 Pompeius,
1580 4852 1618 4908 ut
