3525 5600
337 405 400 468 616
895 406 1077 470 macunen

364 527 385 568 p.
398 515 499 556 2750—62
512 513 536 556 P.

339 595 423 656 verbi
445 597 591 675 positione
614 597 713 656 luerat
735 598 800 655 eius
822 596 985 664 indicium,
1008 594 1176 675 καλοῦμαι
1198 592 1358 674 καλεῖται,
1380 588 1432 656 ὅτι
1455 594 1547 656 καλοῖ
1567 615 1618 656 κα-

338 695 418 777 λεῖς,
441 698 569 758 secunda
591 698 623 757 in
645 717 666 757 α
689 704 811 778 propter
833 697 958 758 eandem
980 716 1108 766 eausam,
1132 695 1275 777 τιμῶμαι
1290 696 1431 778 τιμᾶται,
1454 691 1506 758 ὅτι
1522 699 1618 779 τιμᾷς.

338 807 459 860 namet
484 797 668 879 χροσοῦται
690 799 759 860 ideo
780 802 891 860 retinet
914 820 973 879 ου,
1000 801 1069 879 quia
1092 801 1259 878 propinqua
1286 801 1383 878 priori
1409 807 1470 860 est:
1504 809 1619 880 utraque

338 902 418 972 enirn
441 899 641 980 diphthongus
663 920 696 962 οι
717 909 747 962 et
769 921 812 962 ου
833 920 928 981 pero
956 901 1085 964 litteram
1114 907 1331 981 conponuntur.
1374 902 1508 962 laturum
1531 908 1620 962 autem

338 996 603 1082 περισπωμένων
631 1010 661 1063 et
687 1005 717 1063 in
746 1003 900 1082 barytonis
926 1011 987 1064 tam
1014 1021 1157 1084 praesens
1178 1021 1266 1083 quam
1289 1005 1423 1064 laturum
1444 1022 1463 1063 ο
1489 1003 1640 1072 litterama

337 1121 412 1181 quae
434 1103 493 1163 init
513 1105 695 1183 paenultima
718 1107 840 1185 primae,
863 1123 918 1184 par
935 1105 1052 1166 tertiam
1078 1108 1107 1165 in
1130 1125 1146 1165 ε
1167 1105 1318 1174 translert,
1342 1113 1374 1165 ut
1399 1113 1504 1165 natura
1532 1104 1621 1164 brevis

336 1211 467 1266 mutetur
494 1206 525 1265 in
557 1213 662 1268 natura
695 1206 831 1278 brevem,
859 1201 1091 1287 φιληθήσομαι
1119 1202 1359 1286 φιληθήσεται,
1384 1203 1388 1287 l
1412 1201 1550 1286 λέγομαι
1574 1202 1621 1266 λέ-

336 1324 447 1386 γεται,
477 1305 683 1389 λεχθήσομαι
705 1302 915 1388 λεχθήσεται.
960 1310 1172 1388 cuiuscumque
1196 1308 1280 1369 verbi
1307 1309 1416 1388 passini
1444 1307 1489 1368 rel
1512 1310 1620 1388 panim

337 1409 444 1469 similis
466 1411 561 1488 prima
584 1429 711 1490 persona
733 1409 857 1490 pluralis
879 1412 909 1470 in
930 1427 1117 1490 quocumque
1139 1419 1273 1491 ternpore
1296 1413 1326 1471 in
1348 1411 1396 1470 θα
1411 1409 1554 1490 syllabam
1575 1410 1619 1474 de·

337 1511 422 1579 sinit,
463 1507 637 1592 νοούμεθα
671 1507 862 1592 ένοούμεθα
903 1507 1093 1592 νενοήμεθα
1133 1506 1340 1592 ένενοήμεθα
1372 1505 1651 1592 νοηθησύμεθα;ιι

337 1604 496 1688 ἀόριστον
518 1615 612 1683 enim,
641 1617 691 1694 qul
715 1614 795 1675 solus
816 1616 848 1674 in
870 1632 933 1694 μεν
960 1615 1034 1684 exit,
1059 1608 1267 1694 ἐνοήθημεν,
1290 1621 1415 1684 transeo,
1438 1615 1509 1693 quia
1531 1613 1620 1674 Latini

337 1715 485 1792 ignorant.
527 1717 702 1794 peremnia
724 1724 858 1796 tempora
886 1717 1012 1795 primam
1035 1733 1192 1795 personam
1220 1713 1363 1796 pluralem
1396 1715 1539 1776 maiorem
1562 1733 1622 1795 pro·

337 1815 437 1876 larunt
452 1814 605 1894 singulari,
625 1814 715 1877 ’ποιοῖ
730 1818 905 1898 ποιοῦμεν,
929 1813 1070 1879 ἐποίουν
1086 1813 1280 1897 ἐποιοῦμεν,
1296 1816 1464 1896 πεποίηκα
1486 1814 1622 1898 πεποιή-

337 1936 457 1998 καμεν,
482 1913 695 1998 ἐπεποιήκειν
710 1915 978 2000 ἐπεποιήκειμεν,
1001 1914 1130 2000 ποιήσω
1146 1913 1343 1999 ποιήσομενε
1366 1921 1410 1979 sie
1425 1927 1455 1978 et
1469 1917 1624 1998 ποιοῦμαι

338 2015 539 2099 ποιούμεθα,
553 2016 738 2102 ἐποιούμην
750 2015 970 2100 ἐποιούμεθα,
986 2019 1167 2100 πεποίημαι
1179 2015 1402 2100 πεποιήμεθα,
1420 2015 1622 2101 έπεποιήμην
1633 2039 1652 2078 a

338 2115 567 2202 ἐπεποιήμεθα
574 2167 584 2200 ,
607 2118 835 2202 ποιηθήσομαι
861 2119 1129 2202 ποιηθησόμεθα.
1174 2124 1217 2182 sie
1247 2131 1276 2182 et
1304 2121 1381 2202 apud
1410 2121 1533 2184 Latinos
1566 2141 1624 2182 amo

337 2241 482 2294 amamus,
512 2222 646 2284 amabam
674 2223 854 2294 amabamus
889 2226 983 2285 amavi
1006 2225 1180 2294 amavimus,
1213 2242 1377 2286 amaveram
1416 2243 1624 2294 amaveramus,

337 2324 441 2385 amabo
468 2325 648 2396 amabimus;
671 2329 766 2388 sicet
796 2344 879 2387 arnor
908 2344 1050 2396 amamur,
1073 2326 1193 2388 amabar
1209 2325 1389 2396 amabamnr,
1413 2326 1537 2388 amabor
1552 2345 1624 2388 ama·

338 2424 446 2486 bimur.
491 2429 522 2488 in
549 2429 663 2505 graecis
689 2427 791 2490 verbis
812 2429 941 2490 secunda
964 2447 1090 2508 persona
1119 2428 1244 2508 pluralis
1271 2431 1364 2490 activa
1397 2447 1486 2489 unam
1509 2429 1623 2490 ultimae

337 2526 469 2605 syllabae
491 2547 561 2589 suae
584 2529 714 2592 litteram
736 2549 755 2590 τ
777 2538 871 2606 mutat
893 2533 924 2590 in
940 2541 961 2588 ο
976 2525 1031 2590 καὶ
1045 2531 1071 2590 θ
1086 2537 1116 2590 et
1127 2531 1158 2592 stt
1173 2532 1299 2609 passiva,
1323 2537 1448 2591 ποιεῖτε
1464 2533 1623 2608 ποιεῖσθε,
1634 2549 1655 2586 α

336 2623 483 2709 γράφετε
504 2626 693 2711 γρύφεσθεε
716 2632 796 2711 quod
818 2651 876 2692 non
893 2633 1061 2692 mireris'in
1076 2635 1247 2712 praeteritis
1267 2634 1411 2713 perlectis
1426 2651 1486 2694 aon
1502 2633 1623 2702 evenire,

337 2749 405 2792 eum
427 2726 630 2814 πεποιήκατε
651 2729 883 2816 πεποιήκαοθε
898 2753 957 2795 non
980 2735 1078 2804 laeiat,
1095 2734 1147 2794 sed
1170 2733 1367 2815 πεποίησθε,
1389 2752 1445 2795 nee
1469 2731 1624 2796 dalaima

338 2829 541 2915 λελύκασθε,
564 2836 616 2897 sed
638 2834 796 2915 λέλνσθε,
819 2854 874 2897 nec
898 2832 1091 2917 reappellantes
1114 2833 1353 2917 πεφράκασθε,
1376 2836 1429 2898 sed
1451 2833 1625 2918 πέφρασθε

338 2944 369 2995 et
391 2936 510 2997 similia.
555 2938 613 2999 alia
635 2941 716 2999 enim
739 2939 840 3016 regula
863 2939 911 2999 lais
933 2939 1120 3019 temporibus
1142 2938 1279 3009 obviavit,
1302 2941 1388 3000 euius
1403 2940 1563 3019 imperium
1584 2948 1626 2998 est

338 3044 370 3098 ut
395 3040 494 3099 omnia
520 3039 610 3100 verba
638 3059 764 3120 quorum
792 3043 889 3121 prima
911 3060 1039 3121 persona
1068 3043 1098 3103 in
1125 3044 1173 3101 θα
1201 3044 1262 3101 enit
1289 3040 1452 3101 secundam
1486 3044 1656 3103 minoreme

337 3138 451 3219 syllaba
479 3141 643 3219 proterant.
693 3144 719 3203 si
748 3160 820 3221 ergo
836 3144 974 3220 ,iecisset
1000 3139 1251 3223 πεποιήκασθε,
1285 3162 1339 3223 par
1374 3144 1454 3204 loret
1490 3162 1626 3205 nurnerus

338 3241 518 3320 syllabarum
545 3262 613 3304 eum
640 3246 737 3324 prima
765 3240 992 3325 πεποιήμεθα,
1020 3246 1045 3305 si
1069 3241 1276 3324 λελύκασθε,
1305 3264 1372 3306 eum
1394 3241 1582 3327 λελύμεθα,
1604 3248 1626 3304 si

337 3338 571 3425 πεφρύκασθε,
593 3364 660 3406 eum
683 3342 896 3426 πεφρύμεθα.
938 3347 1005 3408 ideo
1029 3350 1199 3409 necessario
1221 3346 1332 3427 syllaba
1361 3348 1458 3409 media
1481 3347 1627 3409 subtracta

338 3444 451 3505 resedit
472 3444 660 3527 πεποίησθε
682 3442 828 3509 λέλυσθε
850 3444 1039 3528 πέφρασθε.
1085 3458 1218 3511 ceterum
1246 3455 1371 3510 ποιεῖτε
1399 3450 1556 3511 ποιεῖσθε
1576 3443 1628 3508 λε’-

337 3565 412 3623 γετε
427 3542 567 3625 λέγεσθε
581 3552 676 3629 priori
692 3550 812 3627 regulae
825 3548 1010 3630 obsequitur,
1027 3552 1094 3631 quia
1111 3570 1169 3613 noo
1183 3560 1328 3631 repugnat
1343 3552 1497 3631 sequenti:
1514 3546 1626 3613 ποιοῦ
1637 3570 1657 3607 a

337 3649 426 3728 μεθα
448 3650 529 3709 enirn
551 3654 715 3731 ποιεῖσθε,
738 3647 906 3732 λεγόμεθα
928 3648 1079 3731 λέγεσθε.
1123 3656 1152 3715 in
1178 3652 1277 3715 verbis
1297 3654 1425 3733 passivis
1447 3650 1493 3712 rel
1516 3654 1627 3733 passim

338 3749 486 3811 similibus
507 3771 635 3831 persona
658 3755 747 3815 tertia
769 3753 929 3833 singularis
952 3754 1052 3815 addito
1073 3775 1095 3815 ν
1117 3762 1184 3816 ante
1208 3775 1226 3815 τ
1248 3774 1315 3816 eum
1341 3756 1457 3834 primae
1487 3772 1627 3834 personae

337 3852 520 3932 paenultima
542 3857 662 3915 tertiam
684 3854 926 3935 pluralem'laeit,
950 3850 1081 3935 λέγεται
1096 3852 1262 3937 λέγονται,
1284 3861 1428 3916 ποιεῖται
1442 3854 1627 3920 ποιοῦνται,

337 3954 514 4035 πεποίηται
536 3955 746 4037 πεποίηνται,
769 3959 880 4037 εἴρητο
904 3958 1048 4039 εῖρηντο,
1073 3954 1204 4037 ἐλέγετο
1227 3954 1395 4037 ἐλέγοντο,
1419 3948 1481 4018 ἐὰν
1499 3952 1626 4037 λέγηται

340 4049 401 4117 ε’ῦν
429 4053 609 4138 λέγωνται,
638 4056 670 4119 εί
694 4055 823 4139 λέγοιτο
854 4056 885 4121 εί
910 4056 1071 4138 λέγοιντο.
1117 4059 1194 4120 node
1224 4060 1272 4122 illa
1305 4062 1468 4139 praeterita
1501 4060 1658 4139 perlectas

337 4177 413 4238 quae
441 4158 488 4219 lais
517 4160 626 4221 litteris
654 4164 685 4222 in
712 4163 811 4223 medio
838 4170 974 4223 contexta
997 4170 1080 4232 sunt,
1105 4171 1136 4223 ut
1159 4164 1189 4223 in
1213 4163 1298 4222 tertia
1320 4180 1448 4241 persona
1481 4161 1628 4242 pluralia

338 4278 396 4320 noo
424 4261 519 4340 possit
548 4262 684 4341 adiungi,
709 4263 852 4324 advocant
873 4262 932 4323 slbi
955 4265 1124 4345 partieipia:
1150 4258 1154 4343 l
1178 4258 1337 4343 τέτιλται,
1364 4266 1435 4343 quia
1459 4263 1627 4325 interiet

336 4381 355 4422 τ
376 4381 398 4423 ν
421 4381 487 4423 esse
510 4382 568 4424 uon
592 4368 701 4445 potuit,
725 4367 774 4425 eui
797 4384 853 4425 nee
875 4365 955 4427 small
979 4385 1044 4427 esse
1077 4364 1150 4446 post
1170 4362 1301 4445 λάμβδα
1330 4384 1385 4425 nee
1407 4367 1541 4445 incipere
1564 4370 1626 4424 ante

338 4470 403 4525 τοῦ
425 4465 470 4525 las
492 4473 565 4537 erat,
590 4468 701 4528 laetam}
716 4475 762 4527 est
776 4462 960 4546 τετιλμένοι
976 4464 1079 4528 είσίνε
1100 4464 1284 4546 γέγραπται
1299 4466 1446 4537 similiter,
1469 4468 1535 4547 quia
1552 4468 1628 4525 inter

337 4582 362 4625 π
394 4563 451 4626 καλ
473 4587 490 4627 τ
512 4586 571 4628 non
603 4568 776 4629 admittebat
803 4588 842 4649 ν,
869 4566 1094 4651 γεγραμμένοι
1122 4566 1219 4649 είσίν,
1252 4565 1412 4630 τέτυκται
1434 4562 1658 4649 τετυμμένοια

336 4700 639 4713 -——-.—..—

407 4752 423 4801 θ
444 4764 471 4803 ut
489 4756 610 4804 naturalis
629 4756 714 4805 breuis
733 4757 757 4805 in
772 4766 861 4805 natura
874 4756 976 4805 breuem
990 4756 1015 4805 P
1081 4758 1114 4807 32
1126 4771 1237 4821 persana
1250 4756 1321 4805 tertia
1334 4756 1470 4820 singularis
1483 4754 1563 4805 lam
1574 4769 1626 4819 prr·

338 4824 684 4888 sonaaeeuudnpluraliaP
749 4820 1122 4889 sauromatarum?
1187 4824 1355 4875 θλτετειλτε
1371 4826 1394 4873 P
1461 4820 1559 4889 ment]
1574 4837 1625 4869 cum

338 4888 363 4939 P
429 4892 462 4939 40
480 4891 629 4940 admittebat
642 4910 658 4942 ν
669 4909 688 4957 μ
700 4894 893 4943 admittebamns
907 4895 931 4943 P
997 4888 1144 4961 τέτυκται]
1158 4908 1309 4943 terrram
1322 4894 1347 4943 P
