3525 5600
314 365 374 434 128
881 373 1035 438 POMPEII

336 491 359 532 p·
372 479 482 522 ue-vet„
827 531 831 539 ι

311 561 396 631 ilexi,
420 558 541 621 ultimus
563 567 594 621 et
613 559 820 640 paenultimus.
865 563 932 624 vide
960 570 1068 642 quanta
1095 562 1238 626 brevitate
1266 563 1379 643 colligis
1406 565 1483 626 hanc
1511 567 1604 626 ratio·

312 682 390 726 nem.
422 663 500 743 apuvl
515 663 636 724 Latinos
652 663 752 724 ultima
770 663 881 743 syllaba
902 673 1056 726 accentum
1077 684 1136 726 uon
1156 665 1260 734 babet;
1285 685 1345 728 non
1366 665 1443 728 licet
1477 675 1605 747 excepta

194 829 200 845 ‚
311 767 366 826 ista
388 765 488 826 ultima
511 758 634 844 syllaba,
664 785 752 846 quam
780 786 841 828 non
867 767 939 828 licet
965 767 1077 828 habere
1104 776 1275 839 accentum,
1303 768 1374 848 quid
1402 769 1488 832 nobis
1510 768 1604 829 relin-

313 870 431 946 quitur?
451 864 457 950 Ι
475 875 507 928 ιιι
529 875 634 930 acutus
656 875 795 930 accentus
817 869 895 949 apud
918 869 1036 930 Latinos
1059 869 1133 931 duos
1148 870 1256 932 habeat
1270 869 1360 942 locos,
1384 870 1604 952 paenultimum
1656 933 1658 938 ,

312 979 342 1031 ει
362 970 660 1050 antepaenultimum,
684 971 893 1034 circumflexus
915 980 1054 1034 accentus
1077 991 1168 1033 unum
1191 971 1301 1034 babeat
1322 972 1429 1044 locum,
1451 972 1629 1054 paenultia

312 1091 402 1132 mum.
446 1071 527 1132 vides
549 1092 635 1152 ergo,
659 1081 767 1154 quanta
789 1073 932 1135 brevitate
954 1075 1011 1134 lroe
1033 1075 1070 1135 sit
1092 1075 1210 1136 lactum.
1243 1083 1312 1136 tres
1335 1085 1420 1138 orant
1442 1074 1498 1136 loci
1523 1075 1606 1136 acuti

312 1183 451 1236 accentus
473 1174 550 1254 apud
573 1175 715 1248 Graecos,
739 1177 872 1247 ultimus,
897 1177 1109 1256 paenultimus‚
1128 1177 1404 1258 antepaenultimus,
1429 1185 1459 1239 et
1473 1179 1605 1238 circum-

311 1278 379 1337 llexi
401 1283 542 1337 accentus
564 1277 621 1337 duo
645 1285 730 1338 erant
750 1279 823 1349 loci,
847 1278 967 1340 ultimus
990 1287 1018 1339 et
1039 1279 1248 1360 paenultimus
1284 1299 1404 1341 remove
1433 1281 1522 1341 istum
1555 1281 1607 1359 qul

312 1380 387 1461 apud
410 1380 531 1441 Latinos
553 1389 708 1441 accentum
730 1399 790 1442 uon
818 1379 909 1442 babet
930 1383 1061 1460 penitus,
1092 1381 1121 1441 id
1152 1391 1195 1443 est
1222 1381 1367 1444 ultimum.
1405 1381 1462 1444 boc
1483 1390 1606 1442 remoto

311 1484 369 1544 hoc
390 1489 543 1562 superest,
566 1491 599 1543 ιιι
619 1482 669 1543 ille
692 1482 913 1552 circtmrilexus,
943 1485 994 1562 qui
1016 1483 1119 1544 habuit
1147 1483 1221 1546 duos
1243 1483 1339 1555 locos,
1368 1484 1474 1547 babeat
1497 1499 1643 1554 unum,1⁰

313 1594 342 1645 et
363 1592 478 1655 acutus,
502 1586 553 1662 qui
575 1583 677 1646 habuit
698 1594 759 1645 tres
782 1584 877 1655 locoS,
902 1583 1009 1646 habeat
1031 1586 1112 1646 duos.
1148 1587 1235 1647 tertia
1259 1605 1330 1664 ergo
1353 1606 1369 1646 a
1391 1588 1449 1648 line
1471 1605 1534 1648 non
1550 1605 1606 1666 po·

313 1696 369 1757 test
390 1686 501 1749 babere
520 1687 577 1748 nisi
600 1696 755 1748 accentum
777 1681 911 1757 acutum,
935 1688 1072 1767 quoniam
1089 1687 1216 1750 diximus
1231 1697 1348 1750 acutum
1364 1707 1423 1750 non
1439 1688 1607 1749 ascendere

313 1792 368 1851 nisi
390 1808 483 1870 usque
511 1789 546 1849 avl
573 1791 696 1850 tertium
723 1789 837 1865 locum⁸⁴
877 1807 947 1868 ergo
972 1791 1057 1850 tertia
1082 1788 1193 1870 syllaba
1220 1797 1292 1852 tunc
1320 1789 1411 1852 babet
1433 1798 1605 1858 accentum,

312 1892 431 1972 quando
452 1888 635 1971 paenultima
656 1891 754 1954 brevis
777 1900 828 1952 est.
873 1891 941 1952 ideo
963 1893 1050 1952 tertia
1070 1890 1161 1952 habet
1183 1898 1300 1954 acutum
1328 1893 1440 1963 solum,
1471 1893 1606 1952 secunda

312 1995 409 2055 aime
437 2003 610 2072 utrumque,
640 2002 669 2056 et
696 2001 814 2054 acutum
840 2003 870 2054 et
897 1993 1127 2054 circumflexum.
1174 1994 1219 2055 bis
1246 1993 1362 2072 legibus
1390 1993 1482 2056 semel
1506 1996 1607 2074 captis
1620 2013 1643 2052 n

312 2099 370 2159 iam
392 2089 481 2158 modo
500 2096 654 2172 ΙιιίιΙεειιιιιε
677 2096 714 2157 tle
736 2094 859 2174 singulis
880 2095 1014 2174 partibus
1037 2091 1192 2166 orationis,
1223 2105 1252 2157 et
1273 2099 1402 2177 primum
1423 2099 1607 2176 incipiemus

311 2207 440 2262 tractare
461 2199 499 2259 de
520 2197 739 2278 monosyllabis.
783 2207 939 2277 praeterea
962 2208 1118 2278 antequam
1140 2207 1310 2271 tractemus,
1333 2199 1390 2260 boc
1412 2200 1508 2278 ipsum
1524 2199 1608 2259 sciro

312 2301 417 2372 debes,
442 2302 509 2382 quia
531 2302 639 2381 positio
660 2302 691 2360 in
714 2300 883 2361 accentibus
900 2318 959 2360 non
975 2307 1152 2379 conputatur
1167 2303 1198 2362 in
1213 2300 1432 2382 monosyllabis.
1464 2298 1531 2361 talis
1548 2308 1606 2370 est,

311 2406 336 2465 si
358 2407 397 2465 sit
419 2405 562 2484 positione
584 2401 680 2481 longa,
704 2422 738 2463 ae
760 2404 786 2462 si
808 2405 845 2463 sit
868 2400 1042 2463 naturaliter
1064 2401 1176 2464 brevis:
1201 2402 1345 2464 nonlicet
1361 2402 1518 2483 utaliquid
1535 2401 1607 2482 plus

311 2506 432 2576 babeat,
461 2513 602 2586 quantum
631 2505 668 2564 ad
690 2511 829 2565 accentus
855 2506 999 2584 pertinet;
1031 2506 1178 2586 positione
1206 2504 1293 2583 longa
1321 2503 1431 2584 syllaba
1453 2507 1479 2565 sl
1500 2506 1646 2575 lueritso

313 2608 379 2670 talis
401 2620 458 2678 est,
482 2626 517 2669 ae
539 2609 563 2692 si
586 2625 646 2667 non
667 2609 706 2667 sil
727 2608 873 2685 positione
896 2605 992 2686 longa,
1016 2607 1068 2668 sod
1090 2609 1128 2668 sit
1150 2605 1322 2668 naturaliter
1345 2607 1450 2669 brevis.
1471 2602 1477 2689 Ι

330 2785 334 2793 Ι
396 2708 595 2790 lilonosyllaba
617 2729 685 2790 pars
708 2710 851 2769 orationis
873 2710 899 2769 si
922 2707 1095 2770 naturaliter
1122 2708 1296 2788 productam
1325 2707 1454 2768 vocalem
1484 2707 1605 2778 lrabeat,

313 2812 535 2876 circumflexum
557 2811 647 2873 habet
667 2820 830 2873 accentum.
876 2819 908 2872 ut
930 2820 998 2893 puta
1023 2810 1089 2881 dtis,
1120 2810 1292 2873 naturaliter
1319 2810 1406 2890 longa
1435 2819 1493 2881 est:
1521 2815 1606 2891 spes,

313 2915 486 2977 naturaliter
513 2914 601 2994 longa
629 2924 686 2983 est:
710 2918 773 2983 aes,
803 2913 977 2977 naturaliter
1004 2912 1165 2991 longa'est
1193 2912 1286 2994 [unde
1314 2913 1383 2973 lacit
1411 2911 1505 2995 aera],
1530 2914 1604 2993 quia
1727 2954 1728 2977 ι

312 3018 513 3099 diphthongus
535 3024 587 3077 est.
631 3014 833 3095 monosyllaba
857 3034 928 3095 orgo
955 3035 1024 3096 pars
1048 3017 1202 3085 orationis
1232 3017 1256 3075 si
1278 3013 1450 3078 naturaliter
1472 3013 1606 3094 produc·
1621 3025 1646 3067 ²⁵

312 3130 372 3182 tam
396 3118 527 3181 vocalem
550 3118 699 3188 babuerit,
723 3118 944 3179 circumflexum
967 3117 1087 3179 habebit
1105 3124 1267 3178 accentum.
1313 3116 1383 3197 quid
1410 3116 1607 3177 sinaturali·

313 3232 359 3283 tor
382 3229 550 3301 correptam
573 3220 729 3282 babuerit?
758 3227 860 3282 acutus
888 3222 958 3291 erit,
988 3228 1019 3281 ut
1046 3227 1115 3300 puta
1139 3228 1169 3281 et
1191 3238 1339 3300 necque:
1369 3219 1606 3298 ‘primusque

313 3324 515 3394 blacbaon',
540 3330 573 3384 ut
594 3324 632 3383 sit
654 3324 831 3384 coniunctio.
864 3322 936 3402 quill
960 3324 986 3383 si
1007 3323 1154 3401 positione
1176 3320 1263 3399 longa
1286 3322 1341 3381 siti
1364 3320 1435 3381 illud
1452 3319 1531 3397 quod
1549 3320 1607 3381 tibi

314 3428 388 3497 elixi,
410 3427 454 3487 sic
476 3426 634 3505 accipitur,
658 3427 742 3505 quasi
764 3422 938 3486 naturaliter
960 3423 1066 3485 brevis,
1098 3442 1169 3503 ergo
1192 3422 1257 3485 talis
1280 3431 1325 3483 est
1339 3424 1486 3503 positione
1502 3422 1604 3501 longa,

314 3529 407 3610 qualis
429 3537 474 3590 est
494 3526 669 3589 naturaliter
692 3527 800 3589 brevis.
846 3537 876 3587 et
898 3526 1025 3587 diximus
1047 3527 1077 3586 in
1101 3525 1185 3587 brevi
1206 3532 1325 3586 acutum
1348 3532 1502 3585 accentum
1525 3544 1603 3585 esse.
1619 3536 1645 3575 ιο

313 3635 339 3692 si
361 3650 431 3710 ergo
454 3631 552 3692 brevis
573 3636 692 3691 acutum
714 3636 869 3690 accentum
892 3628 997 3699 habet,
1021 3637 1157 3709 superest
1172 3635 1204 3689 ut
1218 3628 1365 3707 positione
1380 3626 1467 3706 longa
1482 3636 1605 3687 acutum
1727 3626 1728 3705 l

313 3734 420 3795 habeat
442 3742 609 3795 accentum.
653 3739 778 3811 utputa
799 3734 850 3811 pix
871 3733 1019 3811 positione
1041 3739 1086 3792 est
1108 3729 1210 3808 longa;
1239 3729 1291 3791 secl
1319 3729 1459 3808 quonlam
1482 3737 1604 3791 natura·

313 3837 381 3897 liter
403 3855 463 3897 non
487 3844 532 3897 est
553 3834 651 3913 longa,
673 3844 790 3895 acutum
814 3832 903 3895 babet
925 3840 1089 3894 accentum.
1120 3833 1177 3893 hoc
1200 3838 1258 3903 est,
1283 3830 1361 3911 quod
1382 3838 1542 3893 tractatum
1559 3840 1606 3891 est
1727 3894 1728 3921 ,

315 3938 351 4000 de
379 3947 465 3999 acuto
494 3944 618 3998 accentu
647 3945 676 3997 et
704 3935 904 3997 circumflexo.
956 3937 1054 3997 omnia
1083 3952 1153 4013 ergo
1181 3936 1212 3995 in
1239 3932 1412 3995 accentibus
1438 3932 1605 3994 secundnm
1727 3924 1728 4019 l

316 4052 451 4103 naturam
475 4038 661 4117 colliguntur.
693 4040 718 4099 si
740 4039 830 4099 luerit
851 4035 911 4098 illic
933 4037 1042 4100 vocalis
1065 4036 1236 4099 naturaliter
1251 4036 1351 4115 longa,
1376 4034 1603 4097 circumflexum
1617 4048 1643 4088 ³5

316 4145 406 4205 habet
427 4152 595 4209 accentum;
619 4141 756 4202 siluerit
777 4139 875 4201 brevis
898 4139 1085 4210 naturaliter,
1115 4140 1202 4200 etiam
1231 4139 1257 4199 si
1279 4141 1316 4200 sit
1337 4140 1484 4218 positione
1505 4137 1604 4215 longa,
1727 4140 1728 4177 l

318 4255 438 4308 acutum
459 4244 557 4305 habet.
589 4262 658 4304 ecce
680 4242 772 4302 babes
794 4242 831 4303 tle
853 4240 1076 4322 monosyllabis;
1100 4241 1250 4301 videamus
1272 4240 1360 4301 modo
1384 4239 1421 4299 de
1442 4237 1604 4318 disyllabis

199 4361 260 4425 426,
272 4363 304 4411 31
401 4345 548 4429 Ilisyllaba
570 4364 640 4425 pars
663 4346 803 4406 orationis
823 4364 883 4406 uno
906 4344 995 4405 modo
1017 4345 1123 4425 recipit
1144 4343 1366 4403 circumflexum
1387 4348 1511 4409 tantum,
1534 4342 1607 4401 siet

316 4453 398 4532 prior
421 4447 593 4512 naturaliter
615 4447 705 4527 longa
727 4449 766 4509 sit
788 4455 817 4509 ει
839 4447 941 4509 ultirtm
963 4445 1137 4508 naturaliter
1159 4444 1272 4523 brevis,
1295 4448 1444 4506 ulmeta:
1479 4460 1529 4504 me
1553 4460 1605 4504 na—

386 4674 499 4723 ionum
514 4672 598 4721 locum
612 4670 689 4721 babet
706 4671 731 4719 A
780 4668 920 4720 8ultimus
939 4678 963 4719 ει
983 4668 1197 4735 antepenultimas
1210 4667 1293 4717 ABG
1351 4667 1410 4730 quia
1427 4666 1497 4731 apud
1513 4666 1607 4716 latinos

319 4753 448 4793 occentum
468 4758 518 4793 non
536 4742 629 4791 hebent
641 4741 665 4790 A
737 4741 770 4791 14
788 4740 927 4806 penultima
945 4740 1028 4789 breuis
1047 4749 1085 4789 est
1102 4739 1127 4787 A
1143 4738 1282 4803 penultima
1302 4735 1448 4786 naturaliter
1463 4736 1550 4786 breuis
1570 4750 1608 4786 est

318 4813 403 4865 BCa*
456 4812 756 4863 circummortua*
806 4812 839 4860 27
859 4826 907 4873 que
928 4818 954 4858 ιιι
971 4811 1118 4875 primusque
1136 4813 1162 4859 iu
1180 4812 1257 4859 litura
1275 4822 1304 4857 a:
1329 4808 1408 4872 Verp.
1424 4806 1489 4856 Aen.
1511 4808 1533 4856 ll
1554 4806 1606 4857 aut

272 4938 279 4952 ἡ
388 4884 421 4932 28
439 4882 483 4933 tibi
502 4882 555 4931 dini
573 4882 629 4933 Ca:
648 4884 693 4931 tibi
709 4897 754 4931 orn.
770 4880 823 4929 AB
893 4880 923 4929 31
944 4888 969 4929 ιιι
988 4880 1113 4944 positione
1131 4880 1155 4927 A
1174 4888 1201 4927 ut
1220 4880 1244 4927 iu
1265 4879 1390 4943 positione
1408 4876 1478 4927 aua
