3525 5600
1368 450 1432 515 443

153 635 235 721 iungi
257 632 362 700 solent
383 645 416 700 et
437 658 480 701 ex
502 636 562 701 hoc
584 638 655 723 ipso
678 635 789 702 codice
812 632 953 724 primum
975 635 1066 701 edita
1087 643 1165 700 sunt
1186 634 1272 700 anal.
1294 656 1431 721 gramm.

152 737 283 803 Vindob.
312 759 344 823 p.
370 739 446 821 184,
475 745 575 804 omnia
603 745 783 820 deponentia
804 774 848 787 -
873 745 993 804 tertiam
1014 743 1073 803 sibi
1091 744 1332 818 coniunctionem
1353 757 1430 803 uen-

153 845 234 906 dicat.
271 845 406 920 explicit.
451 840 485 904 in
512 851 623 906 vetere
658 843 818 927 scriptura
854 839 1019 928 permulta
1054 849 1170 926 postea
1202 849 1348 905 correcta
1379 839 1431 906 vel

152 941 255 1006 addita
282 951 375 1024 sunt,
404 963 487 1028 quae
516 945 635 1028 partim
663 943 705 1010 ab
732 943 804 1030 ipso
833 954 944 1009 vetere
971 940 1125 1024 librario,
1153 943 1273 1029 partim
1301 941 1434 1007 diversa

151 1042 271 1130 quidem
294 1066 410 1125 manu,
434 1043 493 1108 sed
516 1044 629 1109 eodem
650 1054 812 1130 tempore,
835 1044 957 1131 partim
971 1045 1095 1108 recenti
1110 1066 1209 1108 manu
1224 1045 1347 1130 scripta
1361 1067 1433 1110 esse

151 1145 214 1210 visa
235 1153 311 1209 sunt
332 1145 575 1229 Lindemanno,
599 1147 691 1212 cuius
707 1147 936 1212 auctoritatem
957 1148 993 1210 in
1013 1145 1190 1211 indicanda
1211 1145 1332 1211 codicis
1355 1147 1432 1210 scri·

151 1257 237 1334 ptura
258 1256 390 1312 secutus
414 1271 496 1313 sum.
525 1269 597 1314 eam
613 1258 721 1314 tanmn
736 1250 770 1314 in
785 1248 915 1315 schedis
938 1247 1040 1334 ipsius
1062 1271 1160 1313 manu
1182 1248 1312 1335 scriptis
1335 1247 1433 1334 paulo

151 1350 323 1414 accuratius
347 1371 443 1438 quam
465 1353 499 1414 in
521 1351 663 1417 editione
685 1351 881 1438 descriptam
909 1350 1081 1416 habebam.
1125 1350 1433 1433 Parisinus‘oodex,

151 1451 271 1537 dequo
298 1453 333 1515 in
360 1453 565 1538 praefatione
593 1452 751 1520 librorum
779 1455 939 1518 minorum
967 1452 1128 1518 Prisciani
1150 1451 1214 1518 vol.
1238 1450 1293 1516 HI
1314 1473 1347 1537 p.
1369 1451 1433 1517 396

151 1553 227 1636 dixi,
249 1575 335 1619 nono
351 1553 481 1620 saeculo
497 1555 639 1642 scriptus
662 1565 720 1636 est,
744 1555 768 1621 f.
785 1555 933 1620 89-104
948 1562 1055 1636 incipit
1067 1561 1212 1636 prolapus
1226 1559 1300 1619 libri
1318 1560 1431 1619 euticie.

151 1661 214 1719 Can
234 1676 351 1736 semper
373 1693 408 1703 -
433 1663 576 1724 uendieat
596 1663 663 1723 sili.
693 1656 788 1722 buius
811 1657 934 1724 codicis
963 1656 1117 1722 lectiones
1141 1666 1226 1740 tum,
1249 1677 1322 1720 cum
1337 1656 1432 1721 Olau-

150 1756 191 1820 dii
215 1757 354 1824 Puteani
381 1766 466 1841 erat,
495 1759 713 1825 aWouwero
743 1761 908 1847 accepisse
936 1758 1069 1825 videtur
1096 1757 1282 1824 Putschius.
1327 1757 1432 1824 codex

149 1859 394 1944 Tegernseensis
423 1862 546 1926 formae
574 1862 756 1949 quadratae
783 1862 917 1928 minoris
946 1859 1117 1926 undecimo
1140 1859 1270 1926 saeculo
1292 1861 1432 1946 scriptus

149 1969 216 2047 post
241 1963 388 2026 carmina
420 1961 566 2028 Iuvencii
593 1963 692 2030 habet
720 1963 904 2051 Eutychem
932 1986 964 2050 p.
990 1963 1167 2044 73-144,
1194 1967 1272 2027 liber
1298 1968 1431 2028 eutichii.

149 2068 213 2129 Cum
233 2083 349 2144 seraper
370 2099 411 2110 -
433 2085 496 2128 esse
523 2077 731 2131 monstratum.
778 2067 925 2152 sequitur
952 2064 1061 2150 glossa
1082 2062 1116 2127 in
1137 2063 1275 2146 Fooam,
1304 2064 1346 2128 de
1369 2086 1434 2152 qua

149 2187 240 2252 supra
261 2189 293 2253 p.
305 2165 369 2230 406
392 2166 513 2232 dictum
536 2175 596 2232 est.
626 2169 772 2234 eiusdem
793 2169 862 2232 fere
883 2167 1001 2233 acatis
1023 2175 1075 2230 est
1095 2164 1199 2230 codex
1213 2165 1432 2251 Frisingensis

148 2269 217 2332 item
232 2267 358 2332 formae
373 2268 553 2354 quadratae
567 2270 714 2352 minoris,
738 2269 762 2334 f.
782 2269 885 2334 1-29
907 2275 1016 2350 incepit
1037 2291 1090 2333 ars
1110 2274 1203 2333 eutici
1217 2268 1286 2352 (vel
1300 2271 1430 2356 euticis).

150 2373 213 2434 t'am
234 2391 351 2450 semper
371 2409 415 2420 -
436 2391 499 2435 esse
520 2383 729 2437 monstratam.
768 2377 896 2453 explicit
917 2393 970 2435 ors
991 2376 1096 2435 creticis
1116 2377 1318 2450 prammatiei.
1356 2370 1433 2435 sub·

149 2472 225 2536 ieota
247 2482 297 2536 est
319 2472 460 2558 epitome
482 2475 553 2538 sive
575 2472 803 2561 recapitulatio
825 2471 1014 2558 regularum
1035 2471 1196 2559 Eutychis
1220 2474 1243 2536 f.
1266 2472 1433 2537 29*-31*

148 2577 240 2651 lpitur
272 2579 463 2654 differentias
495 2586 637 2654 quattuor
669 2582 912 2654 coniunctionum
941 2586 1035 2656 prout
1062 2581 1207 2655 pancitas
1237 2595 1304 2639 mea
1336 2579 1433 2640 ualuit

144 2681 225 2754 prius
249 2681 344 2740 lector
370 2697 411 2740 ea
435 2683 537 2758 prima
560 2698 698 2758 persona
724 2683 858 2742 breuiter
891 2684 1045 2759 expositas
1071 2686 1221 2756 opnocoat
1246 2715 1284 2722 —
1314 2681 1345 2740 in
1372 2696 1432 2740 xor

148 2789 237 2842 uatem
259 2781 427 2843 desinentia
446 2785 567 2860 prima
587 2790 655 2846 aaut
676 2785 900 2860 coniupationis
921 2792 954 2845 ut
974 2786 1065 2845 rixor
1086 2785 1247 2860 amplexor
1268 2789 1297 2844 et
1316 2787 1430 2844 cetera.

148 2888 242 2944 totam
270 2880 431 2966 epitomen
460 2880 565 2947 edidit
593 2883 787 2969 Spengelius
814 2882 849 2945 in
875 2902 1014 2947 censura
1041 2881 1193 2946 editionis
1215 2880 1431 2945 Lindemanni

147 2982 266 3067 ephem.
288 2981 441 3049 scholast.
471 3006 500 3048 a.
526 2984 607 3048 1832
634 3006 668 3070 p.
689 2984 751 3049 281
775 3004 846 3070 sqq.
875 2983 934 3048 sed
960 3006 1035 3048 cum
1057 2982 1254 3049 Bobiensem
1276 2982 1430 3064 codicem,

147 3104 236 3169 quem
257 3082 360 3150 solum
378 3084 494 3163 ducem
510 3095 642 3151 secutus
665 3084 1012 3168 eratLindemannus,
1034 3095 1169 3171 propter
1190 3083 1430 3170 neglegentiam

147 3185 321 3271 scripturae
352 3196 385 3251 ct
417 3187 549 3252 crebras
583 3188 825 3252 emendationes
857 3184 968 3251 multis
999 3186 1079 3252 locis
1107 3186 1254 3252 viderem
1285 3185 1431 3252 incertae

147 3285 218 3350 fidei
239 3309 326 3369 esse,
356 3287 432 3351 huic
460 3288 710 3375 praeferendam
732 3310 804 3353 esse
826 3288 907 3353 duxi
929 3289 1158 3353 auctoritatem
1180 3288 1324 3355 Parisini
1345 3288 1430 3370 libri,

147 3390 250 3472 quiet
276 3400 428 3454 accurate
456 3391 598 3477 scriptus
627 3398 660 3453 et
686 3391 799 3477 paucis
822 3390 916 3472 locis,
944 3390 1085 3455 maxime
1106 3390 1168 3455 sub
1191 3389 1289 3454 finem
1311 3392 1430 3476 operis,

147 3488 238 3577 idque
260 3491 393 3578 antiquo
415 3500 561 3579 tempore
584 3500 746 3555 correctus
762 3500 822 3556 est.
852 3493 964 3579 itaque
984 3491 1081 3557 huius
1104 3490 1312 3579 potissimum
1334 3490 1429 3557 fidem

148 3602 269 3657 secutus
293 3615 381 3675 sum,
404 3594 611 3680 maximeque
634 3594 667 3655 in
689 3592 797 3658 forma
818 3594 994 3676 orationis,
1023 3596 1057 3658 in
1079 3616 1145 3680 qua
1166 3613 1287 3678 magna
1307 3604 1358 3659 ost
1379 3616 1429 3658 co·

147 3692 247 3758 dicum
275 3693 466 3776 diversitas,
497 3706 529 3759 et
557 3694 590 3758 in
618 3695 776 3781 exemplis
805 3695 982 3762 verborum
1015 3695 1261 3777 enumerandis,
1292 3716 1429 3781 quorum

147 3795 219 3861 ordo
242 3818 339 3883 saepo
360 3798 570 3884 perturbatus
594 3806 659 3878 est,
683 3796 873 3884 plerumque
895 3799 992 3862 unius
1016 3796 1138 3861 codicis
1160 3797 1336 3877 rationem,
1366 3796 1429 3861 nisi

147 3898 269 3981 quidem
298 3908 410 3985 aperte
438 3906 591 3985 corrupta
619 3910 690 3963 erat
712 3898 764 3965 vel
786 3910 876 3965 certa
898 3898 1028 3986 pristini
1051 3898 1177 3963 ordinis
1191 3898 1319 3962 indicia
1340 3910 1426 3963 exta-

146 3998 233 4081 bant,
257 4001 439 4086 exprimere
460 4022 558 4087 quam
581 3999 730 4087 pluribus
745 3998 872 4067 collatis
896 4000 1028 4066 discam
1049 3999 1201 4085 colligere
1216 3998 1270 4065 vel
1291 4002 1335 4065 ad
1356 4021 1428 4065 oon·

148 4102 293 4167 stantiam
316 4102 479 4189 quandam
501 4112 535 4168 et
557 4103 821 4189 aequabilitatem
845 4102 954 4167 omnia
976 4124 1130 4167 revocare
1153 4100 1263 4166 malui.
1307 4102 1342 4165 in
1364 4101 1428 4165 dis·

147 4204 305 4291 crepantia
332 4215 442 4270 autem
470 4203 620 4270 codicum
647 4203 824 4268 indicanda
851 4226 924 4269 eam
950 4205 1056 4289 legem
1079 4205 1188 4284 tenm,
1211 4212 1248 4268 ut
1269 4203 1430 4288 scriptura

147 4306 260 4371 codicis
283 4305 441 4389 Parisini,
465 4328 563 4393 quem
585 4305 836 4371 fundamentum
858 4306 1057 4371 recensionis
1085 4327 1157 4371 esse
1178 4304 1283 4388 volui,
1313 4314 1347 4369 et
1368 4303 1429 4368 Bo·

147 4406 276 4490 biensis,
292 4409 346 4473 cui
361 4410 540 4475 secundum
555 4407 661 4474 locum
677 4408 840 4490 concessi,
857 4408 971 4493 paucis
987 4407 1184 4495 quibasdam
1200 4416 1233 4472 ct
1253 4405 1429 4473 levissimis

146 4510 234 4575 rebus
257 4511 403 4596 exceptis
425 4511 555 4596 integra
576 4518 829 4597 proponeretur,
853 4531 897 4574 ex
910 4508 1150 4595 Tegernseensi
1172 4518 1206 4573 et
1226 4508 1431 4593 Frisingensi

147 4621 245 4676 auam
267 4635 307 4678 ea
328 4634 413 4699 quae
435 4612 487 4677 vel
509 4614 630 4677 rectius
653 4613 687 4675 in
708 4609 759 4675 his
776 4633 874 4698 quarn
896 4612 930 4675 in
952 4610 1017 4675 illis
1034 4612 1157 4697 scripta
1171 4620 1248 4675 sunt
1262 4608 1315 4675 vel
1330 4609 1431 4695 digna

146 4731 209 4775 esse
230 4716 384 4779 memoria
407 4713 603 4780 videbantur
625 4713 866 4778 exhiberentur.
899 4735 1095 4800 quamquam
1117 4714 1152 4777 in
1174 4711 1329 4776 Bobiensi
1350 4732 1428 4798 quo·

147 4834 203 4898 que
223 4814 334 4881 codice
355 4813 595 4900 neglegentiam
612 4817 731 4880 veteris
754 4814 881 4881 librarii
902 4815 957 4881 vel
979 4837 1075 4880 curas
1097 4823 1315 4881 correctorum
1338 4834 1427 4879 soru-

145 4914 249 4998 pulose
270 4916 415 4982 indicare
430 4916 545 4981 inutile
560 4939 631 4982 esse
646 4916 742 5000 duxi3
766 4918 1023 5002 Tegernseensis
1039 4927 1147 4983 auwm
1161 4925 1195 4982 et
1207 4916 1428 5003 Frisingensis

1158 5020 1225 5084 29*
