3525 5600
1269 337 1299 356 '-

320 373 383 439 312
759 373 913 437 ruitum!
935 375 1170 436 continuum

347 497 367 538 p.
381 484 500 526 otmunt.

320 564 405 625 ribus
426 566 551 626 iacimus
574 564 652 624 lruuc
675 572 802 643 tropum.
847 581 1012 624 sarcasmos
1038 561 1147 623 dicitur
1174 564 1269 622 ironia
1298 580 1364 623 cum
1393 561 1535 622 inrisione
1557 559 1601 620 ho·
1692 624 1693 647 ᾖ

321 666 392 728 stili:
416 669 537 728 omnino
560 665 616 726 hoc
639 663 728 726 habet
749 683 924 726 sarcasmos,
970 663 1063 725 habes
1084 666 1115 725 in
1137 663 1267 743 Vergilio
1692 650 1693 653 ¹

474 785 650 846 onagros
673 775 835 847 utquam
860 765 974 839 hello,
998 767 1175 837 Troiane,
1200 761 1354 847 petebas

473 871 691 950 Hesperiam
715 871 848 931 metire
870 871 1012 930 iacens:

321 973 443 1046 insultat
465 974 507 1042 ei,
536 973 588 1033 sed
617 991 683 1032 cum
712 990 826 1032 summa
855 972 1007 1032 inrisione.
1052 973 1189 1032 astismos
1219 969 1327 1032 dicitur
1349 971 1501 1032 urbanitas
1522 987 1620 1051 quae-s

322 1075 440 1136 damin
464 1092 561 1135 seusu.
591 1073 684 1136 habes
706 1073 783 1153 apud
806 1073 980 1135 Ciceronem
1002 1074 1252 1152 frequentissime,
1278 1071 1380 1133 ubiubi
1394 1075 1515 1143 iocatur,
1537 1074 1602 1133 ‘ius

322 1187 393 1239 tarn
416 1193 570 1253 nequam
593 1194 674 1237 csse
696 1179 916 1237 verrinum’.
963 1173 1055 1237 habes
1077 1174 1154 1254 apud
1178 1173 1338 1252 Vergilium

474 1279 536 1354 qui
559 1277 707 1339 Barium
731 1296 801 1339 uon
825 1277 903 1338 odit
925 1284 1020 1338 amet
1043 1286 1102 1336 tua
1126 1278 1307 1347 carmina,
1330 1277 1454 1338 Maeui.

323 1380 394 1441 nihil
424 1382 554 1454 suavius,
589 1379 661 1440 nilril
693 1378 844 1440 urbanius.
896 1378 955 1440 ‹luo
984 1378 1107 1439 luerunt
1133 1379 1254 1459 pessimi
1286 1386 1407 1458 poetae:
1446 1379 1527 1449 dicit,
1557 1381 1601 1456 qui

322 1483 411 1542 istum
441 1491 531 1552 umal,
559 1481 632 1542 illud
662 1501 716 1562 pro
743 1499 840 1561 poena
869 1482 1036 1558 contingat,
1073 1489 1107 1542 ut
1141 1490 1171 1541 et
1197 1478 1281 1541 illum
1309 1491 1400 1541 amet:
1443 1462 1497 1541 alia
1531 1483 1627 1541 enimn

322 1602 418 1662 poena
441 1581 485 1643 illi
507 1583 585 1645 nulla
609 1581 674 1642 talis
697 1585 762 1644 erit.
808 1591 837 1644 el
858 1582 938 1644 aliud
962 1581 1041 1663 quod
1064 1585 1206 1662 sequitur,
1232 1581 1236 1664 l

475 1690 587 1762 atque
609 1683 703 1745 idem
726 1687 857 1764 iungat
879 1685 1009 1764 vulpes
1032 1693 1067 1745 et
1088 1683 1253 1764 mulgeat
1274 1684 1411 1747 hircos.

324 1795 354 1847 ct
369 1788 490 1847 omnino
505 1786 642 1867 quicquid
661 1787 826 1848 urbanitate
849 1785 969 1864 plenum
992 1796 1037 1846 est
1059 1793 1089 1847 et
1110 1795 1193 1848 caret
1206 1788 1378 1857 rusticitate,
1403 1788 1537 1848 astismos
1555 1795 1597 1847 est

324 1887 491 1949 homoeosis
513 1888 635 1949 dicitur:
667 1896 696 1948 et
718 1891 775 1949 isto
798 1897 902 1968 tropus
929 1889 1077 1968 generalis
1107 1896 1164 1957 ost,
1195 1888 1286 1950 habet
1307 1891 1424 1970 species
1445 1897 1514 1949 tres.
1556 1889 1598 1948 lio·

324 1991 451 2050 morosis
474 1997 519 2050 est
540 1989 702 2052 similitudo
726 1989 883 2067 quaedam;
908 1991 960 2052 secl
983 1991 1057 2051 haec
1079 1989 1239 2052 similitudo
1255 1993 1286 2052 lit
1303 2001 1354 2054 aut
1369 2011 1384 2052 u
1401 1990 1493 2053 rebus
1506 1991 1625 2070 ignotisu

324 2097 374 2152 aut
396 2109 412 2151 a
435 2089 523 2152 rebus
546 2093 726 2170 incongruis
751 2100 801 2153 aut
823 2111 839 2152 a
862 2091 954 2154 rebus
976 2090 1106 2172 paribus.

393 2293 470 2360 3en]
502 2296 581 2359 Vorp.
601 2296 664 2348 Aen.
684 2295 800 2347 xiluau
868 2295 954 2363 llius]
978 2298 1068 2347 Cloio
1090 2299 1235 2346 Verrunt.
1254 2313 1305 2350 rer.
1328 2297 1395 2360 146,
1417 2299 1464 2349 itt
1532 2300 1598 2347 inc-

324 2363 410 2428 quum]
432 2379 521 2414 nevum
538 2367 613 2416 usi>
629 2374 712 2414 netum
734 2367 757 2414 B
826 2367 843 2416 8
861 2368 904 2430 qui
924 2368 1026 2417 urbium
1047 2367 1071 2415 B
1090 2367 1133 2428 qui
1154 2369 1256 2431 uupium
1277 2370 1313 2417 P:
1338 2370 1418 2432 Verp.
1437 2369 1516 2421 bucol.
1534 2369 1557 2426 3,
1570 2369 1597 2416 90

324 2431 604 2569 punitlgeupirrzlpssliZna
618 2434 725 2486 BCSP
790 2435 822 2486 16
838 2437 944 2502 paribus
961 2437 1016 2486 linit
1035 2437 1096 2486 liber
1114 2438 1216 2503 pompei
1231 2438 1390 2504 grammatici
1405 2437 1509 2488 feliciter
1525 2438 1548 2487 B
1562 2455 1597 2486 er·
