3525 5600
323 386 366 454 32
883 385 1058 453 clanculi

349 515 370 554 μ.
385 502 486 542 reae-ee
500 497 521 540 u.

265 648 268 654 ⁴
323 584 401 642 euim
424 599 499 640 seno
520 576 679 640 dicendum
701 585 761 646 est;
786 577 995 640 circumflexus
1018 578 1068 657 qui
1090 579 1223 658 tractim,
1249 587 1283 640 ut
1304 579 1414 654 llbma3
1443 584 1542 658 gravis
1564 582 1615 662 qni

223 701 311 764 371,3
323 702 427 764 pressa
449 699 521 743 rece
542 680 632 744 habet
652 687 814 742 accentum.
845 715 884 724 —
915 679 1194 741 circumflexus
1222 689 1368 742 acutus:
1405 681 1482 743 hanc
1505 682 1616 744 habent

324 785 573 853 observationem,
607 783 638 842 in
666 783 781 860 graecis
814 781 985 842 nominihus
1018 779 1164 861 [syllabis]
1199 791 1339 844 accentus
1372 793 1417 844 est
1448 786 1479 846 in
1513 785 1614 846 ultima

321 884 488 967 penultima
510 893 540 946 et
560 882 804 964 antepenultima;
827 885 857 944 in
878 882 977 944 latinis
997 882 1098 944 ultima
1114 882 1225 964 syllaba
1244 887 1249 964 Ι
1268 894 1423 946 accentum
1439 904 1499 947 nen
1515 886 1614 948 habet.

322 1007 433 1050 sauea
460 989 532 1057 line,
566 987 624 1047 hoc
650 993 696 1046 est
723 984 760 1045 ab
786 984 903 1056 ultima,
937 985 1118 1065 conputandi
1150 994 1219 1047 sunt
1251 994 1399 1048 accentus.
1446 991 1500 1049 tria
1528 989 1640 1050 habeta

324 1095 519 1169 cognomenta
540 1096 693 1150 accentus:
716 1095 768 1147 aut
790 1088 853 1148 toni
875 1095 945 1148 sunt
966 1095 1017 1148 aut
1038 1095 1158 1149 tenores
1181 1098 1231 1150 aut
1245 1098 1395 1157 accentus.
1419 1093 1482 1151 toni
1499 1109 1514 1150 a
1530 1109 1616 1163 sono,

294 1199 464 1254 caecentus
479 1189 517 1251 ab
532 1189 674 1260 acuendo,
690 1199 811 1251 tenores
832 1188 870 1250 ab
892 1189 1066 1251 intentione,
1093 1223 1131 1234 --
1154 1188 1179 1250 N
1186 1209 1231 1252 on
1250 1187 1262 1274 Η
1283 1191 1434 1253 tenebit
1456 1195 1532 1254 uisi
1554 1211 1616 1272 pe·

322 1294 520 1356 nultimum
549 1291 683 1354 locum:
725 1289 803 1371 apud
831 1290 951 1352 Latinos
978 1290 1058 1361 loca,
1094 1309 1171 1368 quae
1199 1292 1408 1355 circumflexus
1436 1303 1487 1354 aut
1515 1303 1617 1355 acutus

295 1396 485 1466 adimiserit,
514 1393 773 1473 gravispossidet
811 1393 918 1453 -Et
954 1391 1023 1454 hoc
1049 1392 1109 1453 illi
1136 1412 1206 1454 non
1235 1403 1291 1456 est
1319 1415 1509 1458 commune
1538 1415 1615 1457 cum

323 1501 476 1560 ceteris:
500 1500 568 1577 quia
590 1497 724 1558 nonsibi
745 1495 874 1556 vindieat
895 1494 1002 1563 lecum,
1027 1495 1079 1556 sed
1101 1493 1253 1557 dimissum
1269 1495 1306 1556 ab
1329 1497 1394 1557 aliis
1416 1497 1558 1575 possidet.
1579 1533 1614 1542 -
1632 1520 1653 1555 u

293 1601 417 1678 sllrgo
454 1597 723 1679 monosyllaba:
760 1599 791 1658 ln
818 1596 956 1657 omnibus
991 1596 1202 1676 monosyllabis
1231 1597 1414 1669 nominibus,
1452 1601 1512 1658 sive
1541 1617 1617 1678 quae

323 1701 429 1763 breves
449 1702 563 1762 luerint
584 1708 704 1769 natura,
731 1700 792 1760 sire
814 1716 890 1778 quae
911 1699 1060 1779 positione
1083 1698 1189 1780 longae
1210 1700 1305 1761 iactae
1328 1700 1452 1771 luerint,
1481 1719 1540 1761 non
1566 1700 1616 1762 ha·

322 1804 395 1864 bent
416 1804 473 1863 uisi
495 1810 615 1863 acutum
637 1809 801 1864 accentum.
826 1802 851 1861 si
873 1817 945 1862 vero
966 1801 1030 1880 ipsa
1054 1799 1255 1882 monosyllaba
1272 1810 1374 1864 natura
1392 1803 1479 1882 longa
1495 1803 1617 1873 luerint,

280 1918 308 1964 ιι
323 1924 385 1966 nen
406 1907 564 1984 positione,
589 1923 649 1966 non
670 1901 782 1964 habent
796 1904 853 1963 nisi
868 1902 1092 1964 circumflexum
1108 1911 1273 1966 accentum.
1291 1939 1329 1948 —
1353 1904 1392 1964 lu
1415 1904 1618 1985 disyllabis

324 2025 416 2088 quae
437 2009 618 2087 priorem:
652 2008 683 2065 in
706 2004 844 2066 omnibus
872 2003 1022 2084 disyllabis
1045 2003 1212 2086 [omnibns
1243 2014 1381 2086 quattuor
1403 2007 1495 2085 penes
1518 2016 1587 2068 sunt
1612 2007 1654 2086 lu

323 2108 467 2188 disyllabi,
491 2112 542 2189 qui
557 2110 610 2169 toti
625 2107 709 2168 nothi
731 2105 813 2186 sunt]
837 2108 868 2166 in
890 2105 1067 2186 penultima,
1091 2109 1151 2168 sive
1173 2107 1260 2186 longa
1283 2110 1321 2169 sit
1342 2110 1404 2168 sive
1420 2107 1532 2179 brevis,
1556 2127 1616 2170 non

323 2211 434 2271 habent
460 2212 518 2271 nisi
544 2217 663 2271 acutum
690 2201 854 2270 accentum.
907 2208 988 2270 solus
1021 2208 1181 2270 trochaeus
1210 2209 1434 2271 circurullexurn
1461 2219 1617 2272 accentum

323 2312 413 2374 hebet
434 2315 465 2373 in
487 2311 663 2392 penultima,
688 2313 713 2372 si
734 2318 840 2372 natura
861 2309 949 2388 longa
972 2309 1068 2372 luerit
1115 2313 1164 2390 qui
1188 2311 1212 2371 si
1235 2313 1382 2391 positione
1404 2311 1543 2374 habuerit
1565 2333 1618 2394 pe-

280 2429 311 2477 15
323 2414 480 2476 nultimam
500 2414 635 2493 longam,
661 2422 690 2474 et
710 2416 775 2494 ipse
797 2419 892 2473 mutat
914 2419 1068 2472 accentum
1091 2420 1121 2472 et
1136 2421 1255 2474 acutum
1278 2415 1394 2493 recipit.
1420 2449 1458 2458 -
1475 2414 1616 2496 Trisyl-

323 2516 421 2578 labis
445 2526 480 2578 et
501 2517 694 2596 deinceps:
730 2533 835 2576 omnes
856 2513 949 2594 pedes
971 2511 1113 2593 trisyllabi
1135 2539 1155 2582 a,
1177 2517 1238 2574 sire
1261 2517 1291 2576 lu
1314 2513 1474 2595 penultima
1497 2523 1617 2577 accitum
1631 2537 1655 2576 se

323 2627 478 2680 accentum
506 2618 605 2680 habet.
649 2617 730 2680 solus
751 2615 996 2697 amphibrachus,
1027 2619 1052 2678 si
1078 2616 1272 2696 penultimam
1296 2626 1400 2679 natura
1424 2617 1541 2696 longam
1565 2619 1617 2680 ha-

324 2721 438 2798 buerit,
468 2721 691 2782 circumflexum
719 2722 835 2800 accipit.
886 2719 950 2798 qui,
979 2721 1002 2779 si
1031 2718 1193 2798 penultima
1222 2721 1371 2798 positione
1400 2720 1490 2781 luerit
1518 2720 1617 2800 longa,

324 2832 419 2887 mutat
445 2833 599 2886 accentum
629 2830 659 2882 et
685 2831 803 2884 acutum
831 2823 947 2901 recipit.
992 2824 1022 2882 in
1050 2821 1166 2883 daetuln
1194 2822 1223 2881 in
1250 2821 1483 2901 antepenultima
1512 2832 1618 2884 acutus

279 2943 310 2990 ιι
324 2926 496 3006 ponendus,
525 2928 594 2986 sive'
610 2932 715 2986 natura
737 2926 776 2984 sit
796 2926 857 2984 sive
878 2926 1024 3002 positione
1046 2922 1142 3001 longa.
1172 2958 1212 2969 -
1240 2922 1403 2985 Perosus
1432 2934 1460 2985 et
1482 2925 1619 2985 Cethe·

323 3048 391 3107 gns
413 3026 642 3107 amphibrachus
664 3045 716 3105 pes
738 3034 797 3086 est:
820 3024 981 3105 penultima
1005 3027 1111 3105 ipsius,
1135 3027 1159 3085 si
1182 3033 1286 3087 natura
1308 3026 1395 3104 longa
1412 3028 1465 3095 sit,
1489 3029 1617 3087 circurn-
1631 3052 1655 3091 as

325 3134 433 3192 llexum
456 3131 572 3209 recipit.
618 3130 741 3208 quaesi
764 3130 909 3208 positione
932 3128 1020 3206 longa
1043 3130 1107 3197 liat,
1137 3136 1230 3188 mutat
1251 3136 1404 3188 accentum
1429 3136 1458 3187 et
1480 3130 1509 3189 in
1532 3138 1616 3189 ante·

325 3233 485 3313 penultima
513 3239 631 3293 acutum
659 3230 775 3309 recipit.
818 3230 981 3292 notandum
1010 3227 1088 3289 huuc
1109 3228 1205 3289 solum
1231 3226 1236 3309 Ι
1261 3228 1367 3307 pedena
1390 3230 1616 3292 circumllexunr

325 3337 475 3415 accipere,
499 3336 524 3394 si
545 3333 707 3414 penultima
731 3342 834 3394 natura
857 3332 943 3409 longa
967 3332 1065 3392 luerit.

409 3437 494 3498 Ratio
516 3446 702 3497 accentuum.
746 3433 940 3513 TrlbrachyS,
969 3443 1001 3494 ut
1023 3430 1152 3502 macula,
1181 3434 1210 3493 ln
1240 3432 1470 3512 antepenultima
1495 3442 1615 3496 acutum

327 3538 434 3601 babet'
466 3537 625 3612 uiolamus,
656 3545 687 3599 ut
714 3545 851 3606 naturae,
878 3540 939 3597 sine
966 3544 1076 3597 notura
1101 3539 1158 3609 fiet
1192 3536 1253 3596 sive
1289 3538 1451 3615 positione,
1479 3538 1510 3597 in
1540 3556 1615 3616 pen·
1632 3564 1656 3603 so

325 3642 429 3703 ultima
456 3647 575 3701 acutum
604 3639 704 3701 habet.
746 3646 937 3719 anapaestus,
966 3646 999 3699 ut
1021 3638 1126 3709 Erato,
1150 3638 1364 3717 quovismodo
1387 3641 1416 3699 in
1439 3638 1614 3719 antepenul-

325 3747 396 3804 tima
419 3749 536 3804 acutum
557 3739 655 3802 habet.
692 3739 936 3820 palimbacchius,
961 3743 1009 3820 qui
1031 3748 1060 3801 et
1075 3738 1293 3807 antibacchius,
1316 3749 1487 3811 uinctura,
1512 3744 1618 3818 quovis

325 3845 413 3906 mode
435 3847 467 3907 iu
487 3842 650 3924 penultima
673 3854 791 3904 acutum
814 3842 912 3904 babet.
947 3841 1187 3921 amphibrachys,
1211 3850 1242 3903 ut
1257 3844 1367 3913 carina,
1391 3845 1420 3903 ln
1436 3840 1615 3923 penultillma

394 4069 457 4119 nod.
477 4068 556 4119 Beroe.
576 4068 600 4116 V
617 4063 719 4118 ‹1-—5‘.
789 4063 901 4114 Othoni
972 4062 1042 4113 thoni
1113 4064 1184 4113 tab
1207 4062 1339 4113 hacueudo
1409 4064 1440 4115 ab
1462 4064 1617 4114 institutione

393 4140 526 4191 Bloncurn
541 4146 604 4202 aput
672 4144 804 4186 autactus
874 4133 907 4184 13
923 4134 945 4183 sl
964 4149 1025 4183 uero
1044 4134 1069 4181 in
1088 4134 1145 4199 ipss
1214 4134 1291 4183 luerit
1361 4134 1394 4184 ln
1412 4132 1542 4201 disyllabi]
1564 4134 1645 4200 syl--

325 4212 376 4263 lani
447 4210 480 4261 18
501 4218 592 4259 natura
611 4207 705 4273 longus
774 4203 808 4254 20
828 4204 939 4271 deueeps
958 4218 1046 4255 omnes
1117 4204 1149 4254 ¹21
1175 4202 1343 4253 amfihrachna
1361 4204 1383 4254 si
1407 4205 1548 4269 penultima

324 4284 358 4332 22
374 4298 447 4345 quern
467 4280 490 4328 si
508 4278 673 4345 penultimam
693 4276 845 4341 positionem
918 4274 951 4325 23
971 4270 1059 4338 mutat]
1081 4286 1133 4324 naut
1203 4275 1236 4323 24
1255 4284 1359 4337 cetegus
1379 4274 1548 4325 amilbrachus

324 4353 357 4401 25
376 4352 453 4419 longa
469 4348 514 4416 alt]
534 4349 610 4413 longa
625 4347 706 4407 (corn.
726 4345 812 4413 με).
827 4347 849 4395 si
919 4344 953 4397 26
972 4348 995 4394 in
1015 4344 1211 4410 antepenult'rme
1281 4346 1313 4395 27
1334 4352 1418 4393 notum
1435 4346 1494 4394 dum
1553 4346 1617 4411 pede

324 4420 358 4471 29
377 4424 501 4485 tribrncys
571 4420 605 4469 30
622 4420 677 4467 sive
695 4428 783 4467 natura
800 4415 903 4470 batem.
959 4416 983 4464 in
1002 4414 1225 4481 antepenultimam
1297 4414 1330 4465 :32
1348 4414 1512 4465 antibacchus
1529 4425 1615 4465 natura

393 4490 426 4544 33
443 4494 469 4541 in
486 4488 651 4556 penultimam
722 4486 890 4553 nmllbraehys
961 4488 987 4534 in
1004 4487 1167 4551 perurltlnrnrn

395 4682 426 4731 15
445 4690 503 4732 sunt
522 4679 656 4745 dissyllebi
671 4677 813 4728 Putrrhiur.
829 4678 943 4737 fortasse
962 4690 1049 4724 omnes
1063 4684 1182 4739 quattuor
1198 4674 1278 4741 pedes
1295 4674 1424 4739 disyllabi,
1438 4676 1479 4739 qui
1500 4676 1545 4725 toti
1566 4674 1616 4723 noti

326 4760 395 4813 scrut,
409 4753 433 4800 lu
446 4752 586 4815 penultima
604 4758 651 4799 etc.
723 4746 758 4799 20
772 4748 891 4809 sortasse
908 4760 995 4795 omnes
1015 4747 1093 4810 pedes
1115 4745 1240 4809 trisyllabi
1259 4744 1300 4793 vel
1320 4747 1344 4793 in
1365 4744 1564 4809 antepenultima
1578 4743 1616 4793 vel

326 4824 351 4871 in
370 4820 509 4887 penultima
526 4831 628 4870 acutum
642 4829 773 4869 accentum
796 4818 889 4867 habent
968 4816 1001 4865 32
1026 4824 1086 4866 ante
1112 4813 1311 4880 palimbacchius
1338 4815 1448 4879 definitio
1472 4816 1568 4881 dactyli
1593 4822 1619 4865 rt

326 4891 423 4945 bacchii
440 4891 567 4942 excidisse
579 4890 677 4941 videtur
