3525 5600
646 385 883 450 eouueurvu
924 406 933 418 ·
1324 353 1412 438 ἰιι
1462 361 1465 370 “

1230 499 1252 540 p.
1264 486 1353 526 aia-1⁷
1367 483 1389 524 r„

149 585 212 644 niam
236 578 413 642 admiserunt
440 595 534 655 genus
557 575 749 638 mascnlinum
773 565 897 654 propter
919 571 1051 633 adverbii
1073 571 1289 631 necessitatem.
1334 576 1413 628 cete·

148 701 200 744 rom
221 684 243 742 si
264 697 320 742 uon
344 681 383 741 sit
405 679 537 740 adverbii
559 679 734 744 necessitas.
758 694 853 755 genus
876 682 921 736 est
942 675 1126 735 lemininum.

216 783 416 844 ltarminatus
438 779 595 843 ablativus:
630 781 686 842 ista
709 778 810 857 regula
834 776 987 856 multiplex
1010 782 1062 837 est.
1108 776 1313 836 itermioatus
1334 773 1415 836 abla-

146 888 208 946 tivus
228 881 383 960 singularis
405 883 571 962 genetivum
596 885 626 943 in
650 885 710 942 ium
733 883 836 951 mittit,
861 879 990 940 dativum
1013 884 1043 937 et
1064 876 1222 939 ablativum
1243 877 1274 938 in
1296 877 1360 946 bus,
1384 883 1417 936 ut

126 989 176 1050 aab
196 987 245 1047 bac
265 986 355 1066 puppi
378 987 521 1066 puppium
544 985 589 1045 bis
612 992 642 1044 et
664 983 702 1044 ab
724 983 769 1044 bis
791 981 951 1063 puppibus.
989 981 1143 1059 quaeritur
1164 981 1195 1040 in
1217 981 1279 1059 ipsa
1302 977 1414 1057 regula,

144 1089 245 1177 quando
266 1088 397 1149 dicamus
419 1087 473 1148 lias
495 1090 623 1168 puppes',
648 1084 692 1148 vel
709 1085 831 1166 quando
854 1085 987 1145 dicamus
1008 1082 1061 1143 bas
1083 1078 1215 1162 puplpis;
1246 1080 1362 1159 quando
1385 1082 1416 1140 io

144 1196 177 1270 is,
198 1190 307 1271 quando
328 1191 359 1250 in
383 1209 423 1250 es.
470 1189 536 1252 talis
562 1188 662 1266 regula
687 1197 744 1248 est:
774 1189 1040 1268 quotienscumque
1067 1185 1220 1262 genetivus
1242 1183 1365 1262 pluralis
1386 1184 1417 1242 in

144 1297 194 1355 ium
219 1295 288 1362 evit,
317 1293 425 1352 totiens
454 1293 637 1352 aecusativus
664 1293 695 1351 in
723 1292 749 1352 is
778 1291 851 1358 evit,
880 1296 951 1368 pata
979 1287 1097 1365 agilium
1125 1285 1254 1346 iaeilium
1276 1285 1417 1346 (lucilium

143 1397 285 1475 puppinm;
309 1411 379 1455 ecoe
402 1395 540 1474 qnoniam
562 1396 593 1454 in
615 1395 676 1454 ium
692 1393 751 1454 exit
773 1393 940 1470 genetivus,
963 1392 1146 1450 accusativus
1166 1389 1225 1448 iam
1248 1389 1278 1448 in
1300 1389 1326 1448 is
1348 1389 1416 1458 exit,

115 1498 189 1558 rohos
209 1495 288 1574 agilis
314 1496 370 1560 hos
397 1495 492 1558 laeilis
522 1496 576 1556 bos
604 1494 717 1556 docilis.
762 1496 786 1556 si
809 1500 906 1556 autern
929 1494 1083 1572 genetivus
1105 1510 1165 1552 non
1188 1498 1273 1552 exeat
1293 1492 1324 1550 in
1345 1492 1417 1558 ium,

143 1599 186 1660 sevi
207 1601 234 1659 in
255 1616 320 1667 um,
349 1598 379 1657 in
410 1616 441 1658 es
469 1599 528 1658 exit
555 1599 749 1667 accusativus,
781 1605 865 1676 pater
887 1602 1006 1676 patrum
1035 1600 1151 1674 patres,
1175 1601 1270 1654 mater
1291 1598 1418 1654 matrum

144 1709 246 1762 matres.
288 1717 349 1760 non
373 1718 492 1779 possum
515 1700 615 1762 dicere
638 1701 731 1780 patris
754 1701 869 1767 matris,
898 1697 950 1759 sed
973 1697 1028 1757 bos
1050 1704 1149 1776 patres
1171 1695 1224 1756 bas
1245 1702 1363 1756 matres.
1408 1695 1419 1753 i

143 1819 203 1881 ergo
223 1804 395 1864 terminatus
417 1801 561 1863 ablativus
583 1800 740 1880 singularis
763 1800 920 1881 aliquando
946 1801 1114 1878 genetivum
1137 1797 1283 1878 pluralem
1305 1799 1336 1857 in
1358 1798 1418 1858 iurn

143 1905 232 1972 mittit,
259 1902 416 1982 aliqnando
444 1906 473 1966 in
502 1923 562 1966 uro.
607 1903 724 1983 quartem
754 1905 839 1964 etiam
868 1903 1052 1964 aecusativus
1080 1899 1203 1980 pluralis
1225 1902 1255 1960 in
1277 1902 1303 1960 is
1326 1907 1418 1969 exeat,

115 2005 247 2086 cquando
272 2007 303 2065 in
332 2023 378 2075 es,
410 2006 552 2075 diximum
592 2005 681 2066 modo
713 2005 785 2067 illud
818 2006 982 2074 videamus,
1016 2005 1079 2082 ipse
1112 2004 1264 2082 genetivus
1296 2001 1420 2082 pluralis

142 2107 246 2186 quando
267 2109 297 2168 in
321 2127 369 2168 um
394 2116 493 2178 exeat,
522 2108 644 2188 quando
662 2109 693 2168 in
716 2111 785 2168 ium.
830 2106 927 2168 babeo
948 2114 1009 2166 tres
1031 2104 1159 2183 regulas.
1203 2103 1492 2184 mellensem-4³42
1506 2102 1537 2151 ¹⁷

143 2231 190 2291 que
211 2211 405 2272 nominativus
427 2210 586 2288 singularis
609 2219 681 2272 net
703 2231 717 2272 s
739 2209 846 2271 litteris
869 2210 1058 2278 terminatur,
1081 2210 1112 2268 io
1135 2209 1196 2268 inm
1220 2208 1294 2276 exit,
1318 2224 1420 2267 amans

142 2315 303 2383 amantium,
333 2311 443 2374 docens
471 2311 655 2382 docentium,
686 2311 815 2374 clamans
844 2309 1044 2372 clamantium.
1089 2313 1211 2370 omnino
1244 2310 1341 2371 omnia
1375 2309 1420 2368 vel

143 2417 281 2496 partieipia
306 2413 350 2474 vel
379 2416 498 2476 nomina
520 2415 625 2476 similia
648 2417 812 2495 participiis
834 2415 1001 2493 praesentis
1021 2414 1165 2492 temporis
1185 2413 1217 2472 in
1240 2409 1267 2470 ιι
1280 2418 1310 2472 et
1331 2428 1346 2469 s
1369 2429 1420 2470 ev·

114 2519 226 2578 urentia
255 2521 283 2578 in
313 2519 493 2578 nominativo
521 2516 664 2596 singulari
691 2519 859 2596 genetivum
887 2513 1034 2595 pluralem
1055 2516 1086 2575 in
1108 2517 1170 2575 ium
1193 2515 1322 2574 mittunt.
1366 2514 1421 2572 ista

142 2622 283 2700 participia
311 2630 394 2684 suot.
418 2638 520 2681 amans
543 2619 667 2689 ‹locens;
698 2627 727 2679 et
749 2620 868 2680 nomina
891 2615 1042 2686 similiter,
1065 2623 1172 2696 potens
1193 2617 1344 2693 inpotens,
1367 2633 1420 2694 po·

143 2723 253 2782 tentiam
273 2720 278 2803 l
298 2722 505 2801 inpotentium.
551 2740 620 2782 ecce
644 2723 842 2782 nominativus
863 2721 888 2780 si
911 2739 931 2780 n
954 2727 984 2779 et
1004 2738 1019 2779 s
1040 2717 1148 2779 litteris
1169 2719 1259 2779 luerit
1280 2718 1422 2778 termina·

142 2836 194 2895 tus,
227 2825 396 2903 genetivum
429 2823 573 2904 pluralem
606 2826 635 2887 in
663 2826 724 2885 ium
753 2824 849 2885 mittit.
895 2825 965 2883 item
994 2823 1020 2883 si
1047 2821 1189 2882 ablativus
1216 2821 1374 2900 singularis
1405 2839 1421 2881 e

142 2934 268 3006 correpto
296 2927 473 2988 terminetur
501 2928 530 2987 in
558 2944 669 3005 genere
698 2928 856 2995 feminino,
884 2925 1037 3004 genetivus
1064 2923 1188 3004 pluralis
1215 2925 1245 2985 in
1267 2925 1329 2984 inm
1352 2922 1420 2993 exit,

112 3036 168 3089 nul
192 3028 227 3089 ab
254 3028 310 3091 bac
339 3028 423 3089 clade
451 3028 588 3090 eludium.
633 3031 703 3091 item
732 3032 757 3092 si
779 3030 789 3089 i
812 3028 988 3088 terminetur
1013 3028 1078 3107 ipse
1100 3026 1242 3088 ablativus
1264 3028 1295 3086 in
1319 3027 1423 3103 quovis

142 3149 249 3208 genere,
272 3138 344 3211 puta
368 3130 530 3192 masculino
553 3131 695 3191 feminino
718 3138 834 3199 neutro,
859 3136 892 3189 ut
914 3127 951 3188 ab
972 3127 1029 3189 bae
1050 3130 1143 3209 puppi
1164 3130 1318 3208 puppium.
1352 3144 1423 3187 ecee

143 3233 223 3293 babes
250 3242 311 3295 tres
339 3232 472 3312 regulas,
500 3232 608 3313 quibus
641 3231 752 3311 regulis
780 3230 1096 3310 intellegas,‘quando
1123 3232 1275 3309 genetivus
1301 3233 1333 3291 in
1360 3231 1423 3291 ium

143 3342 223 3395 exeat
268 3336 293 3394 si
315 3343 414 3397 autem
437 3337 634 3397 nominativus
656 3333 813 3414 singularis
835 3352 895 3395 non
918 3353 938 3394 n
960 3342 1025 3395 ets
1053 3333 1158 3395 litteris
1179 3335 1369 3403 terminetur,
1398 3332 1424 3392 si

142 3436 272 3498 ablativus
299 3435 457 3515 singularis
476 3454 538 3498 non
563 3456 578 3497 e
600 3446 739 3517 correpto
761 3438 938 3499 terminetur
958 3438 990 3495 in
1012 3453 1124 3515 genere
1145 3436 1305 3501 feminino,
1329 3442 1379 3495 aut
1399 3434 1424 3493 si

112 3540 149 3598 oi
169 3558 224 3601 non
251 3540 430 3601 terminetur
457 3538 601 3601 ablativus
630 3541 661 3601 in
689 3556 875 3617 quocumque
902 3555 1028 3615 genere,
1051 3539 1082 3598 in
1105 3557 1155 3599 um
1178 3540 1238 3598 erit
1259 3537 1421 3616 genetivus.

141 3642 185 3701 sevi
207 3641 276 3703 illud
301 3648 330 3701 te
352 3641 512 3717 admoneo,
537 3660 641 3703 omnes
663 3644 733 3703 istas
756 3639 874 3718 regulas
895 3658 1006 3725 nocer
1020 3641 1196 3701 necessitate
1215 3640 1314 3701 iacere
1335 3641 1424 3700 istum

141 3746 300 3822 genetivum
323 3742 485 3822 pluralem:
520 3762 595 3814 non,
619 3746 885 3825 quotienscumque
906 3745 982 3804 istae
1004 3750 1066 3802 tres
1087 3741 1207 3820 regulae
1229 3743 1348 3813 luerint,
1371 3759 1424 3801 ne·

140 3864 214 3909 cesse
243 3854 289 3907 est
315 3854 347 3905 ut
375 3846 526 3923 genetivus
554 3846 677 3926 pluralis
705 3848 733 3907 in
767 3848 830 3906 ium
861 3854 960 3914 exeat,
987 3845 1038 3906 sed
1068 3846 1332 3923 quotienscumque
1360 3845 1425 3923 ipse

140 3949 284 4025 genetivus
315 3946 439 4027 pluralis
465 3948 496 4009 in
524 3950 585 4009 ium
610 3951 683 4018 erit,
707 3947 743 4009 ab
766 3950 828 4009 istis
851 3948 945 4008 tribus
967 3946 1079 4026 regulis
1101 3950 1241 4009 nascitur.
1284 3966 1323 4007 ne
1345 3944 1426 4005 vlicas

115 4052 205 4111 anibi
226 4054 314 4111 ‘ecce
343 4069 362 4111 n
386 4056 414 4110 et
436 4070 451 4111 s
479 4050 584 4113 litteris
613 4052 785 4112 terminatus
807 4057 853 4111 est
874 4053 1077 4133 nominativus
1096 4059 1126 4110 et
1147 4049 1237 4111 debet
1257 4050 1426 4127 genetivum

141 4152 165 4211 io
185 4154 242 4213 ium
268 4153 414 4213 mittere’.
459 4152 566 4215 laisum
595 4160 654 4222 est;
682 4154 748 4214 dieo
777 4172 856 4215 nunc
884 4151 1021 4233 ‘quanvb
1042 4155 1197 4230 genetivus
1219 4154 1250 4213 in
1272 4152 1332 4212 ium
1356 4152 1424 4221 evit,

142 4272 256 4315 neeesse
280 4260 380 4315 estut
402 4253 439 4314 ab
461 4254 511 4315 illa
532 4254 644 4335 regulla
666 4256 764 4316 veniat
781 4270 799 4307 v·
821 4256 872 4316 sed
896 4255 1014 4335 quanm
1029 4256 1060 4315 in
1075 4256 1137 4315 ium
1160 4256 1280 4325 exierit,
1303 4271 1426 4315 necesse

143 4365 179 4415 est
205 4362 236 4415 ut
263 4354 333 4416 inde
361 4356 484 4417 veniat’.
530 4356 607 4419 dabo
635 4360 722 4421 etiam
752 4356 935 4437 exemplum,
963 4358 1042 4419 unde
1069 4357 1127 4419 boc
1154 4356 1289 4437 probem.
1332 4362 1427 4417 matre
1509 4368 1514 4378 “

204 4527 216 4587 1
242 4542 326 4593 genus
350 4540 412 4593 ergo
436 4526 477 4576 lvio
495 4528 663 4579 nvasculinum
682 4528 756 4581 oca
780 4544 864 4596 genus
882 4545 945 4597 ergo
966 4528 1007 4578 bie
1026 4528 1181 4578 masculinus
1200 4528 1225 4576 Α
1296 4528 1328 4579 11
1348 4539 1428 4577 mater

144 4612 182 4649 on.
200 4598 224 4647 A
297 4596 330 4647 18
347 4597 460 4647 clavnana
476 4598 636 4647 clamantium
650 4615 696 4653 om.
714 4599 747 4655 Α,
766 4601 826 4650 add.
845 4617 861 4649 o
931 4600 966 4650 ‘26
983 4611 1046 4665 puta
1064 4600 1090 4647 in
1107 4598 1247 4648 masculino
1265 4608 1290 4647 et
1306 4598 1427 4647 feminino

145 4678 223 4734 neutro
238 4667 264 4716 A
335 4666 366 4717 31
387 4668 490 4734 regulas
509 4684 541 4717 ex
561 4670 711 4720 necessitate
731 4670 814 4721 ABG
884 4667 917 4719 33
937 4677 963 4718 ut
982 4670 1117 4735 genetinus
1136 4667 1243 4733 pluralis
1259 4668 1331 4718 Bca
1352 4684 1429 4732 geue·

146 4737 204 4785 liuns
221 4736 329 4802 pluralis
343 4745 370 4786 ut
388 4737 413 4786 A
467 4737 500 4788 37
519 4740 551 4787 ub
566 4739 608 4788 illa
623 4740 711 4805 regule
726 4740 799 4791 Bca
818 4740 849 4789 ab
870 4739 927 4789 illas
946 4739 1049 4805 regulos
1068 4738 1101 4792 Α.
1121 4742 1214 4788 lacuna
1228 4754 1300 4803 quom
1318 4739 1430 4789 indicavi

146 4803 197 4887 luce
210 4809 268 4869 sere
282 4810 410 4859 eaeeidv'aae
426 4808 551 4873 uidentur,
565 4823 615 4859 non
634 4811 736 4873 quantlo
749 4812 781 4861 ab
796 4810 841 4859 illa
859 4810 949 4877 regula
968 4811 1061 4869 veniat,
1081 4824 1185 4859 necesse
1198 4816 1237 4859 eat
1250 4817 1277 4859 at
1294 4810 1429 4874 genetivus

149 4890 170 4923 ιιι
184 4892 231 4927 ιιιιιι
247 4888 322 4929 exeat
