3525 5600
337 371 397 435 186
660 453 661 456 ¹
903 371 1055 434 l‘Olll'Ell

361 495 382 536 p.
396 481 521 524 903-011,

336 569 483 625 mutamus
506 565 594 624 etiam
617 579 718 630 casus,
743 569 772 621 et
794 560 865 621 illud
889 578 998 621 nomen
1020 562 1141 621 omniuo
1164 579 1223 621 non
1246 567 1391 642 mutatur,
1415 567 1528 620 constat
1546 579 1609 639 quo·

336 668 413 726 niam
444 684 502 726 uon
531 663 705 726 declinatur.
751 663 832 724 mille
860 671 959 724 autem
986 682 1138 724 senvonum
1171 662 1286 724 habetis
1319 665 1351 723 iu
1378 664 1444 741 ipso
1472 663 1608 733 Cicerone,

336 767 465 828 ‘facile
488 767 590 827 mille
612 765 795 827 hominum
819 767 1092 827 versabantun’.
1129 765 1211 826 vides
1233 765 1372 846 quoniam
1395 766 1545 843 genetivus
1563 774 1609 826 est.

338 870 417 932 unde
439 871 536 950 potius
559 867 632 929 illud
656 885 764 929 nomen
787 877 911 948 apparet
932 870 1071 949 quoniam
1093 866 1302 929 indeclinabile
1325 875 1380 928 est.

219 975 277 1038 433,
290 976 323 1026 35
419 972 576 1033 Praeterea
605 971 757 1032 sciendum
785 979 830 1032 est
858 991 923 1056 esse
950 970 1048 1051 aliqua
1080 973 1199 1032 nomina
1233 989 1310 1050 quae
1342 989 1402 1031 non
1436 989 1491 1049 per
1521 989 1631 1031 omnese

334 1094 420 1136 casus
442 1073 642 1142 docimentum
666 1074 718 1134 sed
741 1074 918 1154 aliquotiens
939 1075 1087 1135 invenitur
1102 1093 1211 1134 nomen
1233 1092 1299 1134 cum
1322 1091 1381 1133 uno
1399 1091 1489 1143 -easu,
1513 1073 1611 1150 aliquo·

334 1166 499 1238 tieus'cum
523 1175 654 1248 dnobus,
678 1175 853 1257 aliquotiens
876 1195 942 1238 eum
965 1175 1074 1247 tribus,
1097 1175 1272 1255 aliquotiens
1293 1194 1360 1236 cum
1383 1183 1530 1255 quattuor.
1553 1193 1612 1236 ecce

333 1297 442 1342 nomen
466 1297 533 1340 cum
556 1296 614 1342 uno
636 1283 751 1340 tantum
774 1297 851 1347 casu,
875 1287 909 1340 ut
929 1287 1049 1358 sponte;
1073 1280 1217 1358 septimus
1240 1285 1298 1347 est,
1322 1296 1379 1338 nee
1400 1277 1491 1338 alium
1512 1279 1612 1338 inveni·

333 1399 415 1444 mus:
448 1387 535 1451 natu,
564 1383 658 1441 maior
686 1389 769 1442 natu:
799 1381 883 1452 tabo,
915 1385 967 1442 ‘et
996 1391 1133 1443 ternam
1160 1381 1247 1442 tabo
1269 1379 1487 1449 maeulaot';
1512 1387 1613 1441 tautum

334 1486 476 1565 septimus
505 1491 557 1545 est.
602 1501 671 1544 ecee
700 1482 791 1545 habes
819 1486 939 1545 nomina
959 1490 1097 1545 contenta
1119 1482 1242 1561 singulis
1264 1481 1390 1544 casibus.
1435 1485 1643 1544 inveniuntnun

248 1577 253 1586 ¹
334 1587 390 1650 alia
414 1587 533 1647 nomina
556 1593 670 1646 tantuin
694 1585 782 1646 modo
806 1593 944 1647 contenta
967 1585 1083 1647 duobus
1104 1585 1233 1660 casibus,
1258 1586 1439 1646 nominativo
1461 1590 1515 1660 etl
1538 1603 1613 1644 voca·

333 1692 407 1758 tivo,
431 1697 463 1748 ut
485 1688 533 1750 hic
555 1687 686 1767 luppiter
714 1707 732 1748 o
761 1689 904 1768 luppiter.
948 1696 1080 1749 ceterum
1103 1691 1153 1768 qui
1175 1692 1214 1749 ita
1237 1686 1401 1757 declinant,
1425 1687 1474 1747 hic
1495 1687 1615 1766 luppiter

334 1792 422 1852 huius
444 1791 532 1859 lovis,
557 1789 677 1850 stultum
701 1799 753 1850 est.
791 1798 820 1851 et
841 1789 891 1850 illa
915 1793 994 1851 enim
1016 1793 1055 1851 ita
1078 1790 1202 1852 habebis
1224 1789 1389 1859 declinare,
1412 1791 1462 1850 hie
1484 1788 1615 1849 lleneules

334 1895 421 1955 huius
449 1893 734 1972 Amphi‘tnioniadam
759 1899 788 1953 et
815 1893 889 1955 haec
916 1893 1045 1954 Minerva
1074 1892 1161 1954 huius
1189 1892 1326 1954 Palladis.
1354 1911 1412 1973 quo
1435 1891 1524 1953 medo
1545 1893 1615 1951 enim

333 1995 406 2056 illud
434 2013 591 2075 possumus
619 1995 786 2056 declinare?
822 1995 980 2074 numquid,
1009 1999 1035 2058 si
1062 1996 1112 2057 ille
1140 1997 1270 2076 luppiter
1293 1995 1401 2056 haheat
1422 1995 1552 2074 quinque
1572 2001 1645 2053 antu

333 2106 472 2177 quattuor
501 2099 634 2168 nomina,
664 2099 775 2158 ideirco
804 2097 899 2159 debeo
926 2117 980 2178 pen
1008 2099 1141 2176 singulos
1169 2117 1256 2159 casus
1279 2107 1394 2158 mutave
1414 2096 1464 2157 illa
1488 2097 1616 2156 nomina?

333 2201 390 2260 hoc
412 2199 534 2260 stultum
558 2207 616 2268 est;
646 2199 697 2260 sed
721 2181 860 2270 dicimus,
885 2200 1018 2281 luppiter
1041 2201 1130 2262 habet
1151 2200 1225 2262 duos
1247 2219 1346 2271 casus,
1370 2199 1419 2260 hie
1442 2199 1572 2278 luppiter
1593 2205 1618 2257 et

334 2301 513 2382 oluppiten.
558 2301 734 2379 aliquotiens
760 2305 952 2364 inveniuntur
980 2305 1114 2373 nomina,
1142 2303 1193 2364 ubi
1221 2313 1283 2364 ties
1305 2311 1419 2363 tantum
1438 2309 1510 2361 sunt
1532 2319 1616 2368 casus,

332 2411 366 2466 ut
387 2398 457 2482 pu‘ta
480 2403 536 2464 hoc
558 2405 642 2465 netas
664 2405 720 2465 hoc
743 2406 825 2466 inelas
841 2423 858 2465 o
875 2405 971 2473 nelos:
994 2405 1169 2483 aliquotiens
1191 2405 1242 2466 ubi
1257 2413 1396 2484 quattuor
1411 2411 1526 2465 tantum
1541 2421 1618 2463 casus

333 2515 417 2575 sunt,
441 2514 474 2566 ut
497 2514 542 2566 est
563 2505 652 2576 lovis,
678 2506 764 2567 liuius
786 2509 860 2568 lovis
882 2509 951 2568 huic
974 2509 1034 2569 lovi
1055 2509 1135 2569 hune
1156 2509 1255 2569 lovem
1279 2507 1316 2567 ab
1338 2507 1396 2568 hoc
1418 2506 1495 2566 love.
1541 2507 1648 2584 quin-n

333 2627 390 2689 que
417 2627 506 2668 casus
534 2625 693 2688 numquam
723 2627 880 2688 possumus
909 2612 1051 2670 invenire.
1097 2628 1166 2670 eece
1194 2609 1334 2670 deliciunt
1362 2611 1493 2686 quinque
1528 2606 1618 2675 simul,

278 2783 280 2788 Ι
332 2711 473 2771 deficiunt
500 2716 655 2790 quattuor,
684 2711 825 2772 deliciunt
853 2719 928 2780 tres,
958 2711 1098 2772 deliciunt
1124 2713 1203 2795 duo;¹
1232 2729 1311 2772 unus
1338 2729 1501 2791 numquam
1530 2717 1620 2789 potest

333 2814 469 2875 delicere.
514 2830 570 2893 qua
598 2815 714 2875 natione
743 2832 802 2875 non
824 2823 922 2895 potest
943 2815 1071 2876 delicere
1093 2816 1188 2875 unusl
1216 2815 1282 2894 quia
1306 2815 1504 2874 nominativus
1528 2821 1557 2874 et
1577 2832 1619 2870 vo·

333 2917 444 2977 eatinus
467 2933 561 2993 paene
583 2915 662 2975 idem
684 2924 765 2987 sunt,
795 2926 827 2977 ut
853 2925 922 2997 puta
946 2917 1020 2978 haee
1042 2920 1124 2979 llusa
1147 2938 1164 2977 o
1187 2918 1284 2985 Musa,
1314 2915 1362 2976 lnic
1382 2924 1469 2995 pater
1492 2934 1511 2976 o
1533 2922 1618 2995 pater,
1705 2899 1706 2912 ¹

333 3018 381 3078 hio
413 3018 521 3079 lluetus
549 3036 566 3076 o
594 3017 713 3089 fluetus,
743 3018 791 3079 hio
819 3019 882 3079 dies
910 3039 928 3079 o
956 3020 1028 3081 dies.
1072 3022 1097 3079 si
1125 3037 1196 3097 engo
1223 3020 1263 3078 ita
1290 3020 1440 3098 profertur
1469 3020 1651 3085 vocativusa

333 3136 420 3200 quem
449 3118 485 3179 ad
514 3119 634 3180 modum
668 3122 880 3189 nominativus,
916 3125 1052 3202 quotiens
1085 3119 1228 3182 deleeenit
1258 3122 1469 3191 nominativus,
1506 3137 1620 3180 necesse
1705 3179 1706 3224 q

333 3221 423 3283 habet
445 3222 573 3283 deiicere
595 3230 624 3282 et
647 3224 801 3283 vocativus.
838 3223 905 3284 ideo
927 3242 987 3284 non
1009 3242 1165 3302 possumus
1186 3226 1321 3284 invenire
1342 3223 1393 3283 ubi
1415 3226 1548 3303 quinque
1569 3223 1622 3282 sint
1705 3231 1706 3294 t

333 3342 425 3385 casus.
470 3340 647 3404 quamquam
675 3331 758 3403 potes
786 3326 899 3402 lingere
926 3326 1089 3387 secundum
1119 3344 1218 3386 usum:
1252 3334 1322 3406 puta
1346 3324 1462 3385 sublato
1486 3322 1629 3404 voeatijvo
1705 3297 1706 3366 1

333 3426 480 3486 iuvenitur
508 3426 717 3495 nominativus,
747 3432 779 3486 ut
805 3428 864 3487 sint
886 3430 1017 3507 quinque
1039 3446 1133 3488 casus.
1171 3428 1219 3487 hic
1240 3424 1381 3508 populus,
1405 3446 1464 3487 non
1489 3428 1556 3488 dieo
1579 3446 1621 3486 an·

333 3528 451 3597 bouem,
481 3526 532 3588 sed
561 3526 795 3597 multitudinem,
826 3527 875 3588 hic
907 3530 1036 3608 populus
1063 3530 1152 3591 huius
1178 3531 1283 3610 populi
1311 3530 1380 3590 huic
1407 3528 1520 3608 populo
1547 3529 1652 3590 liuneoo
1705 3525 1706 3538 ¹

333 3628 474 3709 populum
504 3636 533 3689 et
560 3628 597 3689 ab
625 3628 682 3690 hoc
709 3630 827 3709 populo.
873 3634 1035 3692 vocativum
1059 3652 1117 3712 quo
1138 3632 1227 3693 modo
1250 3633 1392 3692 iacimus?
1428 3632 1566 3692 Lucanus
1586 3634 1620 3690 ita
1705 3687 1706 3690 ,

333 3731 419 3802 dixit,
449 3750 466 3791 o
494 3731 636 3810 populus,
667 3732 890 3809 ‘degenero
919 3733 1105 3814 populus’.
1151 3734 1350 3805 Quintilianus
1371 3736 1402 3794 in
1425 3735 1621 3798 controversia

333 3852 384 3894 sua
407 3853 425 3893 o
447 3832 558 3913 popule
581 3832 667 3901 dixit,
697 3834 775 3914 quod
799 3852 858 3896 nou
881 3842 980 3915 potest
1001 3836 1068 3896 dici.
1114 3836 1184 3916 quid
1207 3842 1267 3897 tam
1296 3838 1376 3897 enim
1398 3835 1532 3904 acidum,
1556 3835 1621 3913 quid
1705 3903 1706 3906 Ἴ

334 3943 393 3995 tam
417 3934 592 4005 absurdum,
622 3954 710 4015 quam
739 3935 796 3996 hoc
824 3936 943 3997 dieenel
977 3937 1043 3998 vide
1065 3945 1179 4012 autem,
1205 3938 1274 4017 quid
1298 3938 1371 3999 dicit
1392 3940 1455 4017 ipse
1479 3939 1620 3999 llonatus:

334 4040 374 4098 ait
396 4036 465 4097 ‘sed
493 4037 581 4107 haee,
612 4056 687 4118 quae
716 4037 782 4099 dico
811 4039 952 4110 delicere,
983 4038 1147 4101 seeundum
1175 4058 1262 4101 usum
1289 4039 1370 4110 dico,
1401 4047 1536 4101 ceterum
1564 4041 1654 4099 scios

403 4290 632 4359 veientanum
650 4294 709 4348 Mu.
726 4294 768 4353 20,
786 4295 819 4347 53
873 4294 1106 4347 3sernnabantur0
1154 4296 1302 4362 genetiuum
1321 4294 1389 4343 nonde
1405 4294 1430 4344 Α
1501 4296 1622 4360 dsponte

334 4380 378 4415 nec
402 4363 470 4415 uliud
494 4366 638 4415 inueninnus
657 4366 781 4431 septimus
804 4374 842 4416 est
859 4375 918 4417 natu
937 4366 1022 4417 ABG
1088 4365 1147 4417 liet
1163 4363 1266 4430 terram]
1289 4367 1367 4429 Vei-9.
1387 4366 1452 4415 Aen.
1472 4366 1505 4415 111
1524 4365 1558 4416 29

334 4434 462 4485 maculant
480 4436 554 4486 Bda
576 4435 686 4485 maculat
704 4436 728 4485 Α
797 4444 893 4485 tantum
913 4453 958 4487 om.
977 4436 1015 4499 Α,
1035 4436 1095 4486 add.
1114 4454 1131 4485 a
1203 4438 1235 4486 12
1258 4436 1351 4499 iupiter
1372 4444 1516 4486 munienter
1535 4436 1560 4485 B

335 4506 366 4557 13
388 4505 514 4555 declinare
535 4515 559 4555 ot
578 4505 640 4555 hnee
660 4508 775 4557 nninenuo
794 4506 870 4557 huius
889 4506 999 4572 palladis
1017 4506 1058 4555 liic
1076 4506 1187 4556 herculis
1213 4504 1289 4555 huius
1308 4504 1486 4569 amphitrionis
1509 4503 1622 4571 (ampliv-

333 4574 621 4641 tnionis'A)qu0modo
640 4576 721 4626 ABG
792 4577 823 4627 ld
847 4576 1071 4627 ideireodebetG
1141 4577 1172 4626 17
1192 4575 1559 4640 hubetA(?)habereBGa
1608 4602 1611 4607 -

333 4645 448 4697 25lnaee
466 4646 521 4695 dies
540 4644 565 4694 Α
636 4647 776 4697 aneton.
797 4648 855 4698 AB
926 4646 968 4695 ubi
993 4648 1106 4710 quinque
1129 4648 1180 4697 sint
1200 4645 1273 4709 (sunt
1291 4644 1329 4708 A)
1355 4644 1622 4711 casnsputasubleto

334 4716 491 4765 nominatiuo
511 4717 639 4765 inuenitur
657 4718 788 4767 uacatione
808 4730 836 4767 ut
857 4716 907 4765 sint
925 4716 1037 4777 quinque
1057 4731 1133 4765 casus
1152 4730 1303 4779 quemquem
1321 4724 1405 4781 potest
1422 4716 1518 4781 lingere
1534 4728 1624 4765 secun

335 4786 394 4835 dum
413 4800 486 4835 nsum
503 4784 544 4835 liic
563 4786 673 4851 populus
694 4786 776 4837 ABG
844 4786 875 4837 31
896 4783 1023 4852 Lucanus]
1043 4786 1162 4837 Pleraei.
1182 4788 1201 4835 ll
1220 4784 1269 4836 tlt
1324 4786 1357 4836 32
1371 4785 1498 4852 degenere
1514 4783 1623 4850 populus

334 4856 385 4907 AC
454 4855 627 4919 quintillianus
646 4855 700 4908 AG
1705 4849 1706 4858 ¹
