<?xml version="1.0" encoding="UTF-8"?>
<!DOCTYPE html PUBLIC "-//W3C//DTD XHTML 1.0 Transitional//EN"
    "http://www.w3.org/TR/xhtml1/DTD/xhtml1-transitional.dtd">
<html xmlns="http://www.w3.org/1999/xhtml" xml:lang="en" lang="en">
 <head>
  <title>
</title>
<meta http-equiv="Content-Type" content="text/html;charset=utf-8" />
  <meta name='ocr-system' content='tesseract 3.04.00' />
  <meta name='ocr-capabilities' content='ocr_page ocr_carea ocr_par ocr_line ocrx_word'/>
</head>
<body>
  <div class='ocr_page' id='page_1' title='image "./grammaticilatin03hagagoog_0162.png"; bbox 0 0 3525 5600; ppageno 0'>
   <div class='ocr_carea' id='block_1_1' title="bbox 192 278 1712 4053">
    <p class='ocr_par' dir='ltr' id='par_1_1' title="bbox 192 278 1712 4053">
     <span class='ocr_line' id='line_1_1' title="bbox 217 278 1049 344; baseline -0.002 -4"><span class='ocrx_word' id='word_1_1' title='bbox 217 331 221 340; x_wconf 80' lang='grc'><strong>,</strong></span> <span class='ocrx_word' id='word_1_2' title='bbox 308 278 368 344; x_wconf 83' lang='grc'>152</span> <span class='ocrx_word' id='word_1_3' title='bbox 873 278 1049 342; x_wconf 85' lang='grc' dir='ltr'><strong>ΡΟΜΡΕΙΙ.</strong></span> 
     </span>
     <span class='ocr_line' id='line_1_2' title="bbox 332 389 492 443; baseline -0.006 -15"><span class='ocrx_word' id='word_1_4' title='bbox 332 402 353 443; x_wconf 90' lang='lat' dir='ltr'>p.</span> <span class='ocrx_word' id='word_1_5' title='bbox 369 391 456 430; x_wconf 70' lang='grc'>126-28</span> <span class='ocrx_word' id='word_1_6' title='bbox 471 389 492 428; x_wconf 87' lang='lat' dir='ltr'>L.</span> 
     </span>
     <span class='ocr_line' id='line_1_3' title="bbox 304 467 1595 550; baseline -0.002 -20"><span class='ocrx_word' id='word_1_7' title='bbox 304 471 401 550; x_wconf 91' lang='lat' dir='ltr'>primo</span> <span class='ocrx_word' id='word_1_8' title='bbox 424 469 482 530; x_wconf 90' lang='lat' dir='ltr'>hoc</span> <span class='ocrx_word' id='word_1_9' title='bbox 503 471 602 548; x_wconf 92' lang='lat' dir='ltr'>ipsum</span> <span class='ocrx_word' id='word_1_10' title='bbox 624 475 683 528; x_wconf 88' lang='lat' dir='ltr'>tam</span> <span class='ocrx_word' id='word_1_11' title='bbox 698 467 785 548; x_wconf 87' lang='lat' dir='ltr'>quale</span> <span class='ocrx_word' id='word_1_12' title='bbox 807 467 981 529; x_wconf 77' lang='lat' dir='ltr'>adverbium</span> <span class='ocrx_word' id='word_1_13' title='bbox 1005 469 1068 528; x_wconf 81' lang='lat' dir='ltr'>esti</span> <span class='ocrx_word' id='word_1_14' title='bbox 1091 467 1264 530; x_wconf 79' lang='lat' dir='ltr'>adverbium</span> <span class='ocrx_word' id='word_1_15' title='bbox 1280 469 1462 548; x_wconf 89' lang='lat' dir='ltr'>conparativi</span> <span class='ocrx_word' id='word_1_16' title='bbox 1479 467 1595 546; x_wconf 76' lang='lat' dir='ltr'>gradus.</span> 
     </span>
     <span class='ocr_line' id='line_1_4' title="bbox 306 570 1597 652; baseline 0 -21"><span class='ocrx_word' id='word_1_17' title='bbox 306 591 365 652; x_wconf 88' lang='lat' dir='ltr'>quo</span> <span class='ocrx_word' id='word_1_18' title='bbox 388 570 477 632; x_wconf 91' lang='lat' dir='ltr'>modo</span> <span class='ocrx_word' id='word_1_19' title='bbox 499 570 590 632; x_wconf 75' lang='lat' dir='ltr'>dicis?</span> <span class='ocrx_word' id='word_1_20' title='bbox 617 572 756 652; x_wconf 89' lang='lat' dir='ltr'>quoniam</span> <span class='ocrx_word' id='word_1_21' title='bbox 783 573 1027 649; x_wconf 77' lang='lat' dir='ltr'><strong>conparationem</strong></span> <span class='ocrx_word' id='word_1_22' title='bbox 1050 571 1122 632; x_wconf 89' lang='lat' dir='ltr'>lacit</span> <span class='ocrx_word' id='word_1_23' title='bbox 1145 589 1181 632; x_wconf 84' lang='lat' dir='ltr'>ex</span> <span class='ocrx_word' id='word_1_24' title='bbox 1203 570 1394 651; x_wconf 70' lang='lat' dir='ltr'>aequalitate,</span> <span class='ocrx_word' id='word_1_25' title='bbox 1423 570 1481 631; x_wconf 91' lang='lat' dir='ltr'>hoc</span> <span class='ocrx_word' id='word_1_26' title='bbox 1503 573 1597 650; x_wconf 88' lang='lat' dir='ltr'>ipsum</span> 
     </span>
     <span class='ocr_line' id='line_1_5' title="bbox 306 657 1600 754; baseline -0.003 -18"><span class='ocrx_word' id='word_1_27' title='bbox 306 683 366 736; x_wconf 87' lang='lat' dir='ltr'>tarn</span> <span class='ocrx_word' id='word_1_28' title='bbox 394 675 614 754; x_wconf 87' lang='lat' dir='ltr'>conparativum</span> <span class='ocrx_word' id='word_1_29' title='bbox 644 657 762 742; x_wconf 65' lang='lat' dir='ltr'>esl,&#39;id</span> <span class='ocrx_word' id='word_1_30' title='bbox 790 680 836 733; x_wconf 90' lang='lat' dir='ltr'>est</span> <span class='ocrx_word' id='word_1_31' title='bbox 862 673 1044 752; x_wconf 90' lang='lat' dir='ltr'>conparativi</span> <span class='ocrx_word' id='word_1_32' title='bbox 1067 673 1125 734; x_wconf 92' lang='lat' dir='ltr'>iam</span> <span class='ocrx_word' id='word_1_33' title='bbox 1149 672 1258 750; x_wconf 79' lang='lat' dir='ltr'>gradus</span> <span class='ocrx_word' id='word_1_34' title='bbox 1281 681 1334 734; x_wconf 87' lang='lat' dir='ltr'>est.</span> <span class='ocrx_word' id='word_1_35' title='bbox 1379 673 1457 736; x_wconf 85' lang='lat' dir='ltr'>unda</span> <span class='ocrx_word' id='word_1_36' title='bbox 1480 682 1600 752; x_wconf 89' lang='lat' dir='ltr'>apparet</span> 
     </span>
     <span class='ocr_line' id='line_1_6' title="bbox 306 774 1599 857; baseline -0.002 -21"><span class='ocrx_word' id='word_1_37' title='bbox 306 778 375 857; x_wconf 86' lang='lat' dir='ltr'>quia</span> <span class='ocrx_word' id='word_1_38' title='bbox 407 777 612 856; x_wconf 84' lang='lat' dir='ltr'>conparativns</span> <span class='ocrx_word' id='word_1_39' title='bbox 645 783 698 836; x_wconf 84' lang='lat' dir='ltr'>est</span> <span class='ocrx_word' id='word_1_40' title='bbox 736 774 937 836; x_wconf 88' lang='lat' dir='ltr'>animadverte</span> <span class='ocrx_word' id='word_1_41' title='bbox 964 793 1050 853; x_wconf 85' lang='lat' dir='ltr'>ergo,</span> <span class='ocrx_word' id='word_1_42' title='bbox 1085 782 1115 835; x_wconf 91' lang='lat' dir='ltr'>ct</span> <span class='ocrx_word' id='word_1_43' title='bbox 1142 775 1269 844; x_wconf 88' lang='lat' dir='ltr'>videbis,</span> <span class='ocrx_word' id='word_1_44' title='bbox 1299 792 1388 853; x_wconf 87' lang='lat' dir='ltr'>quem</span> <span class='ocrx_word' id='word_1_45' title='bbox 1417 774 1452 836; x_wconf 90' lang='lat' dir='ltr'>ad</span> <span class='ocrx_word' id='word_1_46' title='bbox 1481 774 1599 835; x_wconf 90' lang='lat' dir='ltr'>modum</span> 
     </span>
     <span class='ocr_line' id='line_1_7' title="bbox 308 876 1712 956; baseline -0.001 -18"><span class='ocrx_word' id='word_1_47' title='bbox 308 897 367 939; x_wconf 92' lang='lat' dir='ltr'>non</span> <span class='ocrx_word' id='word_1_48' title='bbox 395 885 440 938; x_wconf 88' lang='lat' dir='ltr'>est</span> <span class='ocrx_word' id='word_1_49' title='bbox 467 896 581 938; x_wconf 87' lang='lat' dir='ltr'>verum.</span> <span class='ocrx_word' id='word_1_50' title='bbox 626 877 674 938; x_wconf 90' lang='lat' dir='ltr'>dic</span> <span class='ocrx_word' id='word_1_51' title='bbox 697 876 783 948; x_wconf 87' lang='lat' dir='ltr'>mihi,</span> <span class='ocrx_word' id='word_1_52' title='bbox 814 885 912 938; x_wconf 87' lang='lat' dir='ltr'>utrum</span> <span class='ocrx_word' id='word_1_53' title='bbox 943 895 1065 956; x_wconf 90' lang='lat' dir='ltr'>possum</span> <span class='ocrx_word' id='word_1_54' title='bbox 1089 876 1189 940; x_wconf 88' lang='lat' dir='ltr'>dicere</span> <span class='ocrx_word' id='word_1_55' title='bbox 1213 887 1272 938; x_wconf 90' lang='lat' dir='ltr'>tam</span> <span class='ocrx_word' id='word_1_56' title='bbox 1295 878 1427 940; x_wconf 76' lang='lat' dir='ltr'>doctior?</span> <span class='ocrx_word' id='word_1_57' title='bbox 1460 876 1627 956; x_wconf 71' lang='lat' dir='ltr'>numptius</span> <span class='ocrx_word' id='word_1_58' title='bbox 1711 897 1712 944; x_wconf 77' lang='grc' dir='ltr'>ῑ</span> 
     </span>
     <span class='ocr_line' id='line_1_8' title="bbox 306 978 1599 1060; baseline -0.001 -20"><span class='ocrx_word' id='word_1_59' title='bbox 306 999 428 1060; x_wconf 89' lang='lat' dir='ltr'>possum</span> <span class='ocrx_word' id='word_1_60' title='bbox 451 979 570 1040; x_wconf 78' lang='lat' dir='ltr'>dicere?</span> <span class='ocrx_word' id='word_1_61' title='bbox 592 998 652 1040; x_wconf 89' lang='lat' dir='ltr'>non</span> <span class='ocrx_word' id='word_1_62' title='bbox 675 978 761 1048; x_wconf 91' lang='lat' dir='ltr'>licet,</span> <span class='ocrx_word' id='word_1_63' title='bbox 784 978 977 1040; x_wconf 87' lang='lat' dir='ltr'>soloecismus</span> <span class='ocrx_word' id='word_1_64' title='bbox 1000 987 1053 1040; x_wconf 90' lang='lat' dir='ltr'>est.</span> <span class='ocrx_word' id='word_1_65' title='bbox 1091 980 1200 1056; x_wconf 81' lang='lat' dir='ltr'>quare?</span> <span class='ocrx_word' id='word_1_66' title='bbox 1222 980 1362 1059; x_wconf 89' lang='lat' dir='ltr'>quoniam</span> <span class='ocrx_word' id='word_1_67' title='bbox 1385 987 1445 1040; x_wconf 89' lang='lat' dir='ltr'>tam</span> <span class='ocrx_word' id='word_1_68' title='bbox 1468 978 1525 1040; x_wconf 85' lang='lat' dir='ltr'>hoc</span> <span class='ocrx_word' id='word_1_69' title='bbox 1546 985 1599 1046; x_wconf 85' lang='lat' dir='ltr'>cst,</span> 
     </span>
     <span class='ocr_line' id='line_1_9' title="bbox 308 1079 1603 1162; baseline 0 -20"><span class='ocrx_word' id='word_1_70' title='bbox 308 1081 385 1162; x_wconf 85' lang='lat' dir='ltr'>qood</span> <span class='ocrx_word' id='word_1_71' title='bbox 415 1089 461 1142; x_wconf 88' lang='lat' dir='ltr'>est</span> <span class='ocrx_word' id='word_1_72' title='bbox 488 1081 612 1142; x_wconf 79' lang='lat' dir='ltr'><strong>doctior.</strong></span> <span class='ocrx_word' id='word_1_73' title='bbox 657 1081 725 1142; x_wconf 89' lang='lat' dir='ltr'>ideo</span> <span class='ocrx_word' id='word_1_74' title='bbox 752 1099 814 1142; x_wconf 93' lang='lat' dir='ltr'>non</span> <span class='ocrx_word' id='word_1_75' title='bbox 840 1079 908 1141; x_wconf 92' lang='lat' dir='ltr'>dico</span> <span class='ocrx_word' id='word_1_76' title='bbox 935 1088 995 1142; x_wconf 90' lang='lat' dir='ltr'>tam</span> <span class='ocrx_word' id='word_1_77' title='bbox 1024 1079 1152 1149; x_wconf 77' lang='lat' dir='ltr'>doctior,</span> <span class='ocrx_word' id='word_1_78' title='bbox 1182 1099 1219 1142; x_wconf 93' lang='lat' dir='ltr'>ne</span> <span class='ocrx_word' id='word_1_79' title='bbox 1242 1081 1343 1142; x_wconf 89' lang='lat' dir='ltr'>videar</span> <span class='ocrx_word' id='word_1_80' title='bbox 1365 1081 1465 1142; x_wconf 88' lang='lat' dir='ltr'>dicere</span> <span class='ocrx_word' id='word_1_81' title='bbox 1488 1079 1603 1142; x_wconf 81' lang='lat' dir='ltr'>doctior</span> 
     </span>
     <span class='ocr_line' id='line_1_10' title="bbox 308 1182 1712 1270; baseline -0.001 -26"><span class='ocrx_word' id='word_1_82' title='bbox 308 1183 438 1253; x_wconf 88' lang='lat' dir='ltr'>doctior;</span> <span class='ocrx_word' id='word_1_83' title='bbox 471 1184 539 1244; x_wconf 91' lang='lat' dir='ltr'>ideo</span> <span class='ocrx_word' id='word_1_84' title='bbox 573 1202 633 1244; x_wconf 91' lang='lat' dir='ltr'>non</span> <span class='ocrx_word' id='word_1_85' title='bbox 667 1183 734 1244; x_wconf 91' lang='lat' dir='ltr'>dico</span> <span class='ocrx_word' id='word_1_86' title='bbox 766 1191 828 1244; x_wconf 90' lang='lat' dir='ltr'>tam</span> <span class='ocrx_word' id='word_1_87' title='bbox 859 1182 1059 1254; x_wconf 86' lang='lat' dir='ltr'>doctissimus,</span> <span class='ocrx_word' id='word_1_88' title='bbox 1090 1201 1127 1242; x_wconf 92' lang='lat' dir='ltr'>ne</span> <span class='ocrx_word' id='word_1_89' title='bbox 1156 1182 1257 1244; x_wconf 86' lang='lat' dir='ltr'>videar</span> <span class='ocrx_word' id='word_1_90' title='bbox 1285 1183 1385 1244; x_wconf 87' lang='lat' dir='ltr'>dicere</span> <span class='ocrx_word' id='word_1_91' title='bbox 1414 1182 1604 1245; x_wconf 86' lang='lat' dir='ltr'>doctissimus</span> <span class='ocrx_word' id='word_1_92' title='bbox 1711 1267 1712 1270; x_wconf 8' lang='grc' dir='ltr'><strong>Ἴ</strong></span> 
     </span>
     <span class='ocr_line' id='line_1_11' title="bbox 257 1283 1712 1366; baseline 0 -20"><span class='ocrx_word' id='word_1_93' title='bbox 257 1299 262 1309; x_wconf 89' lang='grc'><em>·</em></span> <span class='ocrx_word' id='word_1_94' title='bbox 308 1286 505 1348; x_wconf 89' lang='lat' dir='ltr'>doctissimus.</span> <span class='ocrx_word' id='word_1_95' title='bbox 551 1294 611 1346; x_wconf 91' lang='lat' dir='ltr'>tam</span> <span class='ocrx_word' id='word_1_96' title='bbox 639 1287 718 1345; x_wconf 90' lang='lat' dir='ltr'>enim</span> <span class='ocrx_word' id='word_1_97' title='bbox 746 1286 804 1346; x_wconf 92' lang='lat' dir='ltr'>vim</span> <span class='ocrx_word' id='word_1_98' title='bbox 834 1284 925 1346; x_wconf 89' lang='lat' dir='ltr'>habet</span> <span class='ocrx_word' id='word_1_99' title='bbox 951 1283 1144 1364; x_wconf 86' lang='lat' dir='ltr'>conparandi.</span> <span class='ocrx_word' id='word_1_100' title='bbox 1189 1303 1261 1364; x_wconf 83' lang='lat' dir='ltr'>crgo</span> <span class='ocrx_word' id='word_1_101' title='bbox 1288 1287 1313 1346; x_wconf 90' lang='lat' dir='ltr'>si</span> <span class='ocrx_word' id='word_1_102' title='bbox 1341 1286 1399 1346; x_wconf 91' lang='lat' dir='ltr'>hoc</span> <span class='ocrx_word' id='word_1_103' title='bbox 1426 1288 1521 1366; x_wconf 88' lang='lat' dir='ltr'>ipsum</span> <span class='ocrx_word' id='word_1_104' title='bbox 1543 1293 1604 1347; x_wconf 69' lang='lat' dir='ltr'>um</span> <span class='ocrx_word' id='word_1_105' title='bbox 1711 1347 1712 1360; x_wconf 21' lang='lat'>¹</span> 
     </span>
     <span class='ocr_line' id='line_1_12' title="bbox 308 1385 1644 1468; baseline 0 -20"><span class='ocrx_word' id='word_1_106' title='bbox 308 1391 366 1449; x_wconf 86' lang='lat' dir='ltr'>vim</span> <span class='ocrx_word' id='word_1_107' title='bbox 394 1388 485 1450; x_wconf 89' lang='lat' dir='ltr'>habet</span> <span class='ocrx_word' id='word_1_108' title='bbox 512 1386 710 1467; x_wconf 86' lang='lat' dir='ltr'>conparandi,</span> <span class='ocrx_word' id='word_1_109' title='bbox 746 1385 1022 1468; x_wconf 64' lang='lat' dir='ltr'>quotienscumffque</span> <span class='ocrx_word' id='word_1_110' title='bbox 1049 1388 1180 1465; x_wconf 81' lang='lat' dir='ltr'>iungitur</span> <span class='ocrx_word' id='word_1_111' title='bbox 1206 1389 1347 1468; x_wconf 86' lang='lat' dir='ltr'>positivo,</span> <span class='ocrx_word' id='word_1_112' title='bbox 1381 1388 1440 1449; x_wconf 87' lang='lat' dir='ltr'>tale</span> <span class='ocrx_word' id='word_1_113' title='bbox 1467 1395 1512 1449; x_wconf 87' lang='lat' dir='ltr'>est</span> <span class='ocrx_word' id='word_1_114' title='bbox 1545 1397 1644 1448; x_wconf 73' lang='lat' dir='ltr'>mmm</span> 
     </span>
     <span class='ocr_line' id='line_1_13' title="bbox 311 1487 1712 1570; baseline -0.001 -18"><span class='ocrx_word' id='word_1_115' title='bbox 311 1491 432 1560; x_wconf 90' lang='lat' dir='ltr'>doctus,</span> <span class='ocrx_word' id='word_1_116' title='bbox 456 1488 543 1570; x_wconf 82' lang='lat' dir='ltr'>quale</span> <span class='ocrx_word' id='word_1_117' title='bbox 564 1491 590 1550; x_wconf 92' lang='lat' dir='ltr'>si</span> <span class='ocrx_word' id='word_1_118' title='bbox 611 1489 695 1550; x_wconf 87' lang='lat' dir='ltr'>dicas</span> <span class='ocrx_word' id='word_1_119' title='bbox 716 1489 841 1550; x_wconf 82' lang='lat' dir='ltr'>doctior.</span> <span class='ocrx_word' id='word_1_120' title='bbox 873 1491 984 1568; x_wconf 75' lang='lat' dir='ltr'>quare?</span> <span class='ocrx_word' id='word_1_121' title='bbox 1006 1490 1073 1569; x_wconf 87' lang='lat' dir='ltr'>qnia</span> <span class='ocrx_word' id='word_1_122' title='bbox 1097 1487 1153 1549; x_wconf 89' lang='lat' dir='ltr'>hoc</span> <span class='ocrx_word' id='word_1_123' title='bbox 1175 1491 1272 1570; x_wconf 90' lang='lat' dir='ltr'>ipsum</span> <span class='ocrx_word' id='word_1_124' title='bbox 1295 1498 1354 1552; x_wconf 89' lang='lat' dir='ltr'>tam</span> <span class='ocrx_word' id='word_1_125' title='bbox 1378 1490 1494 1552; x_wconf 87' lang='lat' dir='ltr'>doctior</span> <span class='ocrx_word' id='word_1_126' title='bbox 1515 1491 1608 1568; x_wconf 80' lang='lat' dir='ltr'>signi·</span> <span class='ocrx_word' id='word_1_127' title='bbox 1711 1527 1712 1568; x_wconf 24' lang='lat' dir='ltr'>p</span> 
     </span>
     <span class='ocr_line' id='line_1_14' title="bbox 310 1589 1712 1671; baseline -0.001 -18"><span class='ocrx_word' id='word_1_128' title='bbox 310 1596 387 1653; x_wconf 88' lang='lat' dir='ltr'>licat.</span> <span class='ocrx_word' id='word_1_129' title='bbox 419 1592 498 1652; x_wconf 91' lang='lat' dir='ltr'>unde</span> <span class='ocrx_word' id='word_1_130' title='bbox 522 1599 646 1671; x_wconf 89' lang='lat' dir='ltr'>apparet</span> <span class='ocrx_word' id='word_1_131' title='bbox 668 1593 810 1670; x_wconf 90' lang='lat' dir='ltr'>quoniam</span> <span class='ocrx_word' id='word_1_132' title='bbox 834 1609 894 1653; x_wconf 90' lang='lat' dir='ltr'>nou</span> <span class='ocrx_word' id='word_1_133' title='bbox 918 1598 962 1652; x_wconf 87' lang='lat' dir='ltr'>cst</span> <span class='ocrx_word' id='word_1_134' title='bbox 982 1609 1085 1653; x_wconf 88' lang='lat' dir='ltr'>verum</span> <span class='ocrx_word' id='word_1_135' title='bbox 1108 1590 1187 1671; x_wconf 92' lang='lat' dir='ltr'>quod</span> <span class='ocrx_word' id='word_1_136' title='bbox 1210 1591 1322 1654; x_wconf 85' lang='lat' dir='ltr'>dieunt</span> <span class='ocrx_word' id='word_1_137' title='bbox 1353 1591 1460 1654; x_wconf 88' lang='lat' dir='ltr'>deinde</span> <span class='ocrx_word' id='word_1_138' title='bbox 1484 1600 1530 1653; x_wconf 92' lang='lat' dir='ltr'>est</span> <span class='ocrx_word' id='word_1_139' title='bbox 1551 1591 1609 1652; x_wconf 91' lang='lat' dir='ltr'>alia</span> <span class='ocrx_word' id='word_1_140' title='bbox 1711 1589 1712 1668; x_wconf 71' lang='lat'>}</span> 
     </span>
     <span class='ocr_line' id='line_1_15' title="bbox 310 1690 1609 1774; baseline 0 -20"><span class='ocrx_word' id='word_1_141' title='bbox 310 1696 385 1755; x_wconf 91' lang='lat' dir='ltr'>ratio</span> <span class='ocrx_word' id='word_1_142' title='bbox 408 1693 549 1761; x_wconf 91' lang='lat' dir='ltr'>validior,</span> <span class='ocrx_word' id='word_1_143' title='bbox 578 1711 655 1772; x_wconf 86' lang='lat' dir='ltr'>quae</span> <span class='ocrx_word' id='word_1_144' title='bbox 682 1690 775 1753; x_wconf 89' lang='lat' dir='ltr'>solvat</span> <span class='ocrx_word' id='word_1_145' title='bbox 800 1695 886 1754; x_wconf 85' lang='lat' dir='ltr'>istam</span> <span class='ocrx_word' id='word_1_146' title='bbox 915 1695 1131 1773; x_wconf 87' lang='lat' dir='ltr'>quaestionem.</span> <span class='ocrx_word' id='word_1_147' title='bbox 1175 1695 1241 1774; x_wconf 90' lang='lat' dir='ltr'>quia</span> <span class='ocrx_word' id='word_1_148' title='bbox 1271 1693 1399 1756; x_wconf 79' lang='lat' dir='ltr'>diximus</span> <span class='ocrx_word' id='word_1_149' title='bbox 1421 1695 1609 1774; x_wconf 86' lang='lat' dir='ltr'>conparatio·</span> 
     </span>
     <span class='ocr_line' id='line_1_16' title="bbox 310 1794 1610 1875; baseline -0.001 -17"><span class='ocrx_word' id='word_1_150' title='bbox 310 1816 380 1858; x_wconf 90' lang='lat' dir='ltr'>nom</span> <span class='ocrx_word' id='word_1_151' title='bbox 402 1814 468 1856; x_wconf 88' lang='lat' dir='ltr'>esse</span> <span class='ocrx_word' id='word_1_152' title='bbox 492 1794 691 1856; x_wconf 76' lang='lat' dir='ltr'>elocutionem</span> <span class='ocrx_word' id='word_1_153' title='bbox 712 1813 788 1874; x_wconf 85' lang='lat' dir='ltr'>quae</span> <span class='ocrx_word' id='word_1_154' title='bbox 809 1813 844 1856; x_wconf 86' lang='lat' dir='ltr'>ex</span> <span class='ocrx_word' id='word_1_155' title='bbox 860 1795 983 1856; x_wconf 88' lang='lat' dir='ltr'>alterius</span> <span class='ocrx_word' id='word_1_156' title='bbox 996 1795 1162 1858; x_wconf 87' lang='lat' dir='ltr'>conlatione</span> <span class='ocrx_word' id='word_1_157' title='bbox 1178 1795 1302 1858; x_wconf 88' lang='lat' dir='ltr'>alterum</span> <span class='ocrx_word' id='word_1_158' title='bbox 1318 1797 1463 1875; x_wconf 85' lang='lat' dir='ltr'>praelcrt,</span> <span class='ocrx_word' id='word_1_159' title='bbox 1488 1795 1610 1873; x_wconf 88' lang='lat' dir='ltr'>quando</span> 
     </span>
     <span class='ocr_line' id='line_1_17' title="bbox 311 1895 1647 1978; baseline -0.001 -19"><span class='ocrx_word' id='word_1_160' title='bbox 311 1899 437 1959; x_wconf 88' lang='lat' dir='ltr'>dicimus</span> <span class='ocrx_word' id='word_1_161' title='bbox 461 1902 537 1958; x_wconf 79' lang='lat' dir='ltr'>‘tam</span> <span class='ocrx_word' id='word_1_162' title='bbox 560 1895 666 1958; x_wconf 91' lang='lat' dir='ltr'>doctus</span> <span class='ocrx_word' id='word_1_163' title='bbox 689 1906 733 1958; x_wconf 89' lang='lat' dir='ltr'>est</span> <span class='ocrx_word' id='word_1_164' title='bbox 747 1897 797 1958; x_wconf 89' lang='lat' dir='ltr'>hic</span> <span class='ocrx_word' id='word_1_165' title='bbox 812 1914 901 1977; x_wconf 91' lang='lat' dir='ltr'>quam</span> <span class='ocrx_word' id='word_1_166' title='bbox 922 1895 1001 1970; x_wconf 87' lang='lat' dir='ltr'>illc&#39;,</span> <span class='ocrx_word' id='word_1_167' title='bbox 1023 1916 1082 1977; x_wconf 89' lang='lat' dir='ltr'>quo</span> <span class='ocrx_word' id='word_1_168' title='bbox 1104 1897 1192 1958; x_wconf 92' lang='lat' dir='ltr'>modo</span> <span class='ocrx_word' id='word_1_169' title='bbox 1215 1905 1300 1978; x_wconf 86' lang='lat' dir='ltr'>potes</span> <span class='ocrx_word' id='word_1_170' title='bbox 1323 1898 1395 1960; x_wconf 80' lang='lat' dir='ltr'>milti</span> <span class='ocrx_word' id='word_1_171' title='bbox 1417 1897 1518 1958; x_wconf 87' lang='lat' dir='ltr'>dicere</span> <span class='ocrx_word' id='word_1_172' title='bbox 1542 1897 1610 1958; x_wconf 76' lang='lat' dir='ltr'>‘hic</span> <span class='ocrx_word' id='word_1_173' title='bbox 1624 1920 1647 1958; x_wconf 74' lang='lat' dir='ltr'>rs</span> 
     </span>
     <span class='ocr_line' id='line_1_18' title="bbox 312 1997 1610 2080; baseline 0.001 -20"><span class='ocrx_word' id='word_1_174' title='bbox 312 2011 370 2062; x_wconf 89' lang='lat' dir='ltr'>tam</span> <span class='ocrx_word' id='word_1_175' title='bbox 394 1999 498 2061; x_wconf 90' lang='lat' dir='ltr'>doctus</span> <span class='ocrx_word' id='word_1_176' title='bbox 521 2007 566 2060; x_wconf 91' lang='lat' dir='ltr'>est</span> <span class='ocrx_word' id='word_1_177' title='bbox 588 2017 677 2078; x_wconf 87' lang='lat' dir='ltr'>quam</span> <span class='ocrx_word' id='word_1_178' title='bbox 698 1997 775 2069; x_wconf 86' lang='lat' dir='ltr'>ille&#39;,</span> <span class='ocrx_word' id='word_1_179' title='bbox 805 2018 873 2060; x_wconf 92' lang='lat' dir='ltr'>cum</span> <span class='ocrx_word' id='word_1_180' title='bbox 897 2017 957 2060; x_wconf 90' lang='lat' dir='ltr'>non</span> <span class='ocrx_word' id='word_1_181' title='bbox 980 1998 1158 2080; x_wconf 80' lang='lat' dir='ltr'>praetuleris</span> <span class='ocrx_word' id='word_1_182' title='bbox 1179 1998 1279 2060; x_wconf 84' lang='lat' dir='ltr'>illum?</span> <span class='ocrx_word' id='word_1_183' title='bbox 1316 1999 1464 2080; x_wconf 89' lang='lat' dir='ltr'>quemad</span> <span class='ocrx_word' id='word_1_184' title='bbox 1487 1998 1610 2060; x_wconf 88' lang='lat' dir='ltr'>modum</span> 
     </span>
     <span class='ocr_line' id='line_1_19' title="bbox 312 2085 1712 2181; baseline 0.003 -19"><span class='ocrx_word' id='word_1_185' title='bbox 312 2110 357 2163; x_wconf 85' lang='lat' dir='ltr'>est</span> <span class='ocrx_word' id='word_1_186' title='bbox 379 2101 567 2181; x_wconf 83' lang='lat' dir='ltr'>conparatio?</span> <span class='ocrx_word' id='word_1_187' title='bbox 590 2119 658 2162; x_wconf 89' lang='lat' dir='ltr'>nam</span> <span class='ocrx_word' id='word_1_188' title='bbox 674 2103 698 2161; x_wconf 91' lang='lat' dir='ltr'>si</span> <span class='ocrx_word' id='word_1_189' title='bbox 715 2100 803 2162; x_wconf 91' lang='lat' dir='ltr'>amho</span> <span class='ocrx_word' id='word_1_190' title='bbox 819 2103 956 2163; x_wconf 85' lang='lat' dir='ltr'>ellectum</span> <span class='ocrx_word' id='word_1_191' title='bbox 972 2100 1092 2172; x_wconf 86' lang='lat' dir='ltr'>habent,</span> <span class='ocrx_word' id='word_1_192' title='bbox 1117 2108 1147 2161; x_wconf 89' lang='lat' dir='ltr'>et</span> <span class='ocrx_word' id='word_1_193' title='bbox 1169 2109 1274 2164; x_wconf 87' lang='lat' dir='ltr'>neuter</span> <span class='ocrx_word' id='word_1_194' title='bbox 1296 2101 1445 2180; x_wconf 84' lang='lat' dir='ltr'>praelatus</span> <span class='ocrx_word' id='word_1_195' title='bbox 1468 2109 1524 2172; x_wconf 91' lang='lat' dir='ltr'>est,</span> <span class='ocrx_word' id='word_1_196' title='bbox 1550 2119 1612 2160; x_wconf 94' lang='lat' dir='ltr'>non</span> <span class='ocrx_word' id='word_1_197' title='bbox 1711 2085 1712 2166; x_wconf 51' lang='lat' dir='ltr'>J</span> 
     </span>
     <span class='ocr_line' id='line_1_20' title="bbox 312 2201 1712 2290; baseline -0.001 -27"><span class='ocrx_word' id='word_1_198' title='bbox 312 2211 358 2263; x_wconf 88' lang='lat' dir='ltr'>cst</span> <span class='ocrx_word' id='word_1_199' title='bbox 380 2205 561 2281; x_wconf 88' lang='lat' dir='ltr'>conparatio.</span> <span class='ocrx_word' id='word_1_200' title='bbox 607 2205 781 2282; x_wconf 90' lang='lat' dir='ltr'>conparatio</span> <span class='ocrx_word' id='word_1_201' title='bbox 804 2209 903 2264; x_wconf 87' lang='lat' dir='ltr'>autem</span> <span class='ocrx_word' id='word_1_202' title='bbox 926 2203 1003 2264; x_wconf 89' lang='lat' dir='ltr'>hanc</span> <span class='ocrx_word' id='word_1_203' title='bbox 1026 2201 1116 2264; x_wconf 83' lang='lat' dir='ltr'>ltabet</span> <span class='ocrx_word' id='word_1_204' title='bbox 1139 2210 1289 2274; x_wconf 87' lang='lat' dir='ltr'>naturam,</span> <span class='ocrx_word' id='word_1_205' title='bbox 1320 2211 1352 2264; x_wconf 92' lang='lat' dir='ltr'>ut</span> <span class='ocrx_word' id='word_1_206' title='bbox 1373 2203 1499 2264; x_wconf 85' lang='lat' dir='ltr'>alterum</span> <span class='ocrx_word' id='word_1_207' title='bbox 1524 2201 1613 2264; x_wconf 86' lang='lat' dir='ltr'>alteri</span> <span class='ocrx_word' id='word_1_208' title='bbox 1711 2247 1712 2290; x_wconf 48' lang='lat'><strong>3</strong></span> 
     </span>
     <span class='ocr_line' id='line_1_21' title="bbox 278 2303 1615 2385; baseline -0.001 -20"><span class='ocrx_word' id='word_1_209' title='bbox 278 2320 280 2325; x_wconf 86' lang='lat'>·</span> <span class='ocrx_word' id='word_1_210' title='bbox 310 2307 469 2385; x_wconf 85' lang='lat' dir='ltr'>praelarat.</span> <span class='ocrx_word' id='word_1_211' title='bbox 508 2304 587 2367; x_wconf 90' lang='lat' dir='ltr'>uude</span> <span class='ocrx_word' id='word_1_212' title='bbox 610 2313 734 2385; x_wconf 88' lang='lat' dir='ltr'>apparet</span> <span class='ocrx_word' id='word_1_213' title='bbox 756 2305 896 2384; x_wconf 91' lang='lat' dir='ltr'>quoniam</span> <span class='ocrx_word' id='word_1_214' title='bbox 918 2303 992 2366; x_wconf 90' lang='lat' dir='ltr'>illud</span> <span class='ocrx_word' id='word_1_215' title='bbox 1014 2303 1121 2366; x_wconf 91' lang='lat' dir='ltr'>laisum</span> <span class='ocrx_word' id='word_1_216' title='bbox 1145 2313 1198 2366; x_wconf 87' lang='lat' dir='ltr'>est.</span> <span class='ocrx_word' id='word_1_217' title='bbox 1236 2307 1379 2368; x_wconf 85' lang='lat' dir='ltr'>remansit</span> <span class='ocrx_word' id='word_1_218' title='bbox 1401 2323 1473 2384; x_wconf 74' lang='lat' dir='ltr'>argo</span> <span class='ocrx_word' id='word_1_219' title='bbox 1494 2311 1529 2365; x_wconf 87' lang='lat' dir='ltr'>nt</span> <span class='ocrx_word' id='word_1_220' title='bbox 1553 2311 1615 2365; x_wconf 87' lang='lat' dir='ltr'>tres</span> 
     </span>
     <span class='ocr_line' id='line_1_22' title="bbox 311 2403 1712 2487; baseline 0 -19"><span class='ocrx_word' id='word_1_221' title='bbox 311 2409 372 2468; x_wconf 91' lang='lat' dir='ltr'>sint</span> <span class='ocrx_word' id='word_1_222' title='bbox 392 2407 517 2486; x_wconf 84' lang='lat' dir='ltr'>gradus,</span> <span class='ocrx_word' id='word_1_223' title='bbox 541 2408 684 2487; x_wconf 86' lang='lat' dir='ltr'>positivus</span> <span class='ocrx_word' id='word_1_224' title='bbox 706 2407 915 2486; x_wconf 86' lang='lat' dir='ltr'>conparativns</span> <span class='ocrx_word' id='word_1_225' title='bbox 937 2407 1143 2487; x_wconf 81' lang='lat' dir='ltr'>superlativus</span> <span class='ocrx_word' id='word_1_226' title='bbox 1626 2429 1649 2468; x_wconf 74' lang='lat' dir='ltr'>eo</span> <span class='ocrx_word' id='word_1_227' title='bbox 1711 2403 1712 2482; x_wconf 68' lang='lat' dir='ltr'>l</span> 
     </span>
     <span class='ocr_line' id='line_1_23' title="bbox 192 2542 1616 2624; baseline -0.002 -18"><span class='ocrx_word' id='word_1_228' title='bbox 192 2560 253 2620; x_wconf 75' lang='lat' dir='ltr'>lov,</span> <span class='ocrx_word' id='word_1_229' title='bbox 269 2559 301 2607; x_wconf 80' lang='lat'>14</span> <span class='ocrx_word' id='word_1_230' title='bbox 397 2542 489 2605; x_wconf 89' lang='lat' dir='ltr'>Plane</span> <span class='ocrx_word' id='word_1_231' title='bbox 511 2546 567 2604; x_wconf 89' lang='lat' dir='ltr'>iste</span> <span class='ocrx_word' id='word_1_232' title='bbox 589 2545 732 2622; x_wconf 86' lang='lat' dir='ltr'>positivus</span> <span class='ocrx_word' id='word_1_233' title='bbox 754 2545 852 2604; x_wconf 90' lang='lat' dir='ltr'>omnia</span> <span class='ocrx_word' id='word_1_234' title='bbox 875 2546 983 2624; x_wconf 91' lang='lat' dir='ltr'>recipit</span> <span class='ocrx_word' id='word_1_235' title='bbox 1004 2562 1128 2622; x_wconf 82' lang='lat' dir='ltr'>genera,</span> <span class='ocrx_word' id='word_1_236' title='bbox 1154 2553 1183 2604; x_wconf 91' lang='lat' dir='ltr'>et</span> <span class='ocrx_word' id='word_1_237' title='bbox 1204 2545 1414 2613; x_wconf 88' lang='lat' dir='ltr'>masculinum,</span> <span class='ocrx_word' id='word_1_238' title='bbox 1437 2544 1560 2613; x_wconf 92' lang='lat' dir='ltr'>doctus,</span> <span class='ocrx_word' id='word_1_239' title='bbox 1586 2551 1616 2603; x_wconf 91' lang='lat' dir='ltr'>et</span> 
     </span>
     <span class='ocr_line' id='line_1_24' title="bbox 311 2641 1712 2717; baseline 0 -12"><span class='ocrx_word' id='word_1_240' title='bbox 311 2646 502 2715; x_wconf 82' lang='lat' dir='ltr'>femininum,</span> <span class='ocrx_word' id='word_1_241' title='bbox 532 2645 632 2716; x_wconf 87' lang='lat' dir='ltr'>docta,</span> <span class='ocrx_word' id='word_1_242' title='bbox 663 2654 693 2705; x_wconf 88' lang='lat' dir='ltr'>et</span> <span class='ocrx_word' id='word_1_243' title='bbox 721 2653 875 2715; x_wconf 87' lang='lat' dir='ltr'>neutrum,</span> <span class='ocrx_word' id='word_1_244' title='bbox 905 2645 1039 2717; x_wconf 92' lang='lat' dir='ltr'>doctum,</span> <span class='ocrx_word' id='word_1_245' title='bbox 1070 2654 1098 2707; x_wconf 90' lang='lat' dir='ltr'>et</span> <span class='ocrx_word' id='word_1_246' title='bbox 1120 2665 1292 2717; x_wconf 90' lang='lat' dir='ltr'>commune,</span> <span class='ocrx_word' id='word_1_247' title='bbox 1323 2645 1439 2716; x_wconf 89' lang='lat' dir='ltr'>docilis,</span> <span class='ocrx_word' id='word_1_248' title='bbox 1469 2653 1500 2706; x_wconf 88' lang='lat' dir='ltr'>et</span> <span class='ocrx_word' id='word_1_249' title='bbox 1520 2647 1615 2706; x_wconf 85' lang='lat' dir='ltr'>trium</span> <span class='ocrx_word' id='word_1_250' title='bbox 1711 2641 1712 2712; x_wconf 67' lang='lat' dir='ltr'>l</span> 
     </span>
     <span class='ocr_line' id='line_1_25' title="bbox 313 2747 1615 2829; baseline -0.001 -19"><span class='ocrx_word' id='word_1_251' title='bbox 313 2766 475 2827; x_wconf 81' lang='lat' dir='ltr'>generum,</span> <span class='ocrx_word' id='word_1_252' title='bbox 499 2766 609 2809; x_wconf 87' lang='lat' dir='ltr'>amans.</span> <span class='ocrx_word' id='word_1_253' title='bbox 656 2748 774 2827; x_wconf 85' lang='lat' dir='ltr'>positivi</span> <span class='ocrx_word' id='word_1_254' title='bbox 797 2756 867 2810; x_wconf 91' lang='lat' dir='ltr'>suut</span> <span class='ocrx_word' id='word_1_255' title='bbox 889 2765 993 2810; x_wconf 86' lang='lat' dir='ltr'>omnes</span> <span class='ocrx_word' id='word_1_256' title='bbox 1015 2767 1088 2829; x_wconf 82' lang='lat' dir='ltr'>quos</span> <span class='ocrx_word' id='word_1_257' title='bbox 1110 2748 1178 2811; x_wconf 81' lang='lat' dir='ltr'>dixi.</span> <span class='ocrx_word' id='word_1_258' title='bbox 1225 2749 1430 2829; x_wconf 87' lang='lat' dir='ltr'>conparativns</span> <span class='ocrx_word' id='word_1_259' title='bbox 1452 2747 1511 2809; x_wconf 92' lang='lat' dir='ltr'>duo</span> <span class='ocrx_word' id='word_1_260' title='bbox 1534 2749 1615 2809; x_wconf 90' lang='lat' dir='ltr'>reci·</span> 
     </span>
     <span class='ocr_line' id='line_1_26' title="bbox 313 2849 1616 2930; baseline 0.001 -21"><span class='ocrx_word' id='word_1_261' title='bbox 313 2852 356 2929; x_wconf 90' lang='lat' dir='ltr'>pit</span> <span class='ocrx_word' id='word_1_262' title='bbox 382 2866 507 2927; x_wconf 82' lang='lat' dir='ltr'>genera,</span> <span class='ocrx_word' id='word_1_263' title='bbox 537 2857 679 2910; x_wconf 88' lang='lat' dir='ltr'>neutrum</span> <span class='ocrx_word' id='word_1_264' title='bbox 702 2857 732 2911; x_wconf 89' lang='lat' dir='ltr'>et</span> <span class='ocrx_word' id='word_1_265' title='bbox 762 2868 934 2921; x_wconf 86' lang='lat' dir='ltr'>commune,</span> <span class='ocrx_word' id='word_1_266' title='bbox 959 2849 1073 2911; x_wconf 89' lang='lat' dir='ltr'>doctius</span> <span class='ocrx_word' id='word_1_267' title='bbox 1096 2851 1220 2912; x_wconf 89' lang='lat' dir='ltr'>doctior.</span> <span class='ocrx_word' id='word_1_268' title='bbox 1265 2850 1461 2930; x_wconf 89' lang='lat' dir='ltr'>superlativus</span> <span class='ocrx_word' id='word_1_269' title='bbox 1483 2852 1542 2911; x_wconf 86' lang='lat' dir='ltr'>tria</span> <span class='ocrx_word' id='word_1_270' title='bbox 1568 2870 1616 2911; x_wconf 88' lang='lat' dir='ltr'>re·</span> 
     </span>
     <span class='ocr_line' id='line_1_27' title="bbox 194 2950 1651 3032; baseline 0.001 -18"><span class='ocrx_word' id='word_1_271' title='bbox 194 2968 252 3028; x_wconf 81' lang='lat' dir='ltr'>tat,</span> <span class='ocrx_word' id='word_1_272' title='bbox 269 2967 300 3016; x_wconf 82' lang='lat' dir='ltr'>to</span> <span class='ocrx_word' id='word_1_273' title='bbox 315 2953 388 3031; x_wconf 89' lang='lat' dir='ltr'>cipit</span> <span class='ocrx_word' id='word_1_274' title='bbox 409 2968 535 3029; x_wconf 80' lang='lat' dir='ltr'>genera,</span> <span class='ocrx_word' id='word_1_275' title='bbox 559 2950 754 3013; x_wconf 86' lang='lat' dir='ltr'>masculinum</span> <span class='ocrx_word' id='word_1_276' title='bbox 777 2952 953 3014; x_wconf 79' lang='lat' dir='ltr'>femininum</span> <span class='ocrx_word' id='word_1_277' title='bbox 976 2961 1130 3022; x_wconf 89' lang='lat' dir='ltr'>neutrum,</span> <span class='ocrx_word' id='word_1_278' title='bbox 1155 2971 1211 3014; x_wconf 92' lang='lat' dir='ltr'>nec</span> <span class='ocrx_word' id='word_1_279' title='bbox 1233 2951 1360 3031; x_wconf 88' lang='lat' dir='ltr'>amplius</span> <span class='ocrx_word' id='word_1_280' title='bbox 1382 2952 1511 3032; x_wconf 85' lang='lat' dir='ltr'>penitus.</span> <span class='ocrx_word' id='word_1_281' title='bbox 1539 2954 1615 3013; x_wconf 90' lang='lat' dir='ltr'>item</span> <span class='ocrx_word' id='word_1_282' title='bbox 1629 2978 1651 3015; x_wconf 78' lang='lat' dir='ltr'>ss</span> 
     </span>
     <span class='ocr_line' id='line_1_28' title="bbox 314 3051 1712 3135; baseline 0.002 -21"><span class='ocrx_word' id='word_1_283' title='bbox 314 3060 360 3114; x_wconf 89' lang='lat' dir='ltr'>est</span> <span class='ocrx_word' id='word_1_284' title='bbox 381 3051 469 3113; x_wconf 90' lang='lat' dir='ltr'>aliud.</span> <span class='ocrx_word' id='word_1_285' title='bbox 515 3056 545 3114; x_wconf 95' lang='lat' dir='ltr'>in</span> <span class='ocrx_word' id='word_1_286' title='bbox 567 3056 693 3133; x_wconf 87' lang='lat' dir='ltr'>positivo</span> <span class='ocrx_word' id='word_1_287' title='bbox 714 3054 823 3116; x_wconf 88' lang='lat' dir='ltr'>multae</span> <span class='ocrx_word' id='word_1_288' title='bbox 845 3063 914 3116; x_wconf 83' lang='lat' dir='ltr'>suut</span> <span class='ocrx_word' id='word_1_289' title='bbox 936 3054 1070 3133; x_wconf 85' lang='lat' dir='ltr'>regulae,</span> <span class='ocrx_word' id='word_1_290' title='bbox 1100 3052 1257 3135; x_wconf 85' lang='lat' dir='ltr'>aliquando</span> <span class='ocrx_word' id='word_1_291' title='bbox 1279 3054 1311 3114; x_wconf 91' lang='lat' dir='ltr'>in</span> <span class='ocrx_word' id='word_1_292' title='bbox 1333 3072 1382 3123; x_wconf 90' lang='lat' dir='ltr'>ns,</span> <span class='ocrx_word' id='word_1_293' title='bbox 1405 3062 1437 3114; x_wconf 90' lang='lat' dir='ltr'>ut</span> <span class='ocrx_word' id='word_1_294' title='bbox 1459 3053 1586 3123; x_wconf 89' lang='lat' dir='ltr'>doctus,</span> <span class='ocrx_word' id='word_1_295' title='bbox 1612 3054 1615 3133; x_wconf 91' lang='grc' dir='ltr'>Ι</span> <span class='ocrx_word' id='word_1_296' title='bbox 1711 3058 1712 3117; x_wconf 65' lang='lat' dir='ltr'>l</span> 
     </span>
     <span class='ocr_line' id='line_1_29' title="bbox 315 3153 1617 3236; baseline -0.001 -20"><span class='ocrx_word' id='word_1_297' title='bbox 315 3155 471 3235; x_wconf 88' lang='lat' dir='ltr'>aliquando</span> <span class='ocrx_word' id='word_1_298' title='bbox 494 3157 525 3215; x_wconf 91' lang='lat' dir='ltr'>in</span> <span class='ocrx_word' id='word_1_299' title='bbox 548 3174 578 3226; x_wconf 93' lang='lat' dir='ltr'>a,</span> <span class='ocrx_word' id='word_1_300' title='bbox 608 3164 643 3217; x_wconf 91' lang='lat' dir='ltr'>ut</span> <span class='ocrx_word' id='word_1_301' title='bbox 662 3155 763 3227; x_wconf 90' lang='lat' dir='ltr'>docta,</span> <span class='ocrx_word' id='word_1_302' title='bbox 794 3155 951 3236; x_wconf 90' lang='lat' dir='ltr'>aliquando</span> <span class='ocrx_word' id='word_1_303' title='bbox 972 3159 1003 3218; x_wconf 93' lang='lat' dir='ltr'>in</span> <span class='ocrx_word' id='word_1_304' title='bbox 1025 3174 1090 3227; x_wconf 90' lang='lat' dir='ltr'>um,</span> <span class='ocrx_word' id='word_1_305' title='bbox 1118 3164 1151 3216; x_wconf 90' lang='lat' dir='ltr'>ut</span> <span class='ocrx_word' id='word_1_306' title='bbox 1178 3156 1312 3226; x_wconf 90' lang='lat' dir='ltr'>doctum,</span> <span class='ocrx_word' id='word_1_307' title='bbox 1342 3153 1500 3236; x_wconf 89' lang='lat' dir='ltr'>aliquando</span> <span class='ocrx_word' id='word_1_308' title='bbox 1523 3157 1558 3215; x_wconf 92' lang='lat' dir='ltr'>in</span> <span class='ocrx_word' id='word_1_309' title='bbox 1583 3158 1617 3225; x_wconf 91' lang='lat' dir='ltr'>is,</span> 
     </span>
     <span class='ocr_line' id='line_1_30' title="bbox 315 3255 1712 3339; baseline -0.001 -22"><span class='ocrx_word' id='word_1_310' title='bbox 315 3266 347 3318; x_wconf 91' lang='lat' dir='ltr'>ut</span> <span class='ocrx_word' id='word_1_311' title='bbox 376 3255 492 3326; x_wconf 88' lang='lat' dir='ltr'>docilis,</span> <span class='ocrx_word' id='word_1_312' title='bbox 526 3257 682 3338; x_wconf 90' lang='lat' dir='ltr'>aliquando</span> <span class='ocrx_word' id='word_1_313' title='bbox 714 3261 746 3318; x_wconf 91' lang='lat' dir='ltr'>in</span> <span class='ocrx_word' id='word_1_314' title='bbox 779 3278 846 3328; x_wconf 90' lang='lat' dir='ltr'>ans,</span> <span class='ocrx_word' id='word_1_315' title='bbox 880 3266 914 3319; x_wconf 92' lang='lat' dir='ltr'>ut</span> <span class='ocrx_word' id='word_1_316' title='bbox 940 3276 1057 3329; x_wconf 89' lang='lat' dir='ltr'>amans,</span> <span class='ocrx_word' id='word_1_317' title='bbox 1087 3256 1247 3339; x_wconf 83' lang='lat' dir='ltr'>aliquando</span> <span class='ocrx_word' id='word_1_318' title='bbox 1274 3260 1304 3318; x_wconf 96' lang='lat' dir='ltr'>in</span> <span class='ocrx_word' id='word_1_319' title='bbox 1329 3276 1376 3327; x_wconf 87' lang='lat' dir='ltr'>cr,</span> <span class='ocrx_word' id='word_1_320' title='bbox 1410 3265 1443 3317; x_wconf 87' lang='lat' dir='ltr'>ut</span> <span class='ocrx_word' id='word_1_321' title='bbox 1469 3255 1617 3337; x_wconf 86' lang='lat' dir='ltr'>pulcher:</span> <span class='ocrx_word' id='word_1_322' title='bbox 1711 3266 1712 3329; x_wconf 65' lang='lat'>,</span> 
     </span>
     <span class='ocr_line' id='line_1_31' title="bbox 316 3359 1619 3441; baseline 0.006 -25"><span class='ocrx_word' id='word_1_323' title='bbox 316 3361 415 3420; x_wconf 90' lang='lat' dir='ltr'>variae</span> <span class='ocrx_word' id='word_1_324' title='bbox 442 3369 510 3420; x_wconf 88' lang='lat' dir='ltr'>sunt</span> <span class='ocrx_word' id='word_1_325' title='bbox 539 3360 675 3439; x_wconf 84' lang='lat' dir='ltr'>regulae,</span> <span class='ocrx_word' id='word_1_326' title='bbox 703 3369 772 3421; x_wconf 93' lang='lat' dir='ltr'>sunt</span> <span class='ocrx_word' id='word_1_327' title='bbox 794 3369 891 3422; x_wconf 88' lang='lat' dir='ltr'>autern</span> <span class='ocrx_word' id='word_1_328' title='bbox 914 3359 989 3421; x_wconf 89' lang='lat' dir='ltr'>Xlll.</span> <span class='ocrx_word' id='word_1_329' title='bbox 1028 3363 1234 3441; x_wconf 87' lang='lat' dir='ltr'>conparativns</span> <span class='ocrx_word' id='word_1_330' title='bbox 1261 3366 1376 3421; x_wconf 88' lang='lat' dir='ltr'>tantum</span> <span class='ocrx_word' id='word_1_331' title='bbox 1404 3360 1477 3421; x_wconf 89' lang='lat' dir='ltr'>duas</span> <span class='ocrx_word' id='word_1_332' title='bbox 1505 3362 1619 3440; x_wconf 89' lang='lat' dir='ltr'>recipit</span> 
     </span>
     <span class='ocr_line' id='line_1_32' title="bbox 316 3460 1712 3543; baseline -0.001 -21"><span class='ocrx_word' id='word_1_333' title='bbox 316 3460 448 3539; x_wconf 81' lang='lat' dir='ltr'>regulas,</span> <span class='ocrx_word' id='word_1_334' title='bbox 472 3462 503 3521; x_wconf 92' lang='lat' dir='ltr'>in</span> <span class='ocrx_word' id='word_1_335' title='bbox 525 3481 559 3523; x_wconf 88' lang='lat' dir='ltr'>or</span> <span class='ocrx_word' id='word_1_336' title='bbox 583 3470 613 3523; x_wconf 88' lang='lat' dir='ltr'>et</span> <span class='ocrx_word' id='word_1_337' title='bbox 634 3464 664 3523; x_wconf 89' lang='lat' dir='ltr'>in</span> <span class='ocrx_word' id='word_1_338' title='bbox 687 3481 729 3523; x_wconf 92' lang='lat' dir='ltr'>us.</span> <span class='ocrx_word' id='word_1_339' title='bbox 760 3463 958 3542; x_wconf 89' lang='lat' dir='ltr'>superlativus</span> <span class='ocrx_word' id='word_1_340' title='bbox 973 3472 1035 3523; x_wconf 90' lang='lat' dir='ltr'>tres</span> <span class='ocrx_word' id='word_1_341' title='bbox 1049 3462 1153 3538; x_wconf 89' lang='lat' dir='ltr'>habet,</span> <span class='ocrx_word' id='word_1_342' title='bbox 1177 3465 1268 3525; x_wconf 89' lang='lat' dir='ltr'>simus</span> <span class='ocrx_word' id='word_1_343' title='bbox 1284 3464 1357 3523; x_wconf 89' lang='lat' dir='ltr'>sima</span> <span class='ocrx_word' id='word_1_344' title='bbox 1373 3464 1487 3523; x_wconf 88' lang='lat' dir='ltr'>simum.</span> <span class='ocrx_word' id='word_1_345' title='bbox 1521 3480 1653 3541; x_wconf 81' lang='lat' dir='ltr'>quarem</span> <span class='ocrx_word' id='word_1_346' title='bbox 1711 3516 1712 3543; x_wconf 49' lang='lat'>3</span> 
     </span>
     <span class='ocr_line' id='line_1_33' title="bbox 315 3552 1617 3647; baseline 0.001 -23"><span class='ocrx_word' id='word_1_347' title='bbox 315 3566 388 3624; x_wconf 87' lang='lat' dir='ltr'>istas</span> <span class='ocrx_word' id='word_1_348' title='bbox 409 3561 528 3641; x_wconf 83' lang='lat' dir='ltr'>regulas</span> <span class='ocrx_word' id='word_1_349' title='bbox 551 3564 629 3623; x_wconf 81' lang='lat' dir='ltr'>dixi?</span> <span class='ocrx_word' id='word_1_350' title='bbox 652 3566 790 3645; x_wconf 89' lang='lat' dir='ltr'>quoniam</span> <span class='ocrx_word' id='word_1_351' title='bbox 806 3565 937 3626; x_wconf 88' lang='lat' dir='ltr'>incidero</span> <span class='ocrx_word' id='word_1_352' title='bbox 953 3552 1066 3625; x_wconf 84' lang='lat' dir='ltr'>habent</span> <span class='ocrx_word' id='word_1_353' title='bbox 1079 3564 1175 3647; x_wconf 90' lang='lat' dir='ltr'>aliqua</span> <span class='ocrx_word' id='word_1_354' title='bbox 1192 3567 1311 3627; x_wconf 88' lang='lat' dir='ltr'>nomina</span> <span class='ocrx_word' id='word_1_355' title='bbox 1334 3582 1408 3646; x_wconf 84' lang='lat' dir='ltr'>quae</span> <span class='ocrx_word' id='word_1_356' title='bbox 1429 3566 1489 3625; x_wconf 89' lang='lat' dir='ltr'>sint</span> <span class='ocrx_word' id='word_1_357' title='bbox 1510 3574 1617 3625; x_wconf 91' lang='lat' dir='ltr'>contra</span> 
     </span>
     <span class='ocr_line' id='line_1_34' title="bbox 315 3638 1616 3747; baseline 0.002 -22"><span class='ocrx_word' id='word_1_358' title='bbox 315 3667 388 3725; x_wconf 88' lang='lat' dir='ltr'>istas</span> <span class='ocrx_word' id='word_1_359' title='bbox 410 3664 538 3743; x_wconf 84' lang='lat' dir='ltr'>regulas.</span> <span class='ocrx_word' id='word_1_360' title='bbox 569 3667 646 3726; x_wconf 85' lang='lat' dir='ltr'>scire</span> <span class='ocrx_word' id='word_1_361' title='bbox 662 3666 754 3727; x_wconf 91' lang='lat' dir='ltr'>debes</span> <span class='ocrx_word' id='word_1_362' title='bbox 769 3669 909 3747; x_wconf 88' lang='lat' dir='ltr'>qnoniam</span> <span class='ocrx_word' id='word_1_363' title='bbox 932 3664 1065 3727; x_wconf 89' lang='lat' dir='ltr'>anomala</span> <span class='ocrx_word' id='word_1_364' title='bbox 1089 3676 1118 3728; x_wconf 92' lang='lat' dir='ltr'>et</span> <span class='ocrx_word' id='word_1_365' title='bbox 1140 3638 1280 3728; x_wconf 82' lang='lat' dir='ltr'>deficidnt</span> <span class='ocrx_word' id='word_1_366' title='bbox 1302 3675 1331 3727; x_wconf 90' lang='lat' dir='ltr'>ct</span> <span class='ocrx_word' id='word_1_367' title='bbox 1352 3664 1519 3747; x_wconf 88' lang='lat' dir='ltr'>inaequalia</span> <span class='ocrx_word' id='word_1_368' title='bbox 1534 3675 1616 3727; x_wconf 87' lang='lat' dir='ltr'>sunt.</span> 
     </span>
     <span class='ocr_line' id='line_1_35' title="bbox 199 3768 1616 3849; baseline -0.001 -18"><span class='ocrx_word' id='word_1_369' title='bbox 199 3784 257 3845; x_wconf 79' lang='lat'>430,</span> <span class='ocrx_word' id='word_1_370' title='bbox 271 3782 304 3833; x_wconf 84' lang='grc'>36</span> <span class='ocrx_word' id='word_1_371' title='bbox 317 3768 526 3847; x_wconf 89' lang='lat' dir='ltr'>conparativns</span> <span class='ocrx_word' id='word_1_372' title='bbox 547 3768 658 3845; x_wconf 81' lang='lat' dir='ltr'>gradus</span> <span class='ocrx_word' id='word_1_373' title='bbox 680 3772 799 3846; x_wconf 85' lang='lat' dir='ltr'>generis</span> <span class='ocrx_word' id='word_1_374' title='bbox 822 3777 867 3830; x_wconf 88' lang='lat' dir='ltr'>est</span> <span class='ocrx_word' id='word_1_375' title='bbox 889 3788 1007 3849; x_wconf 89' lang='lat' dir='ltr'>sempor</span> <span class='ocrx_word' id='word_1_376' title='bbox 1030 3770 1210 3839; x_wconf 89' lang='lat' dir='ltr'>communis,</span> <span class='ocrx_word' id='word_1_377' title='bbox 1242 3768 1371 3839; x_wconf 89' lang='lat' dir='ltr'>doctior,</span> <span class='ocrx_word' id='word_1_378' title='bbox 1395 3776 1520 3847; x_wconf 83' lang='lat' dir='ltr'>excepto</span> <span class='ocrx_word' id='word_1_379' title='bbox 1544 3787 1616 3838; x_wconf 92' lang='lat' dir='ltr'>uno,</span> 
     </span>
     <span class='ocr_line' id='line_1_36' title="bbox 318 3868 1618 3951; baseline 0.001 -21"><span class='ocrx_word' id='word_1_380' title='bbox 318 3878 350 3930; x_wconf 92' lang='lat' dir='ltr'>ut</span> <span class='ocrx_word' id='word_1_381' title='bbox 372 3872 412 3931; x_wconf 90' lang='lat' dir='ltr'>ait</span> <span class='ocrx_word' id='word_1_382' title='bbox 434 3868 563 3939; x_wconf 87' lang='lat' dir='ltr'>Probus,</span> <span class='ocrx_word' id='word_1_383' title='bbox 593 3873 702 3931; x_wconf 87' lang='lat' dir='ltr'>senior.</span> <span class='ocrx_word' id='word_1_384' title='bbox 747 3889 815 3931; x_wconf 92' lang='lat' dir='ltr'>nam</span> <span class='ocrx_word' id='word_1_385' title='bbox 838 3888 929 3931; x_wconf 85' lang='lat' dir='ltr'>senex</span> <span class='ocrx_word' id='word_1_386' title='bbox 952 3870 1093 3942; x_wconf 89' lang='lat' dir='ltr'>dicimus,</span> <span class='ocrx_word' id='word_1_387' title='bbox 1123 3872 1222 3932; x_wconf 85' lang='lat' dir='ltr'>senior</span> <span class='ocrx_word' id='word_1_388' title='bbox 1249 3890 1309 3932; x_wconf 90' lang='lat' dir='ltr'>non</span> <span class='ocrx_word' id='word_1_389' title='bbox 1332 3888 1491 3951; x_wconf 86' lang='lat' dir='ltr'>possumus</span> <span class='ocrx_word' id='word_1_390' title='bbox 1514 3870 1618 3931; x_wconf 88' lang='lat' dir='ltr'>dicere</span> 
     </span>
     <span class='ocr_line' id='line_1_37' title="bbox 318 3962 1712 4053; baseline -0.001 -21"><span class='ocrx_word' id='word_1_391' title='bbox 318 3973 355 4032; x_wconf 95' lang='lat' dir='ltr'>de</span> <span class='ocrx_word' id='word_1_392' title='bbox 379 3970 497 4032; x_wconf 84' lang='lat' dir='ltr'>lomina.</span> <span class='ocrx_word' id='word_1_393' title='bbox 543 3979 642 4033; x_wconf 88' lang='lat' dir='ltr'>tamen</span> <span class='ocrx_word' id='word_1_394' title='bbox 669 3973 835 4033; x_wconf 84' lang='lat' dir='ltr'>invenimus</span> <span class='ocrx_word' id='word_1_395' title='bbox 862 3972 971 4033; x_wconf 85' lang='lat' dir='ltr'>lectum</span> <span class='ocrx_word' id='word_1_396' title='bbox 999 3972 1076 4053; x_wconf 91' lang='lat' dir='ltr'>apud</span> <span class='ocrx_word' id='word_1_397' title='bbox 1099 3974 1250 4053; x_wconf 62' lang='lat' dir='ltr'>antiquos</span> <span class='ocrx_word' id='word_1_398' title='bbox 1275 3992 1333 4034; x_wconf 93' lang='lat' dir='ltr'>non</span> <span class='ocrx_word' id='word_1_399' title='bbox 1357 3972 1480 4033; x_wconf 87' lang='lat' dir='ltr'>idoncos</span> <span class='ocrx_word' id='word_1_400' title='bbox 1503 3978 1653 4033; x_wconf 76' lang='lat' dir='ltr'>tamense</span> <span class='ocrx_word' id='word_1_401' title='bbox 1711 3962 1712 3965; x_wconf 45' lang='lat'>&#39;</span> 
     </span>
    </p>
   </div>
   <div class='ocr_carea' id='block_1_2' title="bbox 295 4295 1618 4839">
    <p class='ocr_par' dir='ltr' id='par_1_2' title="bbox 295 4295 1618 4839">
     <span class='ocr_line' id='line_1_38' title="bbox 389 4295 1618 4349; baseline 0 -3"><span class='ocrx_word' id='word_1_402' title='bbox 389 4297 506 4346; x_wconf 74' lang='lat' dir='ltr'>adicere</span> <span class='ocrx_word' id='word_1_403' title='bbox 526 4296 625 4345; x_wconf 87' lang='lat' dir='ltr'>doctior</span> <span class='ocrx_word' id='word_1_404' title='bbox 641 4295 740 4345; x_wconf 90' lang='lat' dir='ltr'>doctior</span> <span class='ocrx_word' id='word_1_405' title='bbox 756 4296 814 4345; x_wconf 84' lang='lat' dir='ltr'>ideo</span> <span class='ocrx_word' id='word_1_406' title='bbox 834 4296 905 4348; x_wconf 81' lang='lat' dir='ltr'>una</span> <span class='ocrx_word' id='word_1_407' title='bbox 924 4298 1009 4347; x_wconf 83' lang='lat' dir='ltr'>dicero</span> <span class='ocrx_word' id='word_1_408' title='bbox 1028 4298 1126 4346; x_wconf 88' lang='lat' dir='ltr'>doctior</span> <span class='ocrx_word' id='word_1_409' title='bbox 1144 4298 1202 4347; x_wconf 90' lang='lat' dir='ltr'>ideo</span> <span class='ocrx_word' id='word_1_410' title='bbox 1222 4297 1246 4345; x_wconf 95' lang='lat' dir='ltr'><em>A</em></span> <span class='ocrx_word' id='word_1_411' title='bbox 1316 4297 1435 4349; x_wconf 81' lang='lat' dir='ltr'>Bdicere</span> <span class='ocrx_word' id='word_1_412' title='bbox 1452 4296 1618 4347; x_wconf 80' lang='lat' dir='ltr'>doctissimus</span> 
     </span>
     <span class='ocr_line' id='line_1_39' title="bbox 321 4366 1617 4434; baseline 0 -19"><span class='ocrx_word' id='word_1_413' title='bbox 321 4409 408 4421; x_wconf 89' lang='grc'>,,,,,</span> <span class='ocrx_word' id='word_1_414' title='bbox 428 4367 605 4428; x_wconf 72' lang='lat' dir='ltr'>(doctissimus</span> <span class='ocrx_word' id='word_1_415' title='bbox 626 4373 675 4414; x_wconf 81' lang='lat' dir='ltr'>tatu</span> <span class='ocrx_word' id='word_1_416' title='bbox 696 4368 763 4415; x_wconf 89' lang='lat' dir='ltr'>cuim</span> <span class='ocrx_word' id='word_1_417' title='bbox 782 4367 844 4417; x_wconf 84' lang='lat' dir='ltr'>odd.</span> <span class='ocrx_word' id='word_1_418' title='bbox 858 4366 888 4431; x_wconf 84' lang='lat' dir='ltr'>a)</span> <span class='ocrx_word' id='word_1_419' title='bbox 907 4369 957 4417; x_wconf 86' lang='lat' dir='ltr'>uim</span> <span class='ocrx_word' id='word_1_420' title='bbox 976 4367 1052 4417; x_wconf 86' lang='lat' dir='ltr'>habet</span> <span class='ocrx_word' id='word_1_421' title='bbox 1075 4368 1231 4433; x_wconf 81' lang='lat' dir='ltr'>cooperandi</span> <span class='ocrx_word' id='word_1_422' title='bbox 1250 4368 1274 4417; x_wconf 89' lang='lat' dir='ltr'><em>A</em></span> <span class='ocrx_word' id='word_1_423' title='bbox 1344 4366 1362 4419; x_wconf 76' lang='grc'>9</span> <span class='ocrx_word' id='word_1_424' title='bbox 1381 4382 1442 4434; x_wconf 78' lang='lat' dir='ltr'>ergo</span> <span class='ocrx_word' id='word_1_425' title='bbox 1461 4368 1483 4416; x_wconf 83' lang='lat' dir='ltr'>si</span> <span class='ocrx_word' id='word_1_426' title='bbox 1498 4394 1536 4404; x_wconf 92' lang='lat'><em>-</em></span> <span class='ocrx_word' id='word_1_427' title='bbox 1555 4381 1617 4418; x_wconf 84' lang='lat' dir='ltr'>con-</span> 
     </span>
     <span class='ocr_line' id='line_1_40' title="bbox 295 4434 1616 4505; baseline 0.002 -22"><span class='ocrx_word' id='word_1_428' title='bbox 295 4472 298 4483; x_wconf 88' lang='lat'><em>.</em></span> <span class='ocrx_word' id='word_1_429' title='bbox 319 4437 426 4505; x_wconf 87' lang='lat' dir='ltr'>parandi</span> <span class='ocrx_word' id='word_1_430' title='bbox 445 4453 491 4487; x_wconf 83' lang='lat' dir='ltr'>om.</span> <span class='ocrx_word' id='word_1_431' title='bbox 507 4437 542 4497; x_wconf 89' lang='lat' dir='ltr'>A,</span> <span class='ocrx_word' id='word_1_432' title='bbox 562 4436 624 4487; x_wconf 84' lang='lat' dir='ltr'>add.</span> <span class='ocrx_word' id='word_1_433' title='bbox 642 4452 659 4486; x_wconf 86' lang='lat' dir='ltr'>n</span> <span class='ocrx_word' id='word_1_434' title='bbox 731 4434 762 4487; x_wconf 79' lang='lat' dir='ltr'>ta</span> <span class='ocrx_word' id='word_1_435' title='bbox 782 4452 831 4499; x_wconf 89' lang='lat' dir='ltr'>qua</span> <span class='ocrx_word' id='word_1_436' title='bbox 848 4437 927 4499; x_wconf 85' lang='lat' dir='ltr'>(quae</span> <span class='ocrx_word' id='word_1_437' title='bbox 942 4454 1010 4487; x_wconf 81' lang='lat' dir='ltr'>corr.</span> <span class='ocrx_word' id='word_1_438' title='bbox 1031 4452 1080 4501; x_wconf 87' lang='lat' dir='ltr'>qua</span> <span class='ocrx_word' id='word_1_439' title='bbox 1100 4437 1124 4486; x_wconf 98' lang='lat' dir='ltr'><em>A</em></span> <span class='ocrx_word' id='word_1_440' title='bbox 1144 4453 1219 4501; x_wconf 89' lang='lat' dir='ltr'>quam</span> <span class='ocrx_word' id='word_1_441' title='bbox 1238 4436 1271 4499; x_wconf 83' lang='lat'>0)</span> <span class='ocrx_word' id='word_1_442' title='bbox 1289 4439 1402 4489; x_wconf 84' lang='lat' dir='ltr'>diximus</span> <span class='ocrx_word' id='word_1_443' title='bbox 1416 4452 1473 4489; x_wconf 86' lang='lat' dir='ltr'>esse</span> <span class='ocrx_word' id='word_1_444' title='bbox 1488 4451 1616 4504; x_wconf 82' lang='lat' dir='ltr'>conpara·</span> 
     </span>
     <span class='ocr_line' id='line_1_41' title="bbox 319 4506 1615 4575; baseline -0.001 -19"><span class='ocrx_word' id='word_1_445' title='bbox 319 4509 414 4556; x_wconf 86' lang='lat' dir='ltr'>tionem</span> <span class='ocrx_word' id='word_1_446' title='bbox 431 4507 457 4556; x_wconf 89' lang='lat' dir='ltr'>ld</span> <span class='ocrx_word' id='word_1_447' title='bbox 475 4517 513 4557; x_wconf 85' lang='lat' dir='ltr'>est</span> <span class='ocrx_word' id='word_1_448' title='bbox 529 4507 681 4556; x_wconf 86' lang='lat' dir='ltr'>locutionem</span> <span class='ocrx_word' id='word_1_449' title='bbox 701 4506 785 4556; x_wconf 78' lang='lat' dir='ltr'>ABG</span> <span class='ocrx_word' id='word_1_450' title='bbox 855 4509 886 4557; x_wconf 74' lang='lat' dir='ltr'>lo</span> <span class='ocrx_word' id='word_1_451' title='bbox 905 4507 1089 4571; x_wconf 81' lang='lat' dir='ltr'>potestABC</span> <span class='ocrx_word' id='word_1_452' title='bbox 1158 4508 1190 4560; x_wconf 84' lang='lat' dir='ltr'>lu</span> <span class='ocrx_word' id='word_1_453' title='bbox 1209 4507 1276 4557; x_wconf 89' lang='lat' dir='ltr'>uude</span> <span class='ocrx_word' id='word_1_454' title='bbox 1294 4518 1400 4575; x_wconf 86' lang='lat' dir='ltr'>apparet</span> <span class='ocrx_word' id='word_1_455' title='bbox 1420 4510 1542 4572; x_wconf 87' lang='lat' dir='ltr'>quoniam</span> <span class='ocrx_word' id='word_1_456' title='bbox 1565 4522 1615 4557; x_wconf 90' lang='lat' dir='ltr'>non</span> 
     </span>
     <span class='ocr_line' id='line_1_42' title="bbox 320 4576 1616 4643; baseline 0.002 -19"><span class='ocrx_word' id='word_1_457' title='bbox 320 4587 358 4625; x_wconf 88' lang='lat' dir='ltr'>est</span> <span class='ocrx_word' id='word_1_458' title='bbox 375 4592 462 4626; x_wconf 88' lang='lat' dir='ltr'>uerum</span> <span class='ocrx_word' id='word_1_459' title='bbox 480 4578 547 4642; x_wconf 87' lang='lat' dir='ltr'>quod</span> <span class='ocrx_word' id='word_1_460' title='bbox 564 4577 650 4626; x_wconf 87' lang='lat' dir='ltr'>dicunt</span> <span class='ocrx_word' id='word_1_461' title='bbox 665 4577 757 4627; x_wconf 86' lang='lat' dir='ltr'>deinde</span> <span class='ocrx_word' id='word_1_462' title='bbox 776 4586 860 4626; x_wconf 80' lang='lat' dir='ltr'>cst-</span> <span class='ocrx_word' id='word_1_463' title='bbox 871 4576 942 4625; x_wconf 83' lang='lat' dir='ltr'>alteri</span> <span class='ocrx_word' id='word_1_464' title='bbox 958 4576 1085 4643; x_wconf 80' lang='lat' dir='ltr'>praeierat</span> <span class='ocrx_word' id='word_1_465' title='bbox 1103 4578 1171 4628; x_wconf 89' lang='lat' dir='ltr'>unde</span> <span class='ocrx_word' id='word_1_466' title='bbox 1188 4588 1294 4643; x_wconf 88' lang='lat' dir='ltr'>apparet</span> <span class='ocrx_word' id='word_1_467' title='bbox 1307 4578 1427 4642; x_wconf 87' lang='lat' dir='ltr'>quoniam</span> <span class='ocrx_word' id='word_1_468' title='bbox 1440 4578 1503 4627; x_wconf 88' lang='lat' dir='ltr'>illud</span> <span class='ocrx_word' id='word_1_469' title='bbox 1521 4576 1616 4628; x_wconf 79' lang='lat' dir='ltr'>salernu</span> 
     </span>
     <span class='ocr_line' id='line_1_43' title="bbox 320 4646 1617 4714; baseline 0.001 -20"><span class='ocrx_word' id='word_1_470' title='bbox 320 4656 359 4696; x_wconf 85' lang='lat' dir='ltr'>est</span> <span class='ocrx_word' id='word_1_471' title='bbox 376 4649 491 4709; x_wconf 77' lang='lat' dir='ltr'>repetitio</span> <span class='ocrx_word' id='word_1_472' title='bbox 509 4649 540 4697; x_wconf 81' lang='lat' dir='ltr'>iia</span> <span class='ocrx_word' id='word_1_473' title='bbox 555 4648 821 4714; x_wconf 77' lang='lat' dir='ltr'>quaeantenscn&#39;pta</span> <span class='ocrx_word' id='word_1_474' title='bbox 836 4654 910 4697; x_wconf 80' lang='lat' dir='ltr'>ernau</span> <span class='ocrx_word' id='word_1_475' title='bbox 927 4648 952 4696; x_wconf 87' lang='lat' dir='ltr'><em>A</em></span> <span class='ocrx_word' id='word_1_476' title='bbox 1004 4646 1038 4697; x_wconf 89' lang='grc'>30</span> <span class='ocrx_word' id='word_1_477' title='bbox 1058 4648 1083 4697; x_wconf 86' lang='lat' dir='ltr'>iu</span> <span class='ocrx_word' id='word_1_478' title='bbox 1103 4662 1131 4697; x_wconf 90' lang='lat' dir='ltr'>or</span> <span class='ocrx_word' id='word_1_479' title='bbox 1145 4656 1169 4697; x_wconf 87' lang='lat' dir='ltr'>et</span> <span class='ocrx_word' id='word_1_480' title='bbox 1187 4649 1212 4697; x_wconf 91' lang='lat' dir='ltr'>iu</span> <span class='ocrx_word' id='word_1_481' title='bbox 1232 4665 1261 4699; x_wconf 87' lang='lat' dir='ltr'>us</span> <span class='ocrx_word' id='word_1_482' title='bbox 1281 4651 1305 4698; x_wconf 90' lang='lat' dir='ltr'><em>A</em></span> <span class='ocrx_word' id='word_1_483' title='bbox 1325 4650 1352 4699; x_wconf 91' lang='lat' dir='ltr'>in</span> <span class='ocrx_word' id='word_1_484' title='bbox 1366 4662 1395 4697; x_wconf 91' lang='lat' dir='ltr'>or</span> <span class='ocrx_word' id='word_1_485' title='bbox 1411 4654 1434 4697; x_wconf 85' lang='lat' dir='ltr'>el</span> <span class='ocrx_word' id='word_1_486' title='bbox 1451 4648 1477 4696; x_wconf 92' lang='lat' dir='ltr'>iu</span> <span class='ocrx_word' id='word_1_487' title='bbox 1493 4648 1534 4697; x_wconf 86' lang='lat' dir='ltr'>iua</span> <span class='ocrx_word' id='word_1_488' title='bbox 1553 4646 1617 4698; x_wconf 86' lang='lat' dir='ltr'>BGa</span> 
     </span>
     <span class='ocr_line' id='line_1_44' title="bbox 317 4716 1617 4783; baseline -0.002 -16"><span class='ocrx_word' id='word_1_489' title='bbox 317 4716 431 4779; x_wconf 75' lang='lat' dir='ltr'>fortasse</span> <span class='ocrx_word' id='word_1_490' title='bbox 450 4718 488 4766; x_wconf 87' lang='lat' dir='ltr'>ior</span> <span class='ocrx_word' id='word_1_491' title='bbox 506 4727 531 4766; x_wconf 87' lang='lat' dir='ltr'>et</span> <span class='ocrx_word' id='word_1_492' title='bbox 549 4718 589 4766; x_wconf 85' lang='lat' dir='ltr'>ius</span> <span class='ocrx_word' id='word_1_493' title='bbox 676 4718 710 4768; x_wconf 76' lang='lat'>34</span> <span class='ocrx_word' id='word_1_494' title='bbox 728 4718 803 4783; x_wconf 88' lang='lat' dir='ltr'>probi</span> <span class='ocrx_word' id='word_1_495' title='bbox 823 4717 950 4769; x_wconf 77' lang='lat' dir='ltr'>0:1²rot.</span> <span class='ocrx_word' id='word_1_496' title='bbox 966 4718 1045 4771; x_wconf 78' lang='lat' dir='ltr'>instit,</span> <span class='ocrx_word' id='word_1_497' title='bbox 1066 4725 1117 4769; x_wconf 85' lang='lat' dir='ltr'>nrt.</span> <span class='ocrx_word' id='word_1_498' title='bbox 1132 4734 1160 4782; x_wconf 88' lang='lat' dir='ltr'>p.</span> <span class='ocrx_word' id='word_1_499' title='bbox 1180 4717 1222 4775; x_wconf 83' lang='lat'>61.</span> <span class='ocrx_word' id='word_1_500' title='bbox 1240 4718 1257 4769; x_wconf 86' lang='lat'><strong>3</strong></span> <span class='ocrx_word' id='word_1_501' title='bbox 1345 4717 1379 4769; x_wconf 73' lang='grc'>35</span> <span class='ocrx_word' id='word_1_502' title='bbox 1398 4725 1482 4768; x_wconf 83' lang='lat' dir='ltr'>tamen</span> <span class='ocrx_word' id='word_1_503' title='bbox 1501 4731 1549 4768; x_wconf 83' lang='lat' dir='ltr'>nos</span> <span class='ocrx_word' id='word_1_504' title='bbox 1569 4717 1617 4767; x_wconf 91' lang='lat' dir='ltr'>hoc</span> 
     </span>
     <span class='ocr_line' id='line_1_45' title="bbox 321 4784 1157 4839; baseline 0.004 -6"><span class='ocrx_word' id='word_1_505' title='bbox 321 4800 425 4836; x_wconf 86' lang='lat' dir='ltr'>seruare</span> <span class='ocrx_word' id='word_1_506' title='bbox 444 4784 483 4836; x_wconf 84' lang='lat' dir='ltr'>Cb</span> <span class='ocrx_word' id='word_1_507' title='bbox 497 4794 581 4836; x_wconf 87' lang='lat' dir='ltr'>tamen</span> <span class='ocrx_word' id='word_1_508' title='bbox 597 4802 648 4837; x_wconf 91' lang='lat' dir='ltr'>uon</span> <span class='ocrx_word' id='word_1_509' title='bbox 668 4802 772 4839; x_wconf 84' lang='lat' dir='ltr'>seruare</span> <span class='ocrx_word' id='word_1_510' title='bbox 789 4786 815 4837; x_wconf 86' lang='lat' dir='ltr'><em>B</em></span> <span class='ocrx_word' id='word_1_511' title='bbox 830 4794 913 4837; x_wconf 68' lang='lat' dir='ltr'>umen</span> <span class='ocrx_word' id='word_1_512' title='bbox 933 4801 991 4836; x_wconf 87' lang='lat' dir='ltr'>uam</span> <span class='ocrx_word' id='word_1_513' title='bbox 1010 4802 1113 4837; x_wconf 87' lang='lat' dir='ltr'>seruare</span> <span class='ocrx_word' id='word_1_514' title='bbox 1134 4788 1157 4836; x_wconf 90' lang='lat' dir='ltr'><em>A</em></span> 
     </span>
    </p>
   </div>
   <div class='ocr_carea' id='block_1_3' title="bbox 0 0 1790 5600">
    <p class='ocr_par' dir='ltr' id='par_1_3' title="bbox 0 0 1790 5600">
     <span class='ocr_line' id='line_1_46' title="bbox 0 0 1790 5600; baseline 0 0"><span class='ocrx_word' id='word_1_515' title='bbox 0 0 1790 5600; x_wconf 95' lang='lat' dir='ltr'> </span> 
     </span>
    </p>
   </div>
  </div>
 </body>
</html>
