3525 5600
334 378 397 440 646
888 382 1068 444 MACROBll

358 499 380 539 p,
396 487 522 529 164.ddV.

330 575 444 646 ponunt
466 576 496 628 et
518 586 572 647 pro
594 566 720 643 gerundi
742 567 844 626 modu:
874 568 980 630 Cicero
1008 587 1064 648 pro
1086 568 1206 639 Quintio
1228 570 1444 630 ‘consilium
1466 575 1606 650 cepisse

330 668 494 729 hominis
514 670 689 729 fortunas
711 669 884 729 funditus
907 673 1099 730 evertere'
1121 690 1176 750 pro
1199 671 1366 741 evertendi,
1389 671 1535 750 Vergilius

482 771 545 831 sed
567 772 598 832 si
620 778 751 832 tantus
773 790 872 832 amor
896 791 1006 834 casus
1027 791 1256 850 cognoscere
1279 782 1428 834 nostros

330 890 387 950 pro
401 871 614 951 cognoscendi,
639 872 798 934 Terentius
813 875 844 933 in
859 873 976 953 Hecyra
1000 873 1194 948 ‘adeamus
1216 876 1360 936 visere'
1384 893 1437 954 pro
1459 876 1607 942 visitatum

481 984 517 1035 et
539 981 691 1035 eantare
713 993 824 1054 pares
846 982 881 1035 et
904 975 1135 1054 respondere
1158 980 1281 1056 parati

330 1089 384 1154 pro
406 1074 461 1136 ‘ad
483 1077 659 1137 eantarmum
688 1084 717 1138 et
744 1077 1012 1156 respondendum’.
1057 1085 1169 1156 ponunt
1192 1087 1222 1138 et
1243 1097 1298 1158 pro
1320 1081 1492 1159 participio:
1525 1079 1608 1140 Varro

325 1179 361 1237 in
394 1177 532 1238 Scaevola
565 1180 618 1238 ‘et
649 1187 688 1238 ut
718 1186 870 1240 matrem
904 1179 1030 1239 audivi
1063 1179 1219 1250 dicere',
1253 1181 1404 1258 Vergilius
1432 1181 1606 1260 ‘equidem

330 1279 510 1340 Teucrum
532 1281 682 1340 memini
710 1279 848 1342 Sidona
876 1281 1034 1350 venire’,
1063 1281 1168 1342 Cicero
1191 1282 1467 1343 ‘Charidemum
1489 1283 1606 1342 Clrium

330 1383 585 1442 testimonium
607 1382 736 1442 dicere
758 1382 942 1443 audistis'
966 1401 1021 1462 pro
1043 1382 1191 1445 dicentem
1213 1393 1244 1445 et
1265 1387 1443 1445 venientem.

789 1581 837 1629 DE
858 1580 1158 1632 INPERSONALIBVS
1620 1607 1638 1641 m

228 1706 312 1762 nam
416 1688 631 1767 lupersonalis,
661 1697 693 1750 ut
721 1690 781 1750 ianr
808 1691 949 1768 superius
978 1689 1121 1758 diximus,
1160 1707 1219 1750 non
1248 1691 1351 1751 modus
1378 1690 1534 1750 habendus
1559 1698 1607 1755 est

328 1790 380 1850 sed
402 1790 562 1869 peculiaris
584 1789 661 1869 apud
683 1789 805 1851 Latinos
829 1789 989 1855 verborum
1017 1792 1165 1867 geminata
1188 1791 1355 1853 declinatio.
1401 1811 1468 1853 narn
1491 1811 1548 1851 una
1569 1801 1607 1850 est

329 1910 395 1951 rum
419 1894 553 1952 numeris
574 1900 605 1952 et
626 1895 777 1972 personis,
808 1893 881 1952 haee
904 1891 997 1952 altera
1020 1894 1083 1952 sino
1107 1895 1240 1953 numeris
1262 1901 1291 1954 et
1313 1897 1451 1972 personis
1473 1912 1527 1972 per
1549 1896 1608 1952 uni-

300 2013 430 2072 ‚versos
453 1995 556 2055 modos
578 2013 633 2074 per
654 2013 730 2074 quos
751 1994 800 2055 illa
824 1994 1005 2064 decurrens,
1029 2003 1059 2052 et
1080 1993 1135 2054 hoo
1158 1994 1248 2056 distat
1269 1994 1306 2055 ab
1329 1995 1459 2064 infinito,
1483 1995 1559 2074 qued
1582 1999 1609 2054 in

328 2097 381 2157 illo
401 2098 521 2178 quidem
549 2114 670 2156 necesse
699 2103 745 2156 est
772 2096 868 2157 modis
896 2095 1035 2156 omnibus
1064 2097 1250 2156 extrinsecus
1277 2095 1390 2156 adsumi
1421 2113 1562 2174 personas
1583 2105 1609 2154 et
1620 2115 1637 2151 ιι

328 2217 481 2268 numeros,
505 2207 594 2278 prout
616 2217 687 2259 usus
709 2201 859 2274 exegerit,
882 2197 1017 2258 seribere
1033 2204 1151 2277 oportet
1165 2215 1212 2258 me
1229 2204 1256 2256 te
1280 2197 1363 2257 illum
1385 2215 1440 2258 nos
1462 2217 1513 2258 vos
1534 2198 1609 2266 illos;

327 2304 359 2359 ιἰι
381 2299 562 2380 inpersonali
591 2317 661 2360 vero
688 2300 785 2360 nullus
812 2300 902 2360 huius
930 2300 1011 2360 modi
1039 2319 1074 2359 er
1103 2299 1268 2360 adiectione
1291 2302 1418 2360 sumitur
1435 2299 1607 2360 intellectus.

327 2405 467 2483 namqui
492 2403 565 2462 dicit
587 2401 696 2479 legitur
719 2403 851 2463 curritur
873 2404 972 2480 agitur
995 2402 1231 2480 inpersonaliter,
1255 2419 1313 2462 non
1336 2401 1450 2461 indicat
1472 2401 1541 2480 quid
1562 2400 1606 2461 ille

328 2512 378 2564 aut
400 2503 449 2565 illa
473 2510 524 2564 aut
546 2502 636 2573 illud,
661 2503 712 2563 sed
734 2521 797 2563 rem
820 2512 934 2564 tantum
957 2506 1125 2583 exprimere
1141 2511 1298 2564 contentus
1312 2505 1525 2582 praetermittit
1544 2521 1605 2582 per-

327 2625 429 2675 sonas,
460 2606 537 2686 apud
560 2623 634 2684 quas
655 2607 785 2666 officium
807 2614 853 2665 est
873 2604 1011 2666 lectionis
1032 2614 1083 2666 aut
1105 2624 1210 2668 elusus
1234 2603 1237 2684 l
1261 2613 1310 2666 aut
1332 2607 1472 2666 aetionis:
1502 2605 1635 2664 Teren-s·

327 2711 388 2767 tius
415 2708 522 2786 ‘quid
544 2707 687 2784 agitur?
713 2708 865 2775 statur’‚
895 2707 1043 2784 Vergilius
1066 2709 1159 2769 ‘itur
1182 2710 1219 2768 in
1241 2709 1432 2786 antiquam
1455 2707 1602 2767 silvam’.

327 2812 491 2871 ‘ventum
519 2819 601 2870 erat
629 2810 670 2871 ad
693 2809 837 2870 limen'.
882 2812 933 2890 qui
956 2828 1026 2869 veru
1049 2830 1107 2871 non
1129 2810 1357 2890 inpersonaliter
1379 2810 1467 2878 dieii,
1491 2828 1603 2871 ueoeme

317 2898 372 2973 'est
398 2913 487 2974 addat
513 2915 605 2991 ipsam
634 2900 792 2991 personam
820 2920 871 2971 aut
898 2930 976 2981 rem,
1006 2914 1036 2971 in
1066 2930 1122 2993 qua
1147 2920 1192 2972 est
1215 2914 1312 2991 ipsum
1334 2913 1481 2980 officium,
1504 2911 1602 2988 legitur

326 3016 486 3093 Vergilius,
517 3013 623 3092 iegitur
645 3014 780 3093 Sappho,
809 3013 918 3091 legitur
946 3031 1066 3074 carmen
1095 3012 1221 3074 Horatii.
1266 3022 1335 3075 suut
1356 3022 1455 3073 umen
1478 3016 1600 3093 inperse-

326 3117 403 3178 ualia
426 3116 547 3178 Graecis
569 3116 741 3195 Latinisque
765 3118 948 3185 eommunia,
972 3124 1040 3176 sunt
1061 3124 1175 3176 tanturn
1198 3116 1337 3177 latinitati
1360 3134 1509 3175 concessa.
1543 3132 1632 3176 nomas

326 3220 411 3280 «lecet
434 3238 482 3280 me
504 3226 533 3278 te
557 3218 640 3279 illurn
663 3237 718 3278 uos
740 3236 792 3278 ros
813 3217 879 3277 illos
903 3225 961 3279 tam
977 3218 1100 3279 Graecis
1121 3220 1258 3279 eonvenit
1278 3235 1367 3297 quarn
1388 3217 1512 3286 Latinis,
1534 3218 1600 3297 quud

328 3329 396 3381 tune
420 3320 605 3400 inpersonale
628 3319 770 3389 habetur,
795 3338 863 3379 curn
877 3337 964 3379 rasus
980 3320 1023 3381 illi
1039 3339 1098 3381 non
1114 3320 1243 3391 additur,
1267 3325 1384 3398 utputa
1400 3319 1487 3379 decet
1501 3320 1599 3397 legere.

325 3422 412 3482 (lecet
432 3422 649 3501 philosophari,
672 3423 761 3482 deret
782 3420 897 3481 artibus
920 3419 1006 3481 bonis
1027 3424 1117 3483 vitam
1140 3440 1256 3483 ornare.
1301 3440 1368 3481 nam
1391 3423 1417 3481 si
1440 3440 1540 3481 casum
1560 3440 1599 3481 ar-

324 3526 453 3604 eepurit,
482 3542 603 3584 necesse
631 3533 675 3584 est
703 3526 774 3585 insit
801 3523 846 3584 illi
875 3541 1018 3603 persona,
1047 3532 1077 3584 et
1106 3526 1294 3603 inpersonalo
1322 3541 1387 3583 esse
1411 3526 1470 3583 iarn
1493 3524 1599 3591 desinit

326 3634 357 3687 ut
378 3634 449 3705 puta
478 3626 587 3685 ‘deeeo
615 3624 752 3702 magister
785 3625 978 3704 discipulum,
1010 3626 1098 3685 denes
1127 3628 1267 3703 magister
1296 3623 1490 3703 discipulum,
1525 3625 1631 3684 deceta·

324 3731 466 3806 magister
481 3726 687 3807 discipulum’;
710 3730 876 3805 transitque
894 3730 983 3789 etiam
999 3730 1201 3789 innumerum
1222 3727 1376 3807 pluralem,
1401 3733 1433 3785 ut
1455 3726 1599 3789 ‘decumus

325 3832 434 3892 iudicia
457 3832 675 3909 magistratus’,
699 3828 819 3890 ‘decent
833 3829 954 3889 domum
970 3830 1146 3891 columnae'.
1180 3832 1251 3891 item
1267 3832 1357 3891 etiam
1369 3828 1476 3888 Graeci
1493 3827 1598 3907 πρέπει

324 3932 383 4012 μοι’
403 3944 457 3993 σοι
479 3928 597 4015 ἐκείνῳ
623 3925 704 4012 ἡμῖν
731 3922 813 4009 ὑμῖν
842 3927 985 4003 ἐκείνοις
1011 3924 1257 4009 ἀναγινώσκειν
1284 3937 1449 4011 γεωργεῖν
1471 3929 1596 4009 φιλοσο-

325 4042 420 4113 φεῖν,
450 4031 506 4096 καὶ
533 4031 648 4114 πρέπω
676 4025 742 4111 ἐγώ
770 4026 908 4111 πρέπεις
936 4026 979 4093 σύ
1006 4030 1124 4112 πρέπει
1153 4030 1282 4105 ἐκεῖνος
1303 4027 1420 4113 ἄρχων
1441 4032 1482 4113 τῇ
1503 4028 1596 4101 πόλει,

323 4133 379 4196 καὶ
409 4134 646 4216 πληθυντικῶς
672 4128 843 4214 πρέπομεν
870 4131 1012 4213 aarum
1041 4131 1228 4215 πρέπουσιν
1249 4128 1409 4215 ἄρχοντες
1438 4134 1479 4215 τῇ
1499 4128 1593 4195 πόλει.
1606 4148 1626 4185 s

323 4238 381 4298 tale
404 4247 450 4299 est
470 4246 502 4297 rt
523 4238 633 4317 placet,
656 4239 726 4317 quia
748 4244 779 4296 et
800 4255 855 4315 per
875 4256 978 4297 omnes
993 4256 1135 4317 personas
1151 4238 1294 4300 declinari
1317 4246 1430 4317 potest,
1454 4246 1487 4296 ut
1507 4236 1595 4317 plareo

391 4461 404 4507 1
422 4456 511 4507 Cicero
526 4472 572 4522 pro
589 4452 701 4521 Quintio]
719 4459 759 4521 16,
773 4459 806 4507 63
875 4456 1010 4507 concilium
1027 4458 1143 4524 coepisse
1155 4457 1180 4507 B
1247 4454 1335 4523 3sed]
1358 4458 1437 4523 Verp.
1456 4458 1520 4507 Aen.
1538 4458 1555 4504 ll
1569 4456 1595 4503 10

389 4529 406 4575 t
423 4527 545 4575 adeamus
562 4522 653 4591 visere]
676 4526 695 4574 it
711 4528 743 4575 ad
761 4539 817 4574 eam
835 4526 918 4574 uisere
934 4542 992 4579 exo.
1011 4526 1087 4579 Pom:
1108 4526 1209 4576 Τενεπι.
1226 4526 1291 4575 lieo.
1309 4526 1319 4575 l
1337 4526 1363 4587 2,
1379 4528 1428 4575 114
1444 4526 1463 4573 it
1479 4526 1553 4574 risere
1568 4522 1594 4569 ad

322 4610 376 4643 enm
445 4599 504 4645 det
520 4592 629 4659 eantare]
651 4594 824 4658 Verqbucol.
845 4595 903 4654 7,6
972 4596 1029 4643 liu
1047 4594 1190 4644 soaeuolam
1208 4592 1233 4641 B
1300 4590 1427 4657 equidem]
1450 4594 1593 4655 Verqden.

323 4665 394 4713 1619
462 4660 975 4727 8Cicero]inVerr.oct.aer.119,50
1043 4659 1142 4726 Chium]
1161 4661 1255 4711 rrrmB
1323 4662 1523 4712 ittestimonimn
1534 4675 1592 4709 rurr-

322 4732 376 4779 ·nio
393 4730 419 4778 B
488 4732 520 4780 16
536 4745 638 4781 uomere
650 4730 676 4779 B
746 4733 777 4779 17
792 4729 818 4777 'm
837 4746 884 4779 om.
899 4729 931 4787 B,
950 4730 1010 4779 odd.
1029 4732 1069 4781 ed.
1087 4730 1163 4779 Viod.
1235 4730 1264 4779 18
1281 4726 1387 4793 indicat]
1404 4730 1489 4779 indicit
1500 4744 1560 4779 con.
1571 4725 1592 4773 id

322 4798 418 4847 dieitB
485 4802 519 4849 20
530 4795 672 4864 Terentius]
686 4798 799 4849 Eunuclr.
813 4797 834 4846 ll
847 4799 872 4859 ⁸2,
885 4800 919 4848 40
986 4800 1017 4847 21
1035 4794 1093 4863 itur]
1112 4798 1189 4862 Verq.
1203 4798 1268 4849 Aen.
1283 4798 1316 4846 Vl
1331 4799 1379 4847 179
1449 4790 1591 4855 Quantum]

326 4866 404 4930 Verp.
424 4869 489 4919 Aen.
502 4868 537 4916 Vl
549 4868 582 4917 45
649 4869 682 4916 2‘1
694 4876 722 4915 ut
734 4873 807 4931 putat
818 4864 843 4913 B
913 4868 946 4915 29
962 4864 1032 4931 insit]
1043 4868 1115 4915 inurit
1129 4866 1154 4915 B
