3525 5600
664 389 901 453 COMMENTVM
1370 389 1433 455 229

1233 513 1255 555 p.
1269 502 1370 543 aaa—am
1384 500 1408 542 1.

150 583 220 642 cuim
241 579 317 661 apud
341 575 488 658 Staltium,
511 598 579 640 cum
601 566 661 640 sint
683 577 772 639 verba
802 579 997 658 deponentia,
1027 589 1125 643 tamen
1155 582 1287 644 luturum
1315 589 1433 661 tempus

150 686 226 746 etiam
254 685 285 742 in
315 681 370 742 dus
397 683 523 742 mittere.
575 680 646 760 quid
675 683 764 759 ergo?
804 681 937 743 dicemus
965 701 1032 744 eum
1066 668 1274 745 soloecismum
1308 683 1432 744 lecisset

148 785 273 846 dabimus
295 787 323 845 ei
345 785 563 846 excusationes:
599 785 749 844 excusatio
778 785 856 844 enim
885 783 954 844 huic
976 787 1028 846 rei·
1043 785 1137 846 danda
1168 793 1221 846 est.
1266 788 1292 846 si
1314 789 1358 846 vis
1381 785 1432 847 ali-

148 887 211 968 quid
233 886 340 966 eloqui,
363 889 481 968 penitus
501 889 545 947 uti
567 905 627 946 oon
650 885 755 955 debes;
784 887 810 946 si
831 891 930 946 autem
952 888 995 947 vis
1018 906 1146 967 ponere,
1175 886 1282 949 adhibe
1304 888 1432 968 aliquam

129 990 371 1051 rexcusationem.
401 990 530 1069 primum
553 990 742 1069 participium
766 990 830 1049 sine
852 987 936 1049 verbi
958 991 1074 1068 origiue
1090 990 1210 1060 iecisse,
1233 990 1302 1050 ideo
1317 990 1431 1061 iecisse,

148 1094 275 1170 quioniam
300 1088 446 1152 habemus
472 1090 713 1171 usurpandorum
742 1093 968 1172 participiorum
995 1091 1161 1162 licentiam,
1189 1101 1222 1153 ιιι
1250 1092 1377 1153 diximus
1404 1100 1434 1152 et

147 1197 172 1254 in
193 1195 330 1254 'lereutio
355 1191 536 1273 [loquendus
557 1194 748 1274 participium
772 1195 903 1253 estsine
926 1191 1008 1254 verbi
1031 1192 1173 1274 origine}
1219 1212 1291 1272 ergo
1314 1193 1431 1275 quando

148 1297 205 1358 dico
225 1293 402 1376 loquendus,
432 1297 622 1374 participium
653 1297 783 1357 estsine
806 1292 891 1356 verbi
917 1297 1048 1373 arigium
1084 1298 1223 1373 quoniam
1246 1305 1292 1358 est
1312 1296 1432 1358 licentia

147 1397 359 1460 formandorum
387 1401 626 1479 participiorum,
660 1396 730 1458 licet
752 1397 824 1459 mihi
851 1398 982 1459 formare
1011 1398 1199 1478 participium
1232 1400 1298 1460 sine
1329 1399 1430 1460 verbo.

121 1501 244 1562 rodcinde
270 1498 359 1561 illud:
388 1499 505 1580 quando
533 1501 604 1561 lacit
633 1501 821 1580 participium
851 1498 944 1560 loturi
966 1503 1110 1581 temporis
1131 1503 1161 1560 iu
1186 1500 1255 1572 dus,
1284 1504 1343 1562 iam
1371 1521 1431 1563 nou

147 1609 234 1684 potest
254 1601 377 1663 verbum
401 1601 554 1682 deponens
577 1621 658 1672 esse,
683 1600 735 1663 sed
758 1621 931 1672 commune,
959 1610 1000 1672 ut,
1024 1602 1144 1682 quando
1167 1602 1232 1662 dico
1254 1602 1428 1682 loquendus,

148 1724 198 1766 non
219 1707 256 1766 sit
275 1704 383 1784 loquor
405 1711 449 1776 te,
474 1705 526 1766 sed
550 1707 592 1765 sic
615 1706 666 1774 sit,
690 1704 794 1784 loquor
817 1724 833 1766 a
855 1712 895 1764 ιε.
940 1722 1007 1765 cum
1035 1707 1113 1766 enirn
1141 1705 1245 1767 iecerit
1273 1725 1429 1768 commune

147 1807 274 1877 verbum,
309 1809 434 1887 accipiet
462 1815 600 1888 quattuor
633 1808 789 1886 participia
823 1813 852 1866 et
885 1805 943 1866 duo
976 1807 1076 1867 lutura
1108 1808 1229 1888 incipiet
1261 1807 1427 1869 admittere.

148 1911 269 1971 novimus
292 1911 372 1970 enim
394 1927 551 1972 commune
574 1909 697 1971 verbum
720 1927 795 1979 esse,
819 1910 962 1969 criminor
983 1914 1013 1970 ιε
1036 1917 1066 1969 ει
1087 1911 1231 1971 criminor
1253 1917 1323 1970 ate.
1356 1929 1428 1988 orgo

120 2028 207 2074 ocum
228 2011 342 2072 desinet
363 2011 486 2074 verbum
509 2013 664 2092 deponens
685 2029 747 2072 esse
769 2019 798 2072 et
819 2011 870 2070 fiet
892 2028 1063 2081 commune,
1093 2013 1207 2090 agentis
1236 2019 1264 2073 et
1290 2013 1428 2092 patientis

147 2114 377 2193 significationem
406 2113 504 2175 habet.
550 2134 709 2176 commune
732 2131 803 2192 ergo
828 2109 831 2193 l
856 2111 980 2174 verbum
1010 2120 1069 2181 cst,
1100 2113 1178 2194 quod
1202 2121 1231 2172 et
1258 2115 1372 2193 agentis
1398 2122 1428 2174 ει
1438 2127 1528 2187 itta

148 2218 272 2296 patientis
300 2217 543 2294 significationem
573 2215 709 2278 similiter
737 2217 865 2296 prolcrt,
896 2221 928 2275 ut
954 2217 979 2275 si
1007 2214 1087 2276 dicas
1114 2218 1272 2277 criminor:
1306 2236 1375 2278 nam
1397 2225 1427 2279 et

148 2320 276 2379 criminor
304 2317 387 2380 illum
415 2337 534 2398 possum
558 2319 657 2381 dicero
686 2327 715 2379 et
737 2319 879 2380 criminor
902 2315 939 2377 ab
961 2317 1021 2377 illo.
1067 2317 1140 2379 haec
1165 2327 1265 2380 autem
1291 2319 1426 2380 conlusio

148 2421 311 2497 discernitur
340 2419 464 2482 casibus.
515 2440 583 2482 nam
611 2423 636 2482 si
663 2422 768 2499 iungas
795 2421 1008 2490 accusativum,
1042 2421 1156 2498 agentis
1190 2427 1250 2491 est,
1284 2423 1426 2483 criminor

119 2522 234 2592 ειιιιιιιις
256 2525 280 2583 si
302 2525 408 2602 iungas
431 2522 598 2592 ablativum,
621 2524 760 2603 patientis
784 2529 836 2592 est,
860 2523 1004 2583 criminor
1026 2521 1145 2593 abillo,
1169 2541 1226 2583 nec
1248 2521 1343 2584 aliter.

220 2626 293 2686 Sunt
315 2623 413 2706 aliqua
435 2624 526 2686 verba
548 2631 654 2687 neutra
676 2624 720 2685 vel
743 2621 898 2693 neutralia,
921 2625 998 2685 sicut
1019 2624 1161 2695 diximus,
1185 2632 1218 2685 ut
1239 2628 1332 2686 activa
1353 2628 1385 2686 in
1407 2638 1525 2700 olata

149 2735 173 2787 ct
185 2731 239 2809 ipsa
255 2731 403 2790 exeuntia.
435 2726 590 2788 voluerunt
606 2729 684 2788 enim
704 2735 733 2787 et
747 2729 778 2787 ln
794 2725 850 2787 hoc
868 2729 933 2807 ipso
949 2726 1159 2789 discretionem
1174 2728 1282 2798 lacere,
1306 2728 1424 2809 quando

148 2839 187 2891 est
205 2838 347 2902 neutrum,
372 2832 488 2909 quando
512 2829 655 2892 neutrale.
700 2836 839 2891 neutrum
862 2849 972 2891 nomen
995 2827 1096 2891 volunt
1116 2830 1185 2901 dici,
1208 2830 1343 2892 neutrale
1357 2850 1422 2892 ver-

149 2932 206 2993 bum
233 2934 331 2994 roluut
359 2934 427 2996 dici.
471 2942 541 3014 puta
571 2935 595 2993 si
625 2932 705 2995 dicas
733 2934 789 2993 ltoc
818 2952 926 2993 nomen
954 2931 1040 3011 quale
1068 2935 1132 2993 esti
1173 2942 1321 2994 neutrum.
1368 2933 1425 2995 hoc

119 3035 256 3096 :acerbum
288 3036 375 3117 quale
405 3036 466 3097 cst?
510 3034 655 3096 neutrale.
704 3033 756 3095 sed
784 3033 982 3095 adhibuerunt
1010 3036 1097 3095 istam
1130 3035 1326 3097 differentiam
1359 3038 1424 3098 sine

149 3156 224 3199 causa
249 3138 326 3200 nulla
355 3145 473 3200 extante
501 3140 627 3200 ratione.
673 3154 744 3212 ergo
772 3135 861 3197 verba
889 3144 994 3197 neuun
1022 3145 1091 3197 sunt
1111 3155 1188 3218 quae
1209 3139 1241 3197 in
1263 3157 1281 3198 o
1304 3146 1422 3208 exeunt,

150 3246 176 3297 ut
199 3245 239 3300 cst
264 3246 333 3301 nato
362 3242 475 3320 cogito;
510 3246 578 3300 suot
605 3258 679 3319 (puae
701 3240 732 3298 in
759 3240 770 3299 i
798 3246 922 3309 exeunt,
952 3246 985 3299 ut
1012 3238 1061 3299 odi
1088 3241 1156 3299 novi
1179 3242 1316 3311 memini;
1354 3249 1425 3302 suut

149 3342 260 3416 quaein
283 3360 333 3402 um
356 3350 478 3413 exeunt,
509 3350 541 3403 ut
563 3360 626 3402 sum
649 3360 784 3421 prosum;
814 3349 884 3402 sunt
905 3360 982 3421 quae
1008 3342 1040 3401 in
1068 3348 1097 3401 et
1125 3349 1247 3411 exeunt,
1277 3349 1310 3403 ut
1332 3342 1425 3423 pudet

148 3442 240 3503 taedet.
283 3443 336 3505 sed
357 3446 434 3504 scire
457 3443 600 3505 debemus
628 3462 688 3504 non
718 3462 781 3504 esse
808 3443 954 3505 neutralia
976 3444 1059 3504 lirma
1083 3449 1112 3503 ct
1132 3442 1236 3524 plena,
1266 3446 1323 3505 nisi
1348 3464 1423 3524 quae

120 3544 175 3604 nin
195 3563 210 3602 o
231 3554 344 3615 exeunt,
369 3556 401 3607 ut
424 3553 468 3607 est
489 3553 569 3607 nato.
613 3545 662 3607 illa
686 3565 755 3606 vcro
778 3548 906 3626 quaein
928 3548 938 3605 i
961 3553 1079 3615 exeunt,
1101 3553 1134 3606 ut
1159 3539 1218 3617 ddi,
1241 3546 1287 3607 vel
1308 3548 1339 3607 in
1362 3566 1422 3616 our,

150 3654 177 3705 ut
197 3664 317 3724 prosum,
343 3646 388 3709 vel
408 3649 440 3709 in
463 3656 501 3720 et,
525 3657 557 3709 ut
578 3649 684 3729 pudet,
708 3652 761 3708 ista
784 3650 876 3709 activa
900 3647 1075 3709 iudicantur.
1120 3649 1174 3709 ista
1197 3651 1261 3720 tria,
1284 3649 1334 3709 odi
1355 3652 1424 3709 novi

149 3750 268 3819 memini,
291 3752 455 3813 invenimus
477 3751 555 3831 apud
577 3758 713 3813 auctores
739 3751 818 3811 varie
840 3752 945 3830 posita.
990 3749 1048 3810 hoc
1069 3751 1166 3829 ipsum
1189 3752 1311 3811 memini
1337 3753 1423 3812 cuius

148 3853 275 3929 temporis
292 3853 356 3914 esti
386 3852 436 3913 odi
464 3856 531 3914 novi
554 3856 637 3915 cuius
659 3854 803 3932 temporis
826 3851 888 3912 esti
926 3870 961 3911 ex
984 3870 1017 3911 re
1038 3850 1239 3929 intellegimus
1259 3856 1422 3932 praesentis

149 3968 205 4012 esse
224 3957 369 4032 temporis,
394 3973 430 4014 ex
453 3956 567 4015 ratione
582 3954 780 4033 intellegimus
795 3955 948 4035 praeteriti
964 3973 1030 4015 esse
1045 3956 1198 4033 temporis.
1234 3956 1303 4014 ‘odi
1321 3957 1420 4015 illum'
1507 4009 1511 4018 .

123 4057 185 4113 asic
206 4056 278 4125 duo,
314 4074 373 4135 quo
395 4055 484 4129 modo
506 4062 591 4117 ‘amo
613 4056 714 4117 illum’
739 4055 814 4116 dico.
859 4073 926 4115 amo
960 4058 1042 4117 cuius
1068 4058 1211 4136 temporis
1238 4058 1299 4117 esti
1335 4075 1421 4136 prae·

149 4158 237 4217 sentis.
270 4178 337 4220 ecce
359 4161 525 4239 praesentis
549 4168 593 4222 est
614 4155 816 4243 amolinum,
840 4159 889 4219 odi
912 4178 984 4238 ergo
1007 4164 1036 4219 et
1057 4160 1152 4237 ipsum
1175 4160 1340 4239 praesentis
1361 4164 1419 4219 est:

213 4412 303 4479 lnpud
319 4412 438 4482 Statium]
460 4416 494 4480 cf.
512 4416 582 4479 infra
595 4432 621 4479 p.
638 4415 688 4467 368
703 4418 742 4467 ed.
760 4416 835 4465 Lucci.
892 4416 908 4462 ‘2
928 4415 1026 4463 mittere
1043 4416 1231 4465 Lindemomaua
1250 4415 1323 4462 mittit
1335 4413 1422 4463 ABG

211 4483 309 4535 dicimus
327 4487 409 4537 ABG
461 4500 516 4535 eum
535 4502 580 4536 orn.
602 4486 634 4549 A,
649 4488 709 4537 odd.
728 4503 744 4533 a
810 4486 825 4533 7
846 4486 871 4532 in
891 4484 1009 4533 Terentio
1025 4501 1074 4534 non
1089 4486 1250 4549 participium
1268 4485 1420 4547 loquendus,

152 4553 212 4614 quod
221 4556 282 4617 opud
292 4558 355 4606 illurn
369 4572 417 4607 non
430 4558 529 4621 lepitur,
545 4558 591 4607 aed
601 4560 724 4607 licentium
734 4557 922 4620 penultimarum
937 4556 1137 4616 assumendorum
1148 4556 1310 4605 orlnotuuisse
1323 4557 1422 4603 videtur

150 4628 306 4683 marmaricus
356 4633 360 4641 '
387 4628 419 4677 1²
441 4642 491 4676 non
511 4627 543 4676 eit
561 4636 587 4675 ut
606 4628 641 4675 sir
660 4629 690 4675 sit
713 4626 801 4689 loquor
821 4636 843 4673 te
864 4624 902 4688 (et
920 4626 980 4673 aad.
1001 4624 1057 4688 Cn)
1081 4626 1170 4687 loquor
1190 4640 1204 4673 a
1223 4633 1248 4673 te
1268 4624 1353 4673 Arri}

155 4690 218 4741 liet
234 4697 344 4745 criminor
362 4712 377 4745 a
396 4704 419 4745 tr
438 4712 484 4747 ora.
503 4695 543 4761 A,
564 4697 657 4747 addo
746 4696 777 4745 15
798 4712 855 4744 esse
874 4712 921 4747 om.
940 4694 1024 4744 Ano
1109 4696 1140 4744 21
1159 4702 1218 4744 som
1238 4695 1323 4755 aliqua
1343 4696 1420 4743 uerba

155 4771 231 4811 neutra
243 4766 347 4816 diximus
366 4775 394 4815 ut
412 4768 495 4816 aetina
510 4768 534 4815 in
555 4786 569 4815 o
589 4775 613 4815 et
632 4767 687 4830 ipsa
706 4766 746 4813 uel
766 4767 889 4815 neutralia
905 4765 1039 4817 rtoluerunt
1057 4765 1140 4814 ABG
1208 4766 1242 4814 22
1260 4764 1308 4813 hoc
1322 4781 1367 4816 om.
1386 4765 1419 4827 A,

154 4830 207 4947 1¹46}
210 4849 235 4950 Ga
296 4834 327 4887 32
346 4838 418 4886 cuius
436 4838 557 4901 temporis
577 4846 614 4886 est
632 4840 774 4901 posteriore
797 4838 849 4885 loco
872 4852 919 4889 om,
939 4837 962 4884 A
1033 4832 1067 4885 31
1089 4833 1131 4885 odi
1154 4834 1225 4885 illum
1242 4836 1280 4884 sic
1298 4836 1355 4885 dico
1372 4850 1418 4887 om.
