3525 5600
640 387 711 447 tus
740 385 766 446 ll
790 388 923 446 16-23
1362 379 1423 442 421

169 511 187 552 p.
201 500 258 538 troo.
272 499 296 538 or
311 495 334 537 n.
1244 500 1265 542 p.
1279 491 1324 529 sss.
1338 490 1364 528 aa
1377 488 1401 530 ι.

148 579 255 638 caricis.
287 580 312 636 si
335 578 395 636 sint
411 575 589 644 accidentia,
614 576 709 634 onmis
732 575 851 650 generis
873 577 943 632 sunt
966 569 1040 631 nihil
1062 569 1292 646 adeclinationc
1314 568 1426 628 diserc-

148 681 253 758 pantia:
284 697 351 738 nam
380 685 448 738 sunt
478 678 582 736 tertiae
612 675 835 744 declinationis,
866 681 899 734 ut
926 674 973 733 hic
1003 680 1031 730 ct
1062 670 1135 730 haec
1162 676 1192 730 et
1220 671 1274 730 boc
1302 669 1427 750 simplex

148 779 245 859 duplex
277 781 383 840 artifex
413 781 511 858 opilex
541 779 672 845 aurilox,
702 785 733 836 ct
754 779 850 836 omnia
881 779 911 836 in
933 776 1066 852 genitivo
1088 780 1118 833 et
1140 774 1249 832 ceteris
1271 772 1428 853 casibuse

149 883 270 942 litteram
287 883 316 940 iu
333 883 342 939 i
366 889 551 940 comertunt.
583 899 672 940 unum
690 881 840 957 reperitur
856 877 1012 938 masculini
1028 877 1148 952 genueris
1163 875 1241 955 quod
1257 893 1273 933 e
1288 873 1428 954 produci-t

128 987 174 1042 oin
188 982 471 1069 obliquis'l'asibus
497 982 545 1042 hic
567 1000 673 1042 rcrucx
691 983 832 1040 veruccis.
863 982 893 1038 ix
916 977 1027 1060 syllaba
1050 980 1249 1038 terminantur
1272 975 1428 1037 masculini

148 1087 259 1162 generis
286 1084 374 1154 haec,
405 1085 452 1146 hic
480 1085 555 1144 calix
584 1083 701 1152 calicis,
731 1082 779 1142 hic
812 1084 911 1142 lornix
946 1081 1084 1148 fornicis,
1117 1079 1167 1138 hic
1195 1080 1276 1139 varix
1305 1077 1428 1144 raricls;

149 1189 282 1248 leminina
315 1187 403 1258 haec,
440 1186 512 1246 hacc
540 1186 628 1253 salix,
658 1185 731 1244 hacc
760 1184 835 1256 ttttx,
870 1183 943 1242 haec
976 1183 1075 1251 mclix,
1103 1181 1177 1241 haec
1211 1181 1328 1249 ccccix,
1355 1179 1429 1237 haec

149 1292 262 1360 tutatrix,
297 1289 369 1348 haec
404 1291 527 1356 cornix,
570 1288 643 1347 hacc
676 1287 755 1346 loclix
790 1284 960 1364 [obstetrix.
984 1281 1182 1362 obstetricis}
1228 1302 1263 1342 ex
1296 1282 1345 1341 his
1376 1299 1429 1361 po-

148 1393 266 1450 steriora
290 1392 420 1469 quinque
443 1393 453 1449 i
475 1389 643 1468 producunt
666 1391 696 1448 in
719 1388 849 1467 obliquis
872 1387 1008 1460 casibus,
1038 1385 1204 1460 accidentia
1227 1386 1318 1444 trium
1339 1401 1429 1466 gene-

119 1511 208 1552 nrum
231 1501 310 1562 sunt,
334 1501 367 1552 ut
389 1493 438 1552 hic
461 1499 492 1552 et
514 1493 584 1554 hacc
609 1499 641 1563 et
660 1491 716 1550 boc
738 1489 808 1550 lelix
831 1489 940 1560 lelicis,
963 1473 1012 1549 hic
1035 1494 1066 1548 et
1088 1474 1161 1547 haec
1183 1494 1212 1546 et
1235 1487 1290 1546 hoc
1312 1486 1429 1566 pernix.

148 1599 174 1656 in
195 1594 318 1654 eandem
341 1593 482 1674 syllabam
505 1595 685 1673 praepositis
708 1593 954 1661 consonantibus,
977 1608 1103 1671 quarum
1118 1591 1202 1668 prior
1223 1595 1315 1656 muta,
1338 1587 1431 1648 altera

111 1709 117 1724 ·
147 1696 254 1776 liquida
283 1703 344 1764 est,
373 1697 490 1756 nomina
520 1697 656 1755 lentinini
692 1697 812 1772 generis
840 1695 998 1763 clcsinunt,
1031 1711 1105 1772 quae
1134 1711 1150 1751 a
1179 1691 1351 1752 masculinis
1384 1696 1431 1748 tor

148 1798 256 1878 syllaba
278 1799 372 1858 linitis
394 1804 424 1857 et
446 1817 462 1858 a
486 1797 578 1857 verbo
601 1796 793 1858 venientibus
815 1798 997 1874 ligurantur,
1021 1802 1053 1854 ut
1075 1795 1123 1854 hic
1145 1796 1263 1872 genitor
1285 1788 1358 1852 haec
1381 1786 1430 1874 ge}

149 1902 258 1968 natrix,
282 1900 331 1960 hic
355 1907 475 1959 venator
498 1899 571 1959 hacc
595 1900 744 1970 veinatriu,
769 1900 816 1959 hic
840 1899 967 1959 bellator
990 1898 1063 1958 hacc
1086 1897 1237 1966 bellatrix,
1266 1897 1315 1956 hic
1338 1896 1432 1953 victor

117 2003 213 2062 nbaec
237 2003 354 2062 victrix.
400 2020 490 2063 unum
514 2002 617 2062 eadem
640 2001 770 2062 clausula
792 2003 971 2062 terminatur
992 2001 1114 2077 generis
1135 1999 1302 2068 masculini,
1325 2015 1433 2078 nomen
1464 2042 1469 2057 .

149 2105 291 2183 serpentis
319 2103 395 2183 apud
425 2103 576 2164 Lucanum
607 2103 730 2172 lectum,
762 2107 818 2170 ‘et
847 2105 973 2176 natrix
1001 2103 1164 2163 violator
1192 2104 1341 2180 aquae’3
1375 2099 1433 2179 cluo

148 2208 294 2274 feminini,
325 2225 400 2284 quae
432 2227 448 2266 a
476 2206 648 2267 masculinis
677 2225 735 2264 non
748 2202 895 2274 ueniunt,
926 2205 999 2265 lraec
1021 2207 1179 2274 meretrix,
1203 2203 1276 2264 haec
1298 2203 1432 2281 cicatrix.

149 2309 240 2368 onmia
265 2303 277 2388 ll
302 2315 401 2368 mmcn
424 2307 642 2388 proculdubio
665 2309 771 2368 tertiae
794 2315 862 2368 sunt
883 2307 1099 2368 declinationis.
1123 2303 1131 2388 Ι
1159 2325 1196 2366 ox
1217 2303 1329 2384 syllaba
1351 2303 1434 2363 linita

149 2412 276 2490 exceptis
292 2409 502 2489 monosyllabis
517 2412 615 2470 omnia
632 2410 797 2472 accidentia
813 2419 884 2472 sunt
898 2412 1018 2488 generis
1033 2411 1139 2479 omnis,
1157 2417 1189 2469 ut
1203 2407 1253 2468 hic
1269 2413 1299 2466 ct
1313 2406 1388 2466 haec
1404 2410 1434 2465 et

117 2513 198 2573 ahor
227 2512 311 2572 lecox
339 2519 422 2572 atrox
451 2511 545 2572 velox.
590 2513 641 2573 sed
671 2514 751 2574 iuxta
780 2515 927 2575 rationein
955 2513 1074 2591 saepius
1104 2511 1335 2571 demonstratam
1362 2508 1434 2588 baec

149 2633 259 2694 quoque
284 2614 417 2674 eiusdem
445 2613 651 2674 declinationis
679 2615 796 2692 legibus
823 2614 989 2676 subiacent.
1035 2632 1126 2674 unum
1147 2613 1285 2673 lerninini
1314 2612 1434 2689 generis

149 2716 199 2776 bac
233 2717 421 2777 extremitate
455 2716 564 2776 lectum
595 2717 671 2796 aprnl
705 2717 842 2779 Plautum
865 2725 923 2788 est,
957 2716 1030 2777 haec
1059 2717 1157 2787 celox,
1192 2714 1271 2794 quod
1298 2713 1436 2791 scapham

149 2820 292 2896 significat
322 2816 446 2898 [naris].
493 2838 530 2879 ux
559 2820 670 2899 syllaba
699 2823 877 2882 terminatur
906 2838 997 2881 unum
1026 2818 1183 2881 masculini
1212 2818 1334 2896 generis
1366 2834 1435 2895 pro-

150 2924 258 2999 prium,
283 2920 333 2981 hic
355 2917 459 2981 Pollux
482 2921 622 2983 Pollucis
668 2922 866 3002 monosyllaba
896 2925 983 2983 cuius
1003 2924 1063 2983 sint
1083 2923 1221 3000 generis,
1250 2920 1436 2995 delinivimus

117 3042 138 3079 so
152 3021 306 3101 [lerninina
322 3023 523 3103 monosyllaba
539 3023 588 3085 lux
604 3042 662 3085 nux
679 3024 778 3105 crux].
806 3025 929 3105 quidam
943 3026 1107 3086 communis
1122 3026 1242 3103 generis
1257 3024 1312 3083 hac
1326 3020 1436 3101 syllaba

148 3126 258 3186 linitum
282 3133 420 3186 asserunt
442 3126 491 3186 bic
514 3134 544 3185 ct
566 3126 639 3187 haec
662 3130 784 3197 coniux,
807 3130 859 3207 qui
882 3130 1095 3189 nominativum
1115 3128 1181 3186 sine
1204 3143 1223 3185 n
1245 3126 1346 3187 littera
1367 3143 1435 3204 pro·

149 3229 219 3288 lcrri
242 3228 360 3296 volunt,
384 3230 453 3308 quia
474 3230 505 3287 in
526 3230 657 3305 genitivo
680 3238 710 3289 et
732 3230 799 3291 aliis
820 3229 941 3291 casibus
962 3230 1066 3291 eadem
1088 3230 1186 3290 littera
1208 3247 1267 3289 non
1290 3234 1435 3289 servatur.

230 3328 254 3389 'l'
282 3330 381 3389 httera
408 3335 488 3391 muta
517 3348 608 3391 unum
638 3350 746 3393 nomen
775 3334 953 3393 terminatur
980 3334 1100 3410 generis
1127 3334 1242 3400 neutri,
1271 3331 1327 3390 hoc
1349 3337 1437 3409 caput

150 3432 270 3511 capitis,
295 3439 421 3511 atquae
445 3452 480 3493 ex
504 3451 540 3493 eo
556 3442 787 3513 componuntur,
810 3437 931 3514 occiput
950 3437 1096 3515 occipitia,
1120 3436 1251 3514 sinciput
1272 3434 1436 3512 sincipitis:

118 3533 268 3593 sol'ersius
291 3536 346 3593 ‘et
368 3535 461 3593 lissa
484 3534 665 3609 lurnpsum
688 3538 858 3617 sinciput
880 3541 998 3598 aure'.

216 3736 234 3788 6
252 3739 279 3787 ix
298 3737 397 3802 syllaba
415 3738 492 3788 Char.
512 3738 553 3803 29,
573 3738 614 3790 23.
637 3742 680 3801 44,
696 3741 722 3793 3,
743 3740 786 3802 91,
808 3742 850 3795 22.
870 3757 929 3791 ecc.
944 3743 1020 3793 Char.
1039 3743 1101 3801 542,
1114 3741 1150 3792 38
1238 3740 1271 3793 19
1290 3756 1323 3791 ox
1339 3740 1439 3807 syllaba

152 3806 224 3860 Char.
244 3806 286 3868 92,
307 3808 347 3859 17.
373 3824 430 3860 ecc.
451 3808 525 3859 Char.
544 3810 609 3873 aas,
629 3811 642 3862 l
728 3810 762 3861 23
786 3826 820 3859 ux
838 3812 936 3875 syllaba
953 3813 1029 3864 Char.
1048 3810 1092 3875 30,
1108 3811 1152 3863 21.
1170 3810 1219 3875 87,
1238 3812 1263 3863 8.
1284 3826 1342 3861 ecc.
1361 3809 1437 3861 Char.

152 3878 209 3937 544,
225 3878 259 3929 10
328 3876 362 3927 29
381 3887 390 3928 t
405 3878 486 3927 littera
505 3880 580 3931 Char.
595 3880 637 3943 30,
650 3880 684 3932 20

219 4050 236 4100 3
252 4060 276 4099 et
290 4051 374 4101 onmia
393 4066 457 4114 quae
476 4052 500 4100 iu
515 4053 630 4117 genitias
645 4052 671 4101 F
738 4051 831 4101 ihsec
849 4052 906 4103 fllix
921 4068 938 4111 ς
952 4054 1016 4104 haec
1032 4054 1095 4104 lclix
1112 4054 1144 4115 F,
1163 4070 1209 4107 om.
1228 4050 1253 4102 P
1320 4052 1337 4103 8
1355 4052 1437 4102 obste-

153 4122 199 4170 trix
216 4120 359 4171 obstetricis
373 4136 418 4170 orn,
437 4122 481 4176 rs
552 4122 699 4186 llquinquc
715 4122 844 4172 Putccltt'us
857 4134 975 4186 quattuor
992 4125 1045 4188 cc,
1065 4126 1158 4175 om.P
1227 4124 1260 4176 12
1277 4125 1394 4173 desinunt
1413 4123 1438 4171 in

153 4192 176 4239 ix
190 4205 256 4251 quae
268 4191 313 4247 Fe
396 4189 428 4242 13
448 4190 487 4240 hic
510 4194 610 4258 genitor
629 4193 691 4241 hacc
708 4192 820 4257 genitrix
839 4193 944 4243 bellator
962 4205 1068 4244 uertator
1087 4194 1205 4244 bellatrix
1222 4193 1264 4243 hic
1278 4195 1359 4243 uictor
1375 4191 1439 4241 haee

154 4260 244 4309 uictrix
262 4260 324 4311 baec
343 4263 459 4311 uenatrix
479 4276 555 4311 uuum
576 4262 599 4311 P
669 4261 700 4311 lb
719 4262 786 4327 apud
804 4262 924 4313 lucanum
943 4263 1035 4314 lectum
1052 4266 1067 4312 c
1086 4274 1113 4313 ut
1132 4266 1216 4314 natrix
1235 4263 1260 4312 F
1272 4263 1342 4328 apud
1357 4260 1439 4312 Luca·

154 4344 209 4379 num
228 4330 291 4381 libro
310 4330 368 4379 Vlll
388 4331 479 4381 lectum
499 4340 536 4381 est
554 4340 578 4381 et
597 4332 680 4382 natrix
698 4330 850 4381 Paracletus:
868 4334 967 4387 Lucum.
981 4335 1102 4388 Pharsul.
1120 4334 1190 4384 Vllll
1210 4332 1262 4383 720
1332 4332 1439 4381 violator

153 4398 243 4465 aquae]
263 4400 371 4450 uiolatur
385 4416 451 4463 quae
469 4402 494 4449 ll'
562 4401 594 4453 lu
614 4404 695 4452 omnis
714 4402 760 4451 secl
781 4402 852 4450 iuxta
870 4405 994 4453 rationem
1014 4405 1116 4468 saepius
1135 4404 1267 4470 (superius
1285 4402 1315 4466 ς)
1334 4403 1439 4451 demon

155 4480 255 4519 stratam
275 4478 300 4519 nt
318 4470 359 4519 hic
377 4481 401 4519 et
419 4472 482 4521 haec
501 4481 525 4521 et
544 4471 592 4521 boc
610 4472 682 4523 lerox
702 4478 775 4520 atrox
795 4472 870 4521 uelox
887 4472 950 4521 hacc
968 4488 1069 4537 quoquc
1082 4473 1159 4529 erg
1244 4475 1278 4524 22
1290 4472 1339 4521 hac
1355 4481 1439 4521 extre-

154 4542 272 4596 mitates
293 4540 358 4591 haec
375 4543 531 4591 extremitate
550 4544 604 4593 PF
671 4550 709 4591 est
726 4557 772 4593 om.
790 4541 816 4590 P
883 4543 917 4594 23
934 4543 1057 4607 scapham
1076 4546 1150 4593 nauis
1172 4543 1347 4609 signiflcstp:
1367 4542 1439 4591 uaris

154 4624 195 4659 orn
211 4624 228 4665 ς
297 4612 330 4663 24
349 4612 422 4661 culus
439 4620 497 4663 sunt
513 4612 615 4677 generis
634 4610 769 4661 delinimus
785 4612 893 4661 Penius
910 4622 970 4664 sunt
987 4628 1081 4679 genera
1095 4614 1245 4665 definiemus
1257 4614 1284 4663 F
1297 4613 1439 4661 cuiuscum-

155 4682 383 4747 quesintgeneria
402 4680 604 4737 dilliniuimusc
686 4682 721 4733 25
739 4681 990 4732 feminina—crux
1008 4698 1053 4738 om.
1073 4684 1099 4733 P
1181 4683 1216 4734 29
1234 4692 1259 4733 et
1277 4696 1438 4747 quaeexeo
1515 4704 1521 4711 ·

155 4759 336 4815 componuntur
349 4766 365 4806 ς
382 4760 407 4803 et
420 4752 489 4813 quod
501 4768 533 4801 ex
546 4766 575 4802 eo
589 4760 775 4817 componuntur
786 4754 825 4801 P:
844 4762 868 4801 et
880 4754 949 4816 quod
965 4768 999 4803 ex
1010 4768 1040 4803 eo
1058 4753 1219 4819 componitur
1233 4754 1355 4817 sinciput.
1368 4750 1437 4803 mm,

155 4821 264 4884 occiput.
283 4822 397 4886 accipitis
414 4823 524 4887 sinciput
543 4822 666 4887 sincipitis
684 4822 708 4871 F
774 4820 809 4873 30
826 4822 930 4873 Persius
948 4832 1031 4886 satyra
1046 4833 1118 4873 sexta
1132 4824 1277 4876 Punctum:
1290 4825 1367 4875 Pers.
1386 4828 1438 4876 act.

154 4887 179 4949 a,
198 4888 232 4939 70
301 4900 324 4941 ct
342 4890 401 4941 lissa
419 4890 545 4945 lomosum
560 4890 770 4957 (formansuntlh
786 4894 898 4957 sinciput
915 4892 1011 4960 siciput
1027 4908 1089 4944 aure
1106 4894 1132 4945 F
1201 4894 1361 4961 sincupntl'
