3525 5600
350 393 413 458 436
917 397 1066 460 Pllthdll

376 514 396 554 p.
410 503 454 544 146.
468 500 528 544 tob.
1442 519 1464 560 p.
1478 509 1599 550 casaur.

350 582 436 644 aliter
458 583 599 645 declinari
621 591 754 663 possunt.
799 584 851 645 sed
874 587 971 646 omitia
995 593 1054 646 tam
1077 589 1108 647 in
1136 587 1236 648 luturo
1257 588 1426 667 imperativi
1447 589 1524 649 modi
1544 609 1617 668 quan

348 687 499 756 iutiuitivi,
529 703 584 746 nec
612 703 670 746 non
699 686 788 747 etiam
810 687 936 764 gerundi
958 687 1004 748 vel
1025 688 1262 769 participialibus
1283 697 1314 750 et
1335 691 1503 770 participiis
1523 693 1618 752 utrius

349 807 405 868 qne
428 789 570 867 temporis
592 787 742 849 deliciunt.

431 889 581 951 Deiectiva
603 891 633 950 iu
656 892 749 952 modis
771 899 840 952 sunt
859 892 949 953 baec:
972 911 1092 973 quaeso,
1114 894 1193 980 quud
1215 895 1340 973 primam
1364 911 1521 974 personam
1541 895 1617 956 babet

347 991 506 1053 indicativo
528 993 615 1054 modo
638 993 806 1064 dumtaxat,
830 995 901 1054 licet
923 1014 1066 1074 quaesere
1088 995 1198 1056 lectum
1220 997 1258 1057 sit
1279 998 1357 1076 apud
1380 995 1547 1058 Sallustium
1567 992 1572 1079 Ι
1592 1007 1637 1058 ets

347 1091 490 1155 Tullium:
521 1101 602 1164 ovat,
631 1097 711 1166 infit;
740 1097 812 1160 baec
841 1115 959 1176 quoque
986 1099 1106 1158 tertiam
1128 1116 1285 1178 porsonam
1308 1097 1420 1160 babent
1446 1098 1549 1168 solam;
1574 1101 1617 1159 sed

346 1203 413 1256 ovat
440 1197 629 1276 participium
657 1199 728 1259 lacit
760 1200 926 1277 praesentis
958 1201 1114 1279 temporis,
1148 1219 1253 1270 ovans,
1282 1219 1349 1261 cum
1378 1201 1410 1261 in
1437 1201 1616 1262 declinatione

346 1298 430 1358 verbi
454 1298 579 1359 deficiat.
610 1299 748 1360 similiter
770 1300 861 1360 ausim
886 1307 916 1361 et
938 1301 1032 1362 duint.
1068 1304 1189 1382 inquam
1213 1305 1244 1364 in
1266 1304 1361 1382 prima
1383 1321 1509 1382 persona
1528 1310 1617 1364 contra

346 1417 458 1460 morem
481 1402 611 1462 omnium
634 1403 785 1480 profertur
808 1409 838 1462 et
860 1410 1019 1483 unumque
1042 1421 1200 1465 numerum
1220 1404 1301 1464 modi
1323 1404 1472 1465 indicativi
1492 1408 1618 1485 temporis

345 1505 511 1581 praesentis
534 1509 564 1562 et
585 1504 752 1582 imperativi
774 1523 930 1566 numerum
954 1505 1134 1584 singularem
1157 1505 1261 1566 babet:
1285 1524 1354 1566 nam
1374 1507 1463 1585 inque
1484 1507 1554 1584 apud
1568 1506 1645 1567 'le-u

346 1605 475 1664 rentium
499 1604 607 1666 lectum
630 1613 686 1666 est.
718 1607 764 1668 aio
779 1625 922 1686 praesens
936 1615 968 1668 et
981 1609 1174 1687 praeteritum
1189 1609 1387 1687 inperfectvuu
1402 1607 1493 1668 babet
1506 1615 1617 1668 tautum

345 1707 412 1766 laxo
441 1708 574 1768 futurum
602 1715 718 1788 tempus
746 1715 861 1771 tautum
889 1711 950 1780 vel,
977 1717 1011 1770 ut
1033 1708 1098 1779 alii,
1120 1711 1332 1789 promissivum
1354 1710 1473 1770 modum
1494 1711 1617 1771 ostendit

345 1807 440 1878 salve,
474 1810 639 1889 imperativi
672 1811 751 1871 modi
784 1812 922 1897 secunda¹
945 1829 1072 1890 persona
1105 1812 1136 1872 in
1163 1820 1290 1892 utruque
1317 1831 1442 1873 numero
1455 1812 1540 1872 'lecta
1568 1821 1617 1881 cst

279 1979 284 1990 Ι
345 1911 424 1972 salve
447 1911 564 1981 salvete,
589 1920 619 1972 et
641 1913 745 1973 infiniti
767 1914 847 1974 modi
868 1921 987 1994 tempus
1007 1931 1159 1994 praesens,
1181 1913 1305 1974 salvere.
1329 1914 1402 1974 cedo
1424 1921 1455 1974 et
1476 1933 1525 1975 ave
1545 1917 1617 1975 simi·
1722 1932 1723 1935 ’

345 2011 412 2073 liter
435 2013 602 2093 imperativi
625 2013 702 2075 modi
725 2016 885 2076 secundam
906 2033 1065 2095 porsonam
1086 2015 1199 2076 babent
1219 2018 1336 2076 numeri
1359 2015 1525 2093 singvdaris.
1552 2017 1645 2078 cedou

346 2116 436 2176 etiam
459 2117 576 2177 numeri
598 2115 723 2194 pluralis
744 2117 852 2178 lectum
876 2124 921 2177 est
942 2117 1020 2196 apud
1042 2117 1194 2187 Plautum,
1218 2125 1306 2178 cette.

429 2216 461 2277 ln
484 2216 742 2295 coniugationibus
764 2226 794 2279 et
815 2221 978 2299 praeterito
995 2219 1136 2280 deficiunt
1156 2219 1245 2280 baec:
1268 2220 1333 2280 lero
1355 2221 1418 2280 iers
1438 2222 1617 2300 praeteritam

344 2319 416 2379 lacit
438 2317 507 2388 tuli,
532 2337 597 2379 sum
619 2338 651 2380 es
674 2321 733 2391 lui,
762 2321 839 2382 lario
866 2323 941 2384 ieris
968 2324 1118 2402 percussi,
1142 2320 1213 2381 tollo
1234 2320 1316 2382 tollis
1338 2322 1446 2382 sustuli
1468 2323 1549 2392 iacit,
1570 2323 1617 2383 edo

344 2437 377 2479 es
399 2419 463 2480 edi:
486 2419 542 2480 hoc
565 2421 671 2482 intiniti
696 2423 774 2484 modi
797 2443 940 2503 praesens
962 2431 1080 2505 tompus
1102 2443 1162 2484 non
1183 2425 1214 2484 in
1236 2441 1270 2483 re
1292 2421 1450 2502 syllabam,
1473 2425 1572 2484 sedin
1590 2443 1617 2484 sc

345 2528 447 2582 contra
475 2541 587 2582 morem
616 2526 746 2585 omnium
776 2527 882 2597 mittit;
912 2544 975 2586 esse
1004 2528 1085 2586 enisu
1113 2524 1271 2586 dicendum
1300 2532 1359 2585 est:
1383 2524 1448 2586 volo
1471 2529 1514 2586 vis
1533 2526 1648 2587 volui:u

343 2622 399 2682 boc
421 2643 538 2704 quoque
566 2626 698 2691 incertae
726 2633 772 2686 est
801 2627 1018 2704 coniugatiuuis
1047 2635 1077 2688 ct
1104 2629 1136 2688 in
1159 2627 1259 2687 loturo
1280 2627 1448 2706 imperativi
1471 2635 1501 2688 et
1520 2628 1619 2688 infiniti

344 2725 424 2785 modi
452 2725 553 2786 delicit
580 2733 610 2786 ct
637 2730 667 2788 in
696 2729 824 2806 gerundi
850 2729 897 2789 vel
925 2729 1171 2810 participialibus,
1200 2746 1277 2809 quae
1305 2731 1411 2809 supina
1440 2727 1489 2790 alii
1512 2729 1618 2789 dicunt:

343 2834 423 2888 meto
445 2846 571 2889 messem
595 2830 669 2901 leoi;
692 2849 760 2891 uam
784 2830 870 2891 aliter
891 2832 1022 2911 prolerri
1045 2850 1103 2893 uon
1126 2838 1232 2911 potest.
1265 2830 1361 2911 polleo
1384 2833 1470 2901 sisto,
1494 2832 1621 2891 similiter

344 2936 374 2989 et
395 2929 487 3007 glisco
515 2931 591 2991 turio
614 2940 645 2993 et
666 2935 766 3012 quatio
800 2933 913 2994 nullum
941 2933 1053 2995 babent
1079 2935 1284 3012 praeteritum.
1334 2934 1507 2994 memineris
1532 2942 1621 2993 tamen

343 3032 529 3093 inchoativae
551 3034 663 3094 lormae
686 3033 775 3095 verba
798 3037 828 3095 in
851 3037 1013 3115 praeterito
1035 3037 1168 3115 perlecto
1191 3034 1329 3096 deiicere.
1631 3054 1652 3095 e

429 3130 444 3217 Η
463 3133 634 3215 Participiis
663 3144 766 3197 carent
792 3135 883 3197 verba
912 3136 968 3197 alia
995 3138 1161 3217 praesentis
1187 3138 1346 3216 temporis,
1369 3136 1425 3197 alia
1446 3138 1553 3204 luturi,
1575 3136 1624 3196 alia

343 3236 510 3316 nutuque.
554 3236 583 3297 in
611 3241 762 3317 praesenti
788 3240 890 3318 itaque
918 3238 1018 3299 deficit
1045 3257 1112 3299 snm
1133 3246 1163 3297 et
1184 3256 1260 3318 quae
1282 3256 1318 3298 ex
1340 3257 1376 3299 eo
1398 3239 1524 3299 adiectis
1545 3257 1623 3318 prae·

343 3334 542 3417 positionibus
557 3348 773 3417 componuntur
794 3347 917 3419 praeter
939 3340 1011 3409 duo,
1035 3340 1145 3401 absens
1166 3348 1197 3400 et
1218 3358 1370 3420 praesens,
1393 3357 1470 3420 quae
1493 3358 1509 3399 a
1531 3340 1624 3399 verbis
1724 3390 1725 3405 2

429 3556 461 3609 13
479 3559 548 3609 salve
568 3558 644 3609 Obar-
664 3560 725 3623 264,
744 3561 776 3612 18
863 3562 895 3614 17
917 3563 943 3611 in
966 3560 1188 3625 coniugationibus
1205 3558 1281 3614 mar.
1300 3560 1360 3624 249,
1377 3561 1404 3613 8.
1422 3562 1484 3622 251,
1503 3562 1530 3611 7.
1548 3562 1623 3612 ntea.

342 3626 438 3690 380,ss
527 3628 561 3677 20
579 3628 635 3679 volo
655 3628 729 3681 ota.
746 3628 806 3695 239,
822 3630 857 3682 28
942 3630 976 3682 26
997 3629 1140 3697 participiis
1162 3640 1249 3681 carent
1266 3630 1346 3680 mons.
1365 3630 1431 3692 381,
1453 3631 1466 3682 1
1556 3634 1588 3682 27
1602 3632 1626 3680 in

342 3696 563 3764 praesentitibus.
583 3697 643 3763 260,
662 3699 696 3749 24
1332 3720 1336 3727 ·

412 3904 426 3955 l
446 3904 513 3954 modi
528 3920 574 3956 ors.
593 3905 619 3954 P
667 3906 684 3955 4
702 3919 795 3969 quaeso
812 3903 841 3969 ds
860 3904 929 3967 qnod
944 3906 1052 3973 primam
1070 3920 1206 3971 personam
1223 3904 1301 3955 babet
1315 3906 1339 3954 in
1356 3904 1482 3970 singulari
1500 3912 1527 3954 et
1541 3904 1627 3969 plurali

343 3972 474 4024 iudicarint
489 3974 558 4023 modi
573 3974 738 4041 dumtaxatp
785 3974 984 4026 bindicatiuum
1002 3975 1105 4026 modum
1124 3974 1149 4023 P
1199 3990 1293 4038 quaese
1309 3973 1421 4024 relictum
1439 3976 1516 4025 aitF
1564 3974 1628 4040 apud

342 4040 503 4109 Sallustium]
517 4043 551 4107 os.
571 4043 677 4109 Futpcb.
691 4058 717 4107 p.
731 4043 800 4096 2184
852 4055 877 4093 et
890 4045 999 4095 Tullium
1015 4060 1062 4096 om.
1072 4060 1099 4110 p.
1113 4044 1240 4095 creamus
1253 4048 1390 4107 mensarum
1405 4047 1442 4095 ad
1458 4046 1539 4095 Aret.
1556 4061 1578 4093 a.
1599 4045 1628 4096 18

341 4114 427 4163 retulit
439 4114 622 4165 Lindemonmse
631 4122 735 4166 anctore
745 4116 897 4165 Forcellim'o
907 4133 930 4165 υ.
947 4130 1042 4179 quaeso
1094 4113 1112 4164 6
1122 4124 1197 4165 onest
1208 4114 1261 4164 iuiit
1273 4114 1299 4163 P
1347 4114 1364 4165 8
1382 4114 1502 4165 similiter
1513 4115 1592 4164 ausim
1607 4123 1629 4161 et

341 4184 413 4233 duint
432 4184 534 4247 iuquam
553 4184 606 4234 PF
621 4184 737 4234 similiter
753 4185 835 4234 susim
856 4185 959 4248 inquam
976 4186 1014 4249 sp
1035 4184 1150 4235 similiter
1171 4185 1254 4234 ausim
1272 4193 1298 4233 et
1317 4184 1438 4251 perdiunt
1457 4199 1509 4249 pro
1526 4182 1628 4249 perduras

342 4253 428 4303 dicunt
447 4254 588 4315 utinquam
608 4269 625 4311 ς
643 4252 759 4304 similiter
777 4256 858 4304 ausim
877 4254 1035 4320 etperduim
1052 4255 1156 4318 inquam
1173 4254 1306 4305 Putscltiue
1359 4256 1385 4303 iu
1402 4270 1448 4307 ora.
1467 4254 1494 4303 F
1544 4252 1628 4318 lipre-

341 4320 457 4372 laruntur
475 4331 607 4387 utrumqne
625 4324 651 4373 F
732 4323 765 4373 10
783 4324 850 4388 apud
868 4322 1024 4389 Terentium]
1049 4323 1152 4377 riom.
1172 4324 1194 4371 V
1213 4325 1239 4385 6,
1259 4323 1300 4383 26,
1317 4338 1366 4386 qao
1384 4326 1504 4385 amplo
1522 4338 1581 4373 usas
1595 4328 1630 4372 est

343 4392 490 4443 Priscimraa
506 4396 524 4443 l.
543 4392 563 4443 X
583 4392 871 4459 procurrentem
887 4396 937 4447 tias.
959 4394 1049 4459 11117,
1071 4393 1083 4444 1
1156 4392 1281 4445 libabat
1303 4407 1351 4443 om.
1369 4394 1395 4441 F
1463 4392 1498 4445 13
1512 4392 1582 4443 salve
1598 4416 1628 4426 -

341 4462 407 4511 lectu
424 4469 463 4511 est
478 4477 525 4513 om.
546 4462 572 4512 F
653 4463 742 4513 lectum
762 4474 801 4513 est
818 4463 890 4513 salue
907 4464 1004 4513 saincte
1021 4479 1037 4529 p
1056 4464 1120 4513 lecta
1138 4471 1177 4513 est
1194 4462 1291 4513 saluete
1308 4462 1335 4511 P
1421 4463 1454 4512 14
1474 4464 1591 4512 similiter
1607 4470 1629 4511 et

341 4532 484 4597 imperatiui
501 4532 568 4582 modi
587 4534 612 4582 P
629 4532 744 4583 similiter
762 4541 787 4582 et
804 4527 1011 4599 imperatiuusF
1066 4533 1099 4583 13
1116 4534 1229 4583 numeris
1245 4532 1384 4598 singularis
1398 4531 1425 4579 P
1488 4532 1520 4586 16
1540 4544 1627 4583 rectum

341 4611 380 4651 est
397 4600 422 4649 P
490 4599 565 4668 cette]
587 4609 640 4653 cete
661 4602 795 4652 PaetetF
810 4603 922 4668 ceditep
939 4603 1022 4654 cedite
1041 4602 1101 4652 milvi
1118 4617 1164 4670 pro
1183 4602 1261 4652 dicite
1279 4616 1312 4658 5:
1329 4602 1364 4665 cs.
1386 4600 1530 4667 caenosas.
1547 4604 1628 4653 59:2¹2

411 4668 600 4722 tarenorum
621 4674 734 4738 percutio
752 4675 866 4738 percussi
884 4673 910 4722 P
998 4672 1046 4723 edo
1065 4672 1107 4721 edi
1130 4672 1185 4721 sedi
1210 4671 1258 4721 boc
1273 4670 1300 4720 F
1383 4671 1418 4723 23
1436 4686 1553 4722 messem
1573 4667 1627 4733 leci]

341 4741 437 4790 messui
455 4754 472 4797 ς
490 4742 584 4791 messui
603 4741 663 4793 lacit
678 4758 696 4808 p
768 4743 848 4807 peileo
864 4745 923 4793 sitio
938 4742 1056 4793 similiter
1069 4751 1093 4791 et
1107 4741 1188 4808 glisco
1208 4741 1268 4791 furit
1283 4749 1308 4788 et
1320 4740 1407 4804 quatio
1429 4742 1457 4789 Ι*
1472 4742 1557 4807 polleo
1576 4742 1628 4793 sitio

340 4810 417 4874 (sisto
429 4808 457 4874 s)
482 4812 598 4861 similiter
619 4821 644 4861 et
661 4812 742 4878 glisco
761 4811 837 4863 luerit
855 4822 879 4863 et
897 4814 982 4876 quatio
1000 4814 1026 4862 F
1040 4813 1123 4879 pelleo
1145 4812 1209 4862 sisto
1227 4810 1343 4861 similiter
1358 4821 1384 4860 et
1402 4809 1487 4880 glisco
1506 4822 1531 4861 et
1550 4814 1628 4877 quatio

341 4892 358 4937 ς
375 4878 457 4944 polleo
474 4878 540 4931 inrio
556 4880 672 4931 similiter
689 4892 713 4931 et
732 4881 813 4947 glisco
832 4893 857 4932 et
875 4884 958 4949 gratio
974 4900 992 4949 p
1061 4883 1095 4933 25
1113 4881 1198 4933 delicit
1216 4880 1241 4933 F
