3525 5600
336 391 399 456 314
907 391 1044 456 lVLlANl

335 585 472 654 elocutio,
501 584 535 644 id
558 590 602 643 εει
627 585 688 644 oris
714 585 806 654 ratio,
834 584 908 658 quia
928 583 1075 658 quidquid
1100 585 1247 658 loquamur
1266 600 1323 659 per
1344 586 1416 643 istas
1436 588 1500 642 octo
1514 589 1610 659 portes

334 689 496 762 loquimur,
518 691 548 745 ει
567 701 652 746 omne
672 688 753 762 quod
771 689 919 760 loquimur
939 687 998 746 crit
1018 694 1073 745 aut
1091 703 1198 747 nomen
1218 695 1272 747 aut
1289 702 1453 762 pronomen
1474 693 1527 745 aut
1545 705 1611 746 ricr-

335 789 402 849 bum
430 791 479 848 net
504 789 650 862 quaelibet
676 789 714 848 (ιε
740 791 802 848 istis
829 795 893 849 octo
916 787 1055 864 partibus
1082 821 1124 832 —
1151 783 1207 870 (de
1233 783 1475 867 interiectione)
1497 795 1526 847 et
1544 805 1612 862 quoe

334 898 403 950 sunt
422 886 553 951 similia?
573 894 680 960 matta,
703 907 782 964 quae
804 892 847 951 act
865 891 1111 965 siauificationem
1127 892 1229 966 partis
1249 892 1334 952 istinc
1352 893 1517 966 pertineret:
1538 895 1609 949 truc-

334 996 421 1052 tatus
450 985 491 1052 de
518 998 590 1054 octo
617 988 767 1074 pertibus
795 988 963 1054 orationis.
1006 988 1031 1052 f.
1054 988 1093 1053 87
1108 991 1184 1052 -t
1207 989 1268 1054 94*
1296 989 1374 1052 611.
1399 987 1541 1062 71-,1
1561 989 1612 1052 16*

332 1094 441 1156 ITEM
461 1093 627 1154 IULIANI
645 1080 719 1155 EFI
740 1094 942 1156 toscona]
962 1095 1021 1154 ot
1032 1093 1224 1155 siccone.
1248 1094 1410 1155 PARTES
1423 1093 1612 1154 GRAMMA-

335 1195 459 1257 ricae
478 1196 603 1256 natm
631 1195 739 1268 auor
755 1197 868 1258 cunr.
894 1199 998 1274 premo
1020 1213 1099 1272 pars
1124 1206 1168 1256 est
1187 1213 1265 1272 ome
1285 1195 1427 1257 secutur
1445 1214 1504 1272 per
1525 1171 1612 1259 iea-

331 1299 460 1375 ptioram
481 1305 510 1358 et
531 1299 722 1374 antiphoram
739 1334 773 1344 -
786 1295 850 1380 ·(de
872 1295 1043 1382 posituris)
1062 1299 1183 1374 periodi
1200 1307 1305 1376 partes
1325 1305 1467 1374 quattuor
1490 1295 1525 1378 (1.
1540 1299 1611 1380 quot]

333 1396 422 1460 suut?
442 1397 545 1460 duae?
566 1398 665 1476 quae?
691 1404 757 1462 cota
778 1409 807 1462 et
827 1416 955 1470 commo,
979 1403 1075 1461 idest
1094 1401 1227 1462 membra
1248 1409 1276 1461 et
1296 1418 1397 1462 caesa.
1434 1417 1493 1476 quo
1514 1399 1613 1463 moto?

330 1509 405 1578 putu
432 1504 459 1563 si
485 1503 584 1562 aticum
606 1503 735 1578 ‘aspera
761 1503 890 1564 conditio
916 1511 945 1564 ει
968 1520 1033 1564 sors
1053 1505 1258 1565 irrevocabilis
1278 1505 1386 1573 borne,
1408 1520 1500 1579 qnam
1519 1509 1615 1578 aencri

332 1605 462 1666 numano
484 1606 576 1664 tristis
595 1608 679 1680 ariao
706 1605 814 1684 destit’,
841 1623 910 1667 ecce
931 1623 993 1666 unu
1012 1607 1166 1682 periodos,
1196 1606 1256 1668 dno
1276 1609 1358 1675 cota,
1381 1609 1488 1666 mittas
1508 1623 1612 1668 cauus.

216 1755 218 1766 .
333 1723 403 1767 nam
424 1709 490 1768 cota
512 1708 804 1768 dictita-membrum
831 1711 925 1784 ipsius
945 1725 1051 1769 uerum
1077 1715 1107 1769 et
1126 1725 1241 1769 comma
1262 1710 1297 1768 ta
1315 1717 1360 1768 εει
1378 1725 1478 1768 caesa.
1520 1710 1615 1785 qnibm

328 1809 456 1886 pertibus
482 1806 641 1870 caeditur?
670 1813 776 1870 multis.
821 1827 893 1870 nam
920 1818 949 1870 et
974 1811 1056 1885 quart
1080 1811 1205 1873 dicimus
1225 1813 1398 1872 commicnm
1419 1811 1543 1879 tibrum,
1563 1829 1614 1870 non

334 1911 471 1972 debemus
492 1912 592 1972 dicere
613 1915 798 1984 commicnm,
820 1913 874 1972 εειὶ
894 1921 1086 1983 commatum,
1114 1916 1187 1990 quia
1209 1914 1247 1974 tte
1267 1916 1365 1976 mittis
1385 1915 1471 1974 tibrt's
1492 1914 1615 1973 absence

239 2081 243 2090 ,
332 2017 493 2074 sententiae
514 2015 555 2074 ibi
574 2025 642 2074 sunt
657 2019 784 2090 positae.
822 2014 1022 2075 EXPLICIT
1044 2015 1281 2076 coacturus
1305 2015 1480 2075 PRIMUS:
1506 2021 1615 2076 trocta-

333 2122 386 2178 tus
409 2111 450 2176 de
472 2111 597 2193 littere,
621 2111 662 2177 (16
684 2112 828 2199 syllaba,
852 2111 893 2177 de
914 2112 1071 2198 pedibus,
1095 2113 1137 2178 16
1158 2114 1259 2195 16616,
1284 2114 1325 2178 16
1346 2113 1514 2200 posituris.
1541 2114 1565 2178 f.
1581 2114 1615 2178 ll

333 2251 374 2260 -
389 2214 413 2278 f.
429 2214 489 2278 86*
512 2213 590 2278 611.
613 2214 710 2280 95-
730 2213 754 2279 1.
776 2215 817 2279 98
845 2220 903 2286 ItE
929 2217 1213 2281 BrtRBAItISMO.
1252 2219 1468 2282 Barbarrbmus
1493 2226 1538 2280 εει
1561 2237 1616 2278 unu

330 2337 406 2394 pars
434 2321 579 2382 orationis
606 2323 710 2382 uitiosa
737 2323 768 2382 iu
796 2323 946 2381 communi
969 2337 1118 2392 samone,
1146 2323 1181 2382 id
1199 2330 1243 2382 εει
1269 2324 1301 2382 in
1321 2324 1418 2384 661616
1439 2324 1569 2382 oratione
1589 2325 1616 2381 in

327 2430 461 2498 poemate
489 2429 586 2484 autern
614 2426 659 2484 oet
685 2425 716 2482 in
742 2427 877 2484 carmine
906 2425 1116 2500 metoptannus
1148 2433 1272 2486 uocatur
1297 2457 1339 2466 -
1368 2419 1425 2504 (do
1457 2421 1575 2506 tropis)
1598 2443 1616 2482 a

331 2527 446 2586 minore
467 2525 510 2584 ad
529 2528 640 2594 mains,
664 2529 775 2600 ‘potnit
794 2543 897 2587 manes
919 2543 1072 2586 arcessere
1092 2529 1228 2602 coniuais
1243 2526 1378 2602 Orpbeus
1395 2526 1534 2586 Threicia
1552 2526 1617 2599 sre-

331 2634 378 2688 tus
399 2614 714 2704 munerandumque
736 2630 882 2698 canoris',
906 2633 994 2704 quasi
1014 2629 1098 2689 dicat
1118 2630 1156 2689 cte
1176 2647 1212 2690 re
1229 2645 1334 2705 partia
1353 2634 1384 2688 et
1404 2629 1505 2690 mam
1521 2631 1617 2704 pretii,

332 2730 463 2807 mthara
484 2736 513 2790 ct
530 2729 648 2801 fidibus
678 2737 707 2790 ει
724 2738 768 2790 εει
785 2733 908 2806 fianta,
929 2733 958 2790 si
977 2733 1028 2792 itte
1047 2732 1175 2808 cythara
1195 2729 1309 2805 treton,
1331 2747 1387 2810 epo
1403 2732 1524 2806 pietate.
1558 2731 1618 2790 ΙΝ-
1710 2794 1711 2832 ζ

334 2832 448 2893 CIPIT
473 2832 668 2893 COLLATIO
695 2832 753 2893 DE
778 2833 988 2895 PARTIONE
1013 2833 1258 2895 METBORIIM.
1303 2832 1378 2905 Quot
1412 2842 1482 2893 sunt
1509 2850 1618 2908 uenero

332 2941 491 2996 metrorum
508 2932 719 3011 principalia?
740 2942 811 2996 octo.
844 2932 943 3009 quae?
964 2936 1145 3013 dactylicum
1159 2936 1317 2997 iambicum
1338 2936 1524 2997 trochaicam
1542 2952 1619 2995 nno-

327 3040 496 3114 paesticum
524 3036 754 3098 choriambicum
790 3040 1013 3113 antispasticum
1040 3041 1167 3099 ionicum
1194 3054 1214 3097 α
1241 3040 1355 3097 maiore
1385 3045 1416 3097 et
1446 3040 1574 3098 ionicum
1601 3054 1620 3095 6

332 3142 445 3199 minore
465 3172 507 3183 -
523 3134 577 3221 (de
592 3145 697 3202 metro
713 3136 944 3223 661166661166)
967 3141 1009 3200 da
1024 3143 1087 3199 cius
1100 3142 1279 3216 exmnptum.
1303 3143 1410 3200 notans
1430 3157 1499 3201 ecce
1516 3156 1620 3215 aerem

332 3258 419 3301 arma
441 3245 557 3316 ruitque
577 3243 687 3303 tactio:
716 3246 877 3305 tractatus
900 3238 942 3303 de
963 3237 1184 3316 barbarismo,
1215 3238 1257 3303 de
1279 3238 1486 3321 soloecismo,
1510 3237 1551 3302 de
1572 3260 1618 3301 ee-

332 3340 410 3405 16616
434 3338 541 3423 vitiis,
564 3340 604 3404 de
626 3340 855 3427 metaplasmo,
880 3339 922 3405 de
936 3339 1174 3420 schematibus,
1197 3340 1240 3405 16
1259 3341 1378 3427 tropis,
1400 3340 1444 3405 16
1458 3339 1618 3425 metris*).

290 3526 293 3533 Ι
417 3440 598 3523 Iulianum,
625 3443 717 3509 cuius
746 3464 865 3508 nomen
891 3442 944 3507 bis
970 3443 1006 3507 in
1032 3442 1144 3507 eollieo
1165 3442 1324 3527 scriptum
1345 3451 1412 3523 661,
1435 3444 1620 3528 episcopum
1662 3458 1666 3463 ’

331 3544 525 3609 Toletsnum
547 3542 648 3609 fuisse
671 3545 713 3610 ab
736 3566 821 3609 6666
844 3544 908 3608 680
928 3565 1032 3630 66666
1054 3544 1097 3609 61
1118 3566 1241 3609 annum
1262 3544 1326 3609 690
1346 3552 1493 3609 constat:
1515 3543 1559 3607 cf.
1581 3541 1618 3604 11.

331 3645 512 3727 Α6166166,
528 3644 679 3711 biblioth.
695 3646 790 3733 Hisp.
806 3654 872 3711 vet.
888 3648 953 3711 vol.
970 3646 987 3709 Ι
1002 3668 1034 3731 6.
1049 3646 1112 3711 413
1127 3668 1197 3734 sqq.
1214 3644 1329 3711 eodem
1343 3655 1490 3733 tempore
1505 3644 1620 3711 librum

331 3747 372 3813 de
394 3755 465 3812 arte
485 3749 701 3833 grammatica
722 3748 764 3813 ab
787 3770 825 3813 66
847 3749 1006 3833 seriptum
1028 3771 1100 3813 6666
1122 3746 1219 3815 docet
1239 3768 1360 3839 nomen
1379 3748 1468 3833 regis
1484 3746 1620 3832 Ervigii,

417 3936 444 4003 *l
463 3939 504 3989 Ex
522 3938 645 4001 1166666
664 3952 748 4005 66666
772 3940 876 4004 scripte
894 3938 1167 4005 666161666611666
1185 3954 1246 3990 6666
1263 3939 1412 3990 universus
1431 3940 1502 3989 artis
1520 3942 1621 4003 portes,

331 4039 413 4074 unum
432 4022 466 4075 (16
485 4028 547 4075 6616
565 4024 691 4089 pertibus
714 4024 862 4087 orationis,
883 4026 1000 4076 61166666
1018 4024 1052 4075 16
1072 4024 1174 4074 litteris
1191 4024 1308 4089 syllabis
1326 4024 1444 4091 pedibus
1463 4022 1621 4074 nocentibus

331 4109 475 4175 posituris,
495 4108 607 4159 tertiam
624 4108 658 4159 16
676 4110 753 4159 611116
772 4114 799 4159 61
816 4109 966 4160 virtutibus
984 4109 1117 4161 orationis
1135 4115 1165 4160 61
1183 4110 1216 4160 16
1235 4110 1339 4163 metris.
1358 4108 1487 4174 equibus
1499 4107 1622 4175 66611166

332 4195 358 4245 ei
377 4208 457 4259 quom
477 4194 588 4245 tertiam
607 4192 663 4243 dixi
680 4194 753 4243 hunc
771 4192 860 4245 locum
879 4194 976 4245 deberi
993 4198 1100 4245 eertum
1118 4199 1175 4257 6616
1194 4195 1229 4250 (16
1247 4194 1364 4259 reliquis
1377 4194 1487 4245 duabus
1503 4191 1623 4245 dubitsri

331 4284 435 4345 661661,
459 4284 548 4330 utrem
571 4278 689 4345 priorem
713 4294 774 4329 esse
793 4278 912 4331 voluerit
928 4280 1055 4345 scriptor.
1089 4278 1138 4330 661
1157 4280 1287 4345 quonism
1304 4295 1339 4331 66
1356 4294 1421 4345 pers
1440 4294 1511 4345 quse
1531 4284 1575 4328 est
1590 4277 1622 4328 de

331 4368 395 4415 6616
417 4364 545 4431 pertibus
568 4363 700 4415 cretionis
724 4364 854 4415 minorem
872 4364 978 4415 Donati
996 4370 1097 4428 artem,
1115 4380 1170 4417 666
1189 4368 1330 4429 maiorem,
1348 4364 1487 4429 sequitur,
1505 4364 1579 4413 11666
1595 4363 1622 4411 16

331 4449 418 4517 primo
437 4449 497 4501 1666
515 4451 603 4517 66661,
623 4449 827 4501 61161611666
846 4464 954 4515 666666
972 4450 1044 4500 idem
1062 4450 1139 4513 ordo,
1157 4465 1237 4515 quem
1255 4449 1355 4515 reliqui
1367 4449 1474 4500 1166611
1490 4450 1622 4513 interpre-

332 4540 375 4586 tes
393 4535 577 4599 6666116661,
597 4539 745 4587 teneretur.
769 4550 856 4601 nsque
876 4539 1014 4600 repugnet
1025 4535 1090 4585 huie
1103 4532 1192 4588 ordini
1210 4535 1375 4600 subscriptio
1392 4540 1456 4601 6661
1473 4537 1622 4583 1666161616

333 4619 366 4670 16
385 4618 515 4685 posituris
534 4620 640 4683 611116,
660 4620 769 4685 explicit
785 4625 910 4669 tractetur
925 4622 1031 4684 primus,
1050 4620 1271 4686 quondoquidem
1282 4619 1354 4669 hsoc
1372 4620 1408 4670 61
1425 4620 1544 4684 primum
1563 4634 1623 4683 per·

332 4708 388 4754 tem
412 4706 481 4755 sutis
505 4706 619 4756 maioris
642 4704 790 4755 referende
814 4708 865 4755 661.
901 4704 962 4754 fieri
984 4708 1078 4755 tsmeu
1100 4706 1192 4770 potuit
1209 4710 1240 4755 61
1257 4703 1394 4768 16116666,
1413 4720 1475 4755 eum
1492 4704 1622 4754 maiorem

332 4793 421 4839 artem
447 4789 481 4839 16
507 4794 568 4841 6616
595 4790 721 4855 portibus
747 4804 801 4841 666
825 4791 1019 4853 tractavisset,
1042 4806 1092 4855 pro
1115 4806 1150 4841 66
1173 4788 1398 4842 commentorium
1421 4790 1536 4843 minoris
1558 4788 1623 4840 ortis

332 4877 456 4939 poneret.
