<?xml version="1.0" encoding="UTF-8"?>
<!DOCTYPE html PUBLIC "-//W3C//DTD XHTML 1.0 Transitional//EN"
    "http://www.w3.org/TR/xhtml1/DTD/xhtml1-transitional.dtd">
<html xmlns="http://www.w3.org/1999/xhtml" xml:lang="en" lang="en">
 <head>
  <title>
</title>
<meta http-equiv="Content-Type" content="text/html;charset=utf-8" />
  <meta name='ocr-system' content='tesseract 3.04.00' />
  <meta name='ocr-capabilities' content='ocr_page ocr_carea ocr_par ocr_line ocrx_word'/>
</head>
<body>
  <div class='ocr_page' id='page_1' title='image "./grammaticilatin03hagagoog_0053.png"; bbox 0 0 3525 5600; ppageno 0'>
   <div class='ocr_carea' id='block_1_1' title="bbox 757 347 1442 445">
    <p class='ocr_par' dir='ltr' id='par_1_1' title="bbox 757 347 1442 445">
     <span class='ocr_line' id='line_1_1' title="bbox 757 347 1442 445; baseline -0.007 -1"><span class='ocrx_word' id='word_1_1' title='bbox 757 383 829 445; x_wconf 72' lang='lat' dir='ltr'>aas</span> <span class='ocrx_word' id='word_1_2' title='bbox 983 347 989 369; x_wconf 91' lang='lat'><em>&#39;</em></span> <span class='ocrx_word' id='word_1_3' title='bbox 1400 375 1442 440; x_wconf 85' lang='lat'>43</span> 
     </span>
    </p>
   </div>
   <div class='ocr_carea' id='block_1_2' title="bbox 68 486 1557 3824">
    <p class='ocr_par' dir='ltr' id='par_1_2' title="bbox 149 486 1557 854">
     <span class='ocr_line' id='line_1_2' title="bbox 1250 486 1417 542; baseline -0.012 -14"><span class='ocrx_word' id='word_1_4' title='bbox 1250 501 1271 542; x_wconf 90' lang='lat' dir='ltr'>p.</span> <span class='ocrx_word' id='word_1_5' title='bbox 1285 491 1342 528; x_wconf 77' lang='lat' dir='ltr'>laco.</span> <span class='ocrx_word' id='word_1_6' title='bbox 1355 488 1380 528; x_wconf 80' lang='grc'>99</span> <span class='ocrx_word' id='word_1_7' title='bbox 1394 486 1417 526; x_wconf 83' lang='lat'>1¹.</span> 
     </span>
     <span class='ocr_line' id='line_1_3' title="bbox 150 567 1557 646; baseline -0.004 -18"><span class='ocrx_word' id='word_1_8' title='bbox 150 587 243 646; x_wconf 84' lang='lat' dir='ltr'>quae</span> <span class='ocrx_word' id='word_1_9' title='bbox 265 587 308 628; x_wconf 82' lang='lat' dir='ltr'>ex</span> <span class='ocrx_word' id='word_1_10' title='bbox 329 570 414 629; x_wconf 76' lang='lat' dir='ltr'>Asia</span> <span class='ocrx_word' id='word_1_11' title='bbox 437 567 621 629; x_wconf 73' lang='lat' dir='ltr'><strong>facillime</strong></span> <span class='ocrx_word' id='word_1_12' title='bbox 643 573 947 646; x_wconf 87' lang='lat' dir='ltr'>conportantnr&#39;.</span> <span class='ocrx_word' id='word_1_13' title='bbox 966 605 1003 616; x_wconf 91' lang='lat'><strong>—</strong></span> <span class='ocrx_word' id='word_1_14' title='bbox 1023 572 1063 630; x_wconf 91' lang='lat' dir='ltr'>Vt</span> <span class='ocrx_word' id='word_1_15' title='bbox 1084 572 1165 632; x_wconf 89' lang='lat' dir='ltr'>vina</span> <span class='ocrx_word' id='word_1_16' title='bbox 1189 567 1514 635; x_wconf 75' lang='lat' dir='ltr'>mellaortleazattt,</span> <span class='ocrx_word' id='word_1_17' title='bbox 1527 575 1557 623; x_wconf 87' lang='lat'>31</span> 
     </span>
     <span class='ocr_line' id='line_1_4' title="bbox 149 669 952 752; baseline 0.002 -20"><span class='ocrx_word' id='word_1_18' title='bbox 149 672 325 732; x_wconf 83' lang='lat' dir='ltr'>Cornificius</span> <span class='ocrx_word' id='word_1_19' title='bbox 347 669 451 733; x_wconf 79' lang='lat' dir='ltr'><strong>Gallus</strong></span> <span class='ocrx_word' id='word_1_20' title='bbox 471 670 541 732; x_wconf 93' lang='lat' dir='ltr'>inde</span> <span class='ocrx_word' id='word_1_21' title='bbox 562 669 757 750; x_wconf 79' lang='lat' dir='ltr'>reprehendit</span> <span class='ocrx_word' id='word_1_22' title='bbox 778 673 952 752; x_wconf 77' lang='lat' dir='ltr'>Vergilium.</span> 
     </span>
     <span class='ocr_line' id='line_1_5' title="bbox 303 773 1172 854; baseline 0.003 -23"><span class='ocrx_word' id='word_1_23' title='bbox 303 773 415 835; x_wconf 85' lang='lat' dir='ltr'>ordea</span> <span class='ocrx_word' id='word_1_24' title='bbox 436 775 496 854; x_wconf 90' lang='lat' dir='ltr'>qui</span> <span class='ocrx_word' id='word_1_25' title='bbox 518 773 630 842; x_wconf 82' lang='lat' dir='ltr'>dixit,</span> <span class='ocrx_word' id='word_1_26' title='bbox 654 784 831 852; x_wconf 82' lang='lat' dir='ltr'>superest</span> <span class='ocrx_word' id='word_1_27' title='bbox 851 783 890 837; x_wconf 93' lang='lat' dir='ltr'>ut</span> <span class='ocrx_word' id='word_1_28' title='bbox 911 777 1040 838; x_wconf 90' lang='lat' dir='ltr'>tritica</span> <span class='ocrx_word' id='word_1_29' title='bbox 1063 776 1172 836; x_wconf 88' lang='lat' dir='ltr'>dicat.</span> 
     </span>
    </p>

    <p class='ocr_par' dir='ltr' id='par_1_3' title="bbox 151 874 1442 956">
     <span class='ocr_line' id='line_1_6' title="bbox 151 874 1442 956; baseline 0 -20"><span class='ocrx_word' id='word_1_30' title='bbox 151 910 187 920; x_wconf 92' lang='lat'>-</span> <span class='ocrx_word' id='word_1_31' title='bbox 212 877 368 952; x_wconf 80' lang='lat' dir='ltr'>Semper</span> <span class='ocrx_word' id='word_1_32' title='bbox 394 874 555 955; x_wconf 81' lang='lat' dir='ltr'>pluralia</span> <span class='ocrx_word' id='word_1_33' title='bbox 584 875 748 936; x_wconf 89' lang='lat' dir='ltr'>eiusdem</span> <span class='ocrx_word' id='word_1_34' title='bbox 776 879 939 953; x_wconf 82' lang='lat' dir='ltr'>generis,</span> <span class='ocrx_word' id='word_1_35' title='bbox 970 886 1006 938; x_wconf 91' lang='lat' dir='ltr'>ut</span> <span class='ocrx_word' id='word_1_36' title='bbox 1033 896 1145 940; x_wconf 89' lang='lat' dir='ltr'>arma:</span> <span class='ocrx_word' id='word_1_37' title='bbox 1175 878 1442 956; x_wconf 78' lang='lat' dir='ltr'>quotienscumque</span> 
     </span>
    </p>

    <p class='ocr_par' dir='ltr' id='par_1_4' title="bbox 126 974 1443 1354">
     <span class='ocr_line' id='line_1_7' title="bbox 126 974 1441 1058; baseline 0 -20"><span class='ocrx_word' id='word_1_38' title='bbox 126 980 203 1038; x_wconf 71' lang='lat' dir='ltr'>sista</span> <span class='ocrx_word' id='word_1_39' title='bbox 233 979 355 1038; x_wconf 89' lang='lat' dir='ltr'>nomina</span> <span class='ocrx_word' id='word_1_40' title='bbox 381 979 414 1038; x_wconf 91' lang='lat' dir='ltr'>in</span> <span class='ocrx_word' id='word_1_41' title='bbox 442 979 622 1038; x_wconf 84' lang='lat' dir='ltr'>nominativo</span> <span class='ocrx_word' id='word_1_42' title='bbox 649 977 755 1058; x_wconf 78' lang='lat' dir='ltr'>plurali</span> <span class='ocrx_word' id='word_1_43' title='bbox 782 985 852 1039; x_wconf 91' lang='lat' dir='ltr'>ante</span> <span class='ocrx_word' id='word_1_44' title='bbox 882 974 1015 1040; x_wconf 80' lang='lat' dir='ltr'>ultimam</span> <span class='ocrx_word' id='word_1_45' title='bbox 1043 978 1173 1040; x_wconf 82' lang='lat' dir='ltr'>vocalem</span> <span class='ocrx_word' id='word_1_46' title='bbox 1197 981 1244 1040; x_wconf 91' lang='lat' dir='ltr'>ai</span> <span class='ocrx_word' id='word_1_47' title='bbox 1273 978 1441 1046; x_wconf 86' lang='lat' dir='ltr'>habuerint,</span> 
     </span>
     <span class='ocr_line' id='line_1_8' title="bbox 148 1082 1441 1160; baseline 0 -20"><span class='ocrx_word' id='word_1_48' title='bbox 148 1099 268 1160; x_wconf 87' lang='lat' dir='ltr'>semper</span> <span class='ocrx_word' id='word_1_49' title='bbox 289 1083 458 1158; x_wconf 78' lang='lat' dir='ltr'>genetivum</span> <span class='ocrx_word' id='word_1_50' title='bbox 486 1083 516 1140; x_wconf 94' lang='lat' dir='ltr'>in</span> <span class='ocrx_word' id='word_1_51' title='bbox 544 1082 606 1142; x_wconf 88' lang='lat' dir='ltr'>iurn</span> <span class='ocrx_word' id='word_1_52' title='bbox 629 1082 764 1148; x_wconf 87' lang='lat' dir='ltr'>mittunt;</span> <span class='ocrx_word' id='word_1_53' title='bbox 786 1082 811 1140; x_wconf 88' lang='lat' dir='ltr'>si</span> <span class='ocrx_word' id='word_1_54' title='bbox 837 1089 1065 1149; x_wconf 84' lang='lat' dir='ltr'>consonantem,</span> <span class='ocrx_word' id='word_1_55' title='bbox 1093 1084 1123 1142; x_wconf 93' lang='lat' dir='ltr'>in</span> <span class='ocrx_word' id='word_1_56' title='bbox 1152 1099 1234 1153; x_wconf 90' lang='lat' dir='ltr'>rum,</span> <span class='ocrx_word' id='word_1_57' title='bbox 1263 1090 1296 1142; x_wconf 94' lang='lat' dir='ltr'>ut</span> <span class='ocrx_word' id='word_1_58' title='bbox 1325 1082 1441 1141; x_wconf 90' lang='lat' dir='ltr'>moenia</span> 
     </span>
     <span class='ocr_line' id='line_1_9' title="bbox 149 1183 1443 1252; baseline 0.003 -10"><span class='ocrx_word' id='word_1_59' title='bbox 149 1185 315 1252; x_wconf 90' lang='lat' dir='ltr'>moenium,</span> <span class='ocrx_word' id='word_1_60' title='bbox 339 1190 434 1244; x_wconf 86' lang='lat' dir='ltr'>caetra</span> <span class='ocrx_word' id='word_1_61' title='bbox 456 1192 636 1251; x_wconf 78' lang='lat' dir='ltr'>castrorum,</span> <span class='ocrx_word' id='word_1_62' title='bbox 660 1183 731 1243; x_wconf 91' lang='lat' dir='ltr'>licet</span> <span class='ocrx_word' id='word_1_63' title='bbox 752 1189 869 1243; x_wconf 86' lang='lat' dir='ltr'>veteres</span> <span class='ocrx_word' id='word_1_64' title='bbox 884 1191 987 1244; x_wconf 87' lang='lat' dir='ltr'>contra</span> <span class='ocrx_word' id='word_1_65' title='bbox 1003 1191 1097 1243; x_wconf 89' lang='lat' dir='ltr'>artem</span> <span class='ocrx_word' id='word_1_66' title='bbox 1114 1186 1298 1246; x_wconf 87' lang='lat' dir='ltr'>moeniorum</span> <span class='ocrx_word' id='word_1_67' title='bbox 1314 1184 1443 1246; x_wconf 79' lang='lat' dir='ltr'>dixerint</span> 
     </span>
     <span class='ocr_line' id='line_1_10' title="bbox 148 1270 708 1354; baseline -0.002 -9"><span class='ocrx_word' id='word_1_68' title='bbox 148 1294 177 1345; x_wconf 88' lang='lat' dir='ltr'>et</span> <span class='ocrx_word' id='word_1_69' title='bbox 197 1284 391 1354; x_wconf 87' lang='lat' dir='ltr'>anciliorum,</span> <span class='ocrx_word' id='word_1_70' title='bbox 415 1292 448 1345; x_wconf 89' lang='lat' dir='ltr'>ut</span> <span class='ocrx_word' id='word_1_71' title='bbox 701 1270 708 1286; x_wconf 71' lang='grc'><strong>’</strong></span> 
     </span>
    </p>

    <p class='ocr_par' dir='ltr' id='par_1_5' title="bbox 302 1387 1072 1466">
     <span class='ocr_line' id='line_1_11' title="bbox 302 1387 1072 1466; baseline 0 -18"><span class='ocrx_word' id='word_1_72' title='bbox 302 1387 529 1449; x_wconf 81' lang='lat' dir='ltr'>anciliorum</span> <span class='ocrx_word' id='word_1_73' title='bbox 552 1387 695 1449; x_wconf 88' lang='lat' dir='ltr'>oblitus</span> <span class='ocrx_word' id='word_1_74' title='bbox 717 1389 877 1448; x_wconf 88' lang='lat' dir='ltr'>nominis</span> <span class='ocrx_word' id='word_1_75' title='bbox 901 1395 935 1448; x_wconf 85' lang='lat' dir='ltr'>el</span> <span class='ocrx_word' id='word_1_76' title='bbox 958 1393 1072 1466; x_wconf 85' lang='lat' dir='ltr'>togae.</span> 
     </span>
    </p>

    <p class='ocr_par' dir='ltr' id='par_1_6' title="bbox 115 1488 1543 1570">
     <span class='ocr_line' id='line_1_12' title="bbox 115 1488 1543 1570; baseline -0.003 -20"><span class='ocrx_word' id='word_1_77' title='bbox 115 1492 190 1551; x_wconf 81' lang='lat' dir='ltr'>1th</span> <span class='ocrx_word' id='word_1_78' title='bbox 210 1489 391 1570; x_wconf 88' lang='lat' dir='ltr'>populus:</span> <span class='ocrx_word' id='word_1_79' title='bbox 414 1489 485 1551; x_wconf 85' lang='lat' dir='ltr'>dum</span> <span class='ocrx_word' id='word_1_80' title='bbox 506 1492 567 1551; x_wconf 83' lang='lat' dir='ltr'>sint</span> <span class='ocrx_word' id='word_1_81' title='bbox 587 1488 745 1568; x_wconf 79' lang='lat' dir='ltr'>singularis</span> <span class='ocrx_word' id='word_1_82' title='bbox 758 1492 886 1570; x_wconf 88' lang='lat' dir='ltr'>numeri</span> <span class='ocrx_word' id='word_1_83' title='bbox 907 1489 1034 1570; x_wconf 89' lang='lat' dir='ltr'>populus</span> <span class='ocrx_word' id='word_1_84' title='bbox 1050 1496 1079 1550; x_wconf 89' lang='lat' dir='ltr'>et</span> <span class='ocrx_word' id='word_1_85' title='bbox 1094 1491 1207 1559; x_wconf 90' lang='lat' dir='ltr'>contio,</span> <span class='ocrx_word' id='word_1_86' title='bbox 1231 1488 1339 1570; x_wconf 90' lang='lat' dir='ltr'>plurali</span> <span class='ocrx_word' id='word_1_87' title='bbox 1355 1489 1441 1552; x_wconf 89' lang='lat' dir='ltr'>intel·</span> <span class='ocrx_word' id='word_1_88' title='bbox 1456 1499 1514 1555; x_wconf 76' lang='lat'>377,</span> <span class='ocrx_word' id='word_1_89' title='bbox 1530 1497 1543 1546; x_wconf 94' lang='lat'>1</span> 
     </span>
    </p>

    <p class='ocr_par' dir='ltr' id='par_1_7' title="bbox 149 1589 1471 1775">
     <span class='ocr_line' id='line_1_13' title="bbox 149 1589 1239 1672; baseline 0.001 -21"><span class='ocrx_word' id='word_1_90' title='bbox 149 1591 304 1670; x_wconf 81' lang='lat' dir='ltr'>leguntur,</span> <span class='ocrx_word' id='word_1_91' title='bbox 327 1593 396 1672; x_wconf 90' lang='lat' dir='ltr'>quia</span> <span class='ocrx_word' id='word_1_92' title='bbox 417 1590 543 1671; x_wconf 90' lang='lat' dir='ltr'>populus</span> <span class='ocrx_word' id='word_1_93' title='bbox 565 1602 595 1653; x_wconf 89' lang='lat' dir='ltr'>et</span> <span class='ocrx_word' id='word_1_94' title='bbox 617 1593 717 1652; x_wconf 91' lang='lat' dir='ltr'>contio</span> <span class='ocrx_word' id='word_1_95' title='bbox 739 1611 776 1652; x_wconf 83' lang='lat' dir='ltr'>ex</span> <span class='ocrx_word' id='word_1_96' title='bbox 798 1592 898 1654; x_wconf 85' lang='lat' dir='ltr'>multis</span> <span class='ocrx_word' id='word_1_97' title='bbox 921 1599 979 1661; x_wconf 89' lang='lat' dir='ltr'>est,</span> <span class='ocrx_word' id='word_1_98' title='bbox 1005 1589 1010 1672; x_wconf 90' lang='grc' dir='ltr'>Ι</span> <span class='ocrx_word' id='word_1_99' title='bbox 1031 1611 1089 1654; x_wconf 92' lang='lat' dir='ltr'>non</span> <span class='ocrx_word' id='word_1_100' title='bbox 1113 1611 1148 1654; x_wconf 84' lang='lat' dir='ltr'>ex</span> <span class='ocrx_word' id='word_1_101' title='bbox 1170 1611 1239 1652; x_wconf 89' lang='lat' dir='ltr'>uno.</span> 
     </span>
     <span class='ocr_line' id='line_1_14' title="bbox 233 1692 1471 1775; baseline -0.002 -21"><span class='ocrx_word' id='word_1_102' title='bbox 233 1692 486 1772; x_wconf 79' lang='lat' dir='ltr'>Nugigerulus</span> <span class='ocrx_word' id='word_1_103' title='bbox 508 1701 789 1775; x_wconf 88' lang='lat' dir='ltr'>conponuntur:</span> <span class='ocrx_word' id='word_1_104' title='bbox 823 1696 917 1774; x_wconf 80' lang='lat' dir='ltr'>ligura</span> <span class='ocrx_word' id='word_1_105' title='bbox 939 1696 1093 1774; x_wconf 81' lang='lat' dir='ltr'>conposita</span> <span class='ocrx_word' id='word_1_106' title='bbox 1116 1696 1233 1756; x_wconf 87' lang='lat' dir='ltr'>inventa</span> <span class='ocrx_word' id='word_1_107' title='bbox 1256 1703 1302 1756; x_wconf 89' lang='lat' dir='ltr'>est</span> <span class='ocrx_word' id='word_1_108' title='bbox 1324 1701 1471 1754; x_wconf 84' lang='lat' dir='ltr'>ornatust</span> 
     </span>
    </p>

    <p class='ocr_par' dir='ltr' id='par_1_8' title="bbox 150 1796 1473 1980">
     <span class='ocr_line' id='line_1_15' title="bbox 151 1796 1445 1877; baseline -0.002 -20"><span class='ocrx_word' id='word_1_109' title='bbox 151 1816 246 1858; x_wconf 76' lang='lat' dir='ltr'>cama.</span> <span class='ocrx_word' id='word_1_110' title='bbox 281 1816 351 1858; x_wconf 89' lang='lat' dir='ltr'>nam</span> <span class='ocrx_word' id='word_1_111' title='bbox 366 1799 474 1858; x_wconf 79' lang='lat' dir='ltr'>marim</span> <span class='ocrx_word' id='word_1_112' title='bbox 492 1816 526 1859; x_wconf 92' lang='lat' dir='ltr'>ea</span> <span class='ocrx_word' id='word_1_113' title='bbox 540 1800 617 1859; x_wconf 88' lang='lat' dir='ltr'>iuris</span> <span class='ocrx_word' id='word_1_114' title='bbox 630 1799 736 1877; x_wconf 88' lang='lat' dir='ltr'>peritis</span> <span class='ocrx_word' id='word_1_115' title='bbox 749 1799 868 1858; x_wconf 87' lang='lat' dir='ltr'>inventa</span> <span class='ocrx_word' id='word_1_116' title='bbox 883 1805 942 1869; x_wconf 88' lang='lat' dir='ltr'>est,</span> <span class='ocrx_word' id='word_1_117' title='bbox 966 1799 1017 1877; x_wconf 84' lang='lat' dir='ltr'>qui</span> <span class='ocrx_word' id='word_1_118' title='bbox 1033 1796 1091 1858; x_wconf 92' lang='lat' dir='ltr'>duo</span> <span class='ocrx_word' id='word_1_119' title='bbox 1107 1796 1196 1858; x_wconf 89' lang='lat' dir='ltr'>verba</span> <span class='ocrx_word' id='word_1_120' title='bbox 1212 1803 1445 1876; x_wconf 68' lang='lat' dir='ltr'>conposuerunt</span> 
     </span>
     <span class='ocr_line' id='line_1_16' title="bbox 150 1893 1473 1980; baseline -0.002 -22"><span class='ocrx_word' id='word_1_121' title='bbox 150 1899 194 1959; x_wconf 84' lang='lat' dir='ltr'>vel</span> <span class='ocrx_word' id='word_1_122' title='bbox 216 1893 353 1969; x_wconf 81' lang='lat' dir='ltr'>nomina,</span> <span class='ocrx_word' id='word_1_123' title='bbox 375 1899 649 1970; x_wconf 80' lang='lat' dir='ltr'>fideicommissum,</span> <span class='ocrx_word' id='word_1_124' title='bbox 673 1901 899 1980; x_wconf 90' lang='lat' dir='ltr'>iurequiritium.</span> <span class='ocrx_word' id='word_1_125' title='bbox 923 1935 967 1944; x_wconf 89' lang='lat'>--</span> <span class='ocrx_word' id='word_1_126' title='bbox 986 1897 1313 1980; x_wconf 79' lang='lat' dir='ltr'>lnerpugnabilia:</span> <span class='ocrx_word' id='word_1_127' title='bbox 1339 1904 1473 1960; x_wconf 87' lang='lat' dir='ltr'>notan-8</span> 
     </span>
    </p>

    <p class='ocr_par' dir='ltr' id='par_1_9' title="bbox 68 2001 1472 2493">
     <span class='ocr_line' id='line_1_17' title="bbox 68 2001 1443 2090; baseline 0 -30"><span class='ocrx_word' id='word_1_128' title='bbox 68 2078 75 2090; x_wconf 63' lang='lat'><em>„</em></span> <span class='ocrx_word' id='word_1_129' title='bbox 118 2001 219 2062; x_wconf 80' lang='lat' dir='ltr'>ndum</span> <span class='ocrx_word' id='word_1_130' title='bbox 242 2003 311 2079; x_wconf 86' lang='lat' dir='ltr'>quia</span> <span class='ocrx_word' id='word_1_131' title='bbox 334 2019 537 2082; x_wconf 85' lang='lat' dir='ltr'>quaecumque</span> <span class='ocrx_word' id='word_1_132' title='bbox 552 2003 663 2064; x_wconf 84' lang='lat' dir='ltr'>luerint</span> <span class='ocrx_word' id='word_1_133' title='bbox 684 2004 804 2062; x_wconf 75' lang='lat' dir='ltr'>nomIna</span> <span class='ocrx_word' id='word_1_134' title='bbox 828 2004 1004 2082; x_wconf 87' lang='lat' dir='ltr'>composita,</span> <span class='ocrx_word' id='word_1_135' title='bbox 1029 2003 1053 2064; x_wconf 87' lang='lat' dir='ltr'>si</span> <span class='ocrx_word' id='word_1_136' title='bbox 1077 2001 1217 2082; x_wconf 88' lang='lat' dir='ltr'>aduplici</span> <span class='ocrx_word' id='word_1_137' title='bbox 1233 2003 1360 2081; x_wconf 90' lang='lat' dir='ltr'>conponi</span> <span class='ocrx_word' id='word_1_138' title='bbox 1376 2019 1443 2080; x_wconf 88' lang='lat' dir='ltr'>pns-</span> 
     </span>
     <span class='ocr_line' id='line_1_18' title="bbox 150 2103 1443 2185; baseline -0.001 -22"><span class='ocrx_word' id='word_1_139' title='bbox 150 2113 231 2174; x_wconf 86' lang='lat' dir='ltr'>sunt,</span> <span class='ocrx_word' id='word_1_140' title='bbox 255 2103 403 2184; x_wconf 82' lang='lat' dir='ltr'>simplicia</span> <span class='ocrx_word' id='word_1_141' title='bbox 425 2113 508 2174; x_wconf 81' lang='lat' dir='ltr'>aunt3</span> <span class='ocrx_word' id='word_1_142' title='bbox 532 2107 600 2184; x_wconf 86' lang='lat' dir='ltr'>quia</span> <span class='ocrx_word' id='word_1_143' title='bbox 623 2123 690 2166; x_wconf 90' lang='lat' dir='ltr'>curn</span> <span class='ocrx_word' id='word_1_144' title='bbox 713 2105 780 2166; x_wconf 92' lang='lat' dir='ltr'>dico</span> <span class='ocrx_word' id='word_1_145' title='bbox 796 2103 1008 2184; x_wconf 81' lang='lat' dir='ltr'>expugnabilis,</span> <span class='ocrx_word' id='word_1_146' title='bbox 1031 2107 1226 2185; x_wconf 86' lang='lat' dir='ltr'>compositum</span> <span class='ocrx_word' id='word_1_147' title='bbox 1243 2113 1287 2164; x_wconf 86' lang='lat' dir='ltr'>est</span> <span class='ocrx_word' id='word_1_148' title='bbox 1302 2113 1331 2164; x_wconf 89' lang='lat' dir='ltr'>ct</span> <span class='ocrx_word' id='word_1_149' title='bbox 1346 2110 1443 2164; x_wconf 75' lang='lat' dir='ltr'>tanuen</span> 
     </span>
     <span class='ocr_line' id='line_1_19' title="bbox 151 2204 1444 2290; baseline -0.001 -25"><span class='ocrx_word' id='word_1_150' title='bbox 151 2205 276 2286; x_wconf 83' lang='lat' dir='ltr'>simplex</span> <span class='ocrx_word' id='word_1_151' title='bbox 299 2216 359 2277; x_wconf 81' lang='lat' dir='ltr'>eat,</span> <span class='ocrx_word' id='word_1_152' title='bbox 390 2209 457 2287; x_wconf 89' lang='lat' dir='ltr'>quia</span> <span class='ocrx_word' id='word_1_153' title='bbox 480 2208 551 2268; x_wconf 89' lang='lat' dir='ltr'>lacit</span> <span class='ocrx_word' id='word_1_154' title='bbox 570 2207 817 2286; x_wconf 69' lang='lat' dir='ltr'>inexpugnabilia</span> <span class='ocrx_word' id='word_1_155' title='bbox 834 2204 848 2290; x_wconf 87' lang='grc' dir='ltr'>ΙΙ</span> <span class='ocrx_word' id='word_1_156' title='bbox 862 2207 942 2272; x_wconf 90' lang='lat' dir='ltr'>aliud</span> <span class='ocrx_word' id='word_1_157' title='bbox 966 2210 1044 2268; x_wconf 87' lang='lat' dir='ltr'>enirn</span> <span class='ocrx_word' id='word_1_158' title='bbox 1073 2209 1218 2286; x_wconf 82' lang='lat' dir='ltr'>significat</span> <span class='ocrx_word' id='word_1_159' title='bbox 1239 2204 1444 2286; x_wconf 84' lang='lat' dir='ltr'>expugnabilis</span> 
     </span>
     <span class='ocr_line' id='line_1_20' title="bbox 151 2306 1472 2390; baseline -0.003 -24"><span class='ocrx_word' id='word_1_160' title='bbox 151 2315 178 2366; x_wconf 90' lang='lat' dir='ltr'>et</span> <span class='ocrx_word' id='word_1_161' title='bbox 199 2306 279 2369; x_wconf 92' lang='lat' dir='ltr'>aliud</span> <span class='ocrx_word' id='word_1_162' title='bbox 301 2309 548 2390; x_wconf 74' lang='lat' dir='ltr'>inexpugnabilia</span> <span class='ocrx_word' id='word_1_163' title='bbox 586 2318 746 2390; x_wconf 91' lang='lat' dir='ltr'>propterea</span> <span class='ocrx_word' id='word_1_164' title='bbox 768 2310 885 2370; x_wconf 76' lang='lat' dir='ltr'>ridetur</span> <span class='ocrx_word' id='word_1_165' title='bbox 908 2328 967 2372; x_wconf 88' lang='lat' dir='ltr'>non</span> <span class='ocrx_word' id='word_1_166' title='bbox 989 2310 1151 2372; x_wconf 87' lang='lat' dir='ltr'>secundum</span> <span class='ocrx_word' id='word_1_167' title='bbox 1179 2310 1373 2388; x_wconf 89' lang='lat' dir='ltr'>conpositum.</span> <span class='ocrx_word' id='word_1_168' title='bbox 1402 2315 1472 2362; x_wconf 83' lang='lat' dir='ltr'>-o</span> 
     </span>
     <span class='ocr_line' id='line_1_21' title="bbox 151 2409 1443 2493; baseline -0.001 -23"><span class='ocrx_word' id='word_1_169' title='bbox 151 2409 250 2480; x_wconf 81' lang='lat' dir='ltr'>Quae</span> <span class='ocrx_word' id='word_1_170' title='bbox 272 2429 314 2471; x_wconf 87' lang='lat' dir='ltr'>ex</span> <span class='ocrx_word' id='word_1_171' title='bbox 337 2411 482 2472; x_wconf 86' lang='lat' dir='ltr'>duobus</span> <span class='ocrx_word' id='word_1_172' title='bbox 504 2413 747 2473; x_wconf 82' lang='lat' dir='ltr'>nominativis</span> <span class='ocrx_word' id='word_1_173' title='bbox 769 2415 978 2493; x_wconf 88' lang='lat' dir='ltr'>composita</span> <span class='ocrx_word' id='word_1_174' title='bbox 1000 2415 1088 2473; x_wconf 87' lang='lat' dir='ltr'>sint:</span> <span class='ocrx_word' id='word_1_175' title='bbox 1114 2413 1179 2490; x_wconf 89' lang='lat' dir='ltr'>quia</span> <span class='ocrx_word' id='word_1_176' title='bbox 1195 2411 1255 2472; x_wconf 95' lang='lat' dir='ltr'>duo</span> <span class='ocrx_word' id='word_1_177' title='bbox 1270 2411 1443 2471; x_wconf 87' lang='lat' dir='ltr'>nominativi</span> 
     </span>
    </p>

    <p class='ocr_par' dir='ltr' id='par_1_10' title="bbox 118 2513 1512 3006">
     <span class='ocr_line' id='line_1_22' title="bbox 118 2513 1441 2592; baseline -0.001 -19"><span class='ocrx_word' id='word_1_178' title='bbox 118 2534 141 2573; x_wconf 79' lang='lat' dir='ltr'>aa</span> <span class='ocrx_word' id='word_1_179' title='bbox 151 2531 204 2592; x_wconf 91' lang='lat' dir='ltr'>per</span> <span class='ocrx_word' id='word_1_180' title='bbox 219 2531 324 2573; x_wconf 84' lang='lat' dir='ltr'>omnes</span> <span class='ocrx_word' id='word_1_181' title='bbox 338 2531 427 2574; x_wconf 84' lang='lat' dir='ltr'>casus</span> <span class='ocrx_word' id='word_1_182' title='bbox 440 2514 646 2582; x_wconf 88' lang='lat' dir='ltr'>inllectuntur;</span> <span class='ocrx_word' id='word_1_183' title='bbox 668 2516 693 2575; x_wconf 90' lang='lat' dir='ltr'>si</span> <span class='ocrx_word' id='word_1_184' title='bbox 709 2517 906 2576; x_wconf 87' lang='lat' dir='ltr'>nominativus</span> <span class='ocrx_word' id='word_1_185' title='bbox 921 2533 987 2576; x_wconf 86' lang='lat' dir='ltr'>curn</span> <span class='ocrx_word' id='word_1_186' title='bbox 1005 2513 1062 2575; x_wconf 91' lang='lat' dir='ltr'>alio</span> <span class='ocrx_word' id='word_1_187' title='bbox 1078 2532 1148 2575; x_wconf 87' lang='lat' dir='ltr'>casu</span> <span class='ocrx_word' id='word_1_188' title='bbox 1163 2513 1267 2582; x_wconf 85' lang='lat' dir='ltr'>luerit.</span> <span class='ocrx_word' id='word_1_189' title='bbox 1284 2513 1441 2574; x_wconf 89' lang='lat' dir='ltr'>nominati·</span> 
     </span>
     <span class='ocr_line' id='line_1_23' title="bbox 151 2615 1442 2697; baseline -0.002 -22"><span class='ocrx_word' id='word_1_190' title='bbox 151 2633 201 2675; x_wconf 84' lang='lat' dir='ltr'>rus</span> <span class='ocrx_word' id='word_1_191' title='bbox 216 2622 333 2676; x_wconf 88' lang='lat' dir='ltr'>tantum</span> <span class='ocrx_word' id='word_1_192' title='bbox 348 2615 525 2686; x_wconf 86' lang='lat' dir='ltr'>inflectitur,</span> <span class='ocrx_word' id='word_1_193' title='bbox 548 2615 622 2678; x_wconf 85' lang='lat' dir='ltr'>alius</span> <span class='ocrx_word' id='word_1_194' title='bbox 636 2615 788 2678; x_wconf 85' lang='lat' dir='ltr'>inmobilis</span> <span class='ocrx_word' id='word_1_195' title='bbox 802 2625 911 2678; x_wconf 91' lang='lat' dir='ltr'>manet.</span> <span class='ocrx_word' id='word_1_196' title='bbox 936 2617 984 2678; x_wconf 90' lang='lat' dir='ltr'>bic</span> <span class='ocrx_word' id='word_1_197' title='bbox 999 2615 1227 2697; x_wconf 82' lang='lat' dir='ltr'>paterfamilias:</span> <span class='ocrx_word' id='word_1_198' title='bbox 1246 2617 1384 2690; x_wconf 80' lang='lat' dir='ltr'>familias</span> <span class='ocrx_word' id='word_1_199' title='bbox 1397 2615 1442 2674; x_wconf 93' lang='lat' dir='ltr'>in·</span> 
     </span>
     <span class='ocr_line' id='line_1_24' title="bbox 152 2716 1443 2801; baseline 0 -25"><span class='ocrx_word' id='word_1_200' title='bbox 152 2716 329 2779; x_wconf 89' lang='lat' dir='ltr'>declinabile</span> <span class='ocrx_word' id='word_1_201' title='bbox 344 2726 399 2788; x_wconf 87' lang='lat' dir='ltr'>est,</span> <span class='ocrx_word' id='word_1_202' title='bbox 419 2716 424 2801; x_wconf 78' lang='lat' dir='ltr'>l</span> <span class='ocrx_word' id='word_1_203' title='bbox 444 2737 624 2800; x_wconf 84' lang='lat' dir='ltr'>quamquam</span> <span class='ocrx_word' id='word_1_204' title='bbox 639 2718 724 2780; x_wconf 86' lang='lat' dir='ltr'>multi</span> <span class='ocrx_word' id='word_1_205' title='bbox 744 2719 843 2781; x_wconf 91' lang='lat' dir='ltr'>dicant</span> <span class='ocrx_word' id='word_1_206' title='bbox 863 2739 928 2781; x_wconf 90' lang='lat' dir='ltr'>esse</span> <span class='ocrx_word' id='word_1_207' title='bbox 949 2722 1116 2798; x_wconf 84' lang='lat' dir='ltr'>genetivum</span> <span class='ocrx_word' id='word_1_208' title='bbox 1132 2737 1256 2798; x_wconf 84' lang='lat' dir='ltr'>graecae</span> <span class='ocrx_word' id='word_1_209' title='bbox 1271 2716 1443 2778; x_wconf 90' lang='lat' dir='ltr'>declinatio·</span> 
     </span>
     <span class='ocr_line' id='line_1_25' title="bbox 151 2819 1512 2904; baseline 0.001 -25"><span class='ocrx_word' id='word_1_210' title='bbox 151 2822 205 2880; x_wconf 71' lang='lat' dir='ltr'>nin</span> <span class='ocrx_word' id='word_1_211' title='bbox 236 2819 288 2882; x_wconf 88' lang='lat' dir='ltr'>sed</span> <span class='ocrx_word' id='word_1_212' title='bbox 311 2820 418 2882; x_wconf 88' lang='lat' dir='ltr'>melius</span> <span class='ocrx_word' id='word_1_213' title='bbox 439 2822 554 2883; x_wconf 88' lang='lat' dir='ltr'>dicetur</span> <span class='ocrx_word' id='word_1_214' title='bbox 568 2840 677 2883; x_wconf 91' lang='lat' dir='ltr'>nomen</span> <span class='ocrx_word' id='word_1_215' title='bbox 692 2841 759 2884; x_wconf 80' lang='lat' dir='ltr'>esse</span> <span class='ocrx_word' id='word_1_216' title='bbox 772 2822 991 2893; x_wconf 87' lang='lat' dir='ltr'>indeclinabile,</span> <span class='ocrx_word' id='word_1_217' title='bbox 1009 2824 1147 2904; x_wconf 87' lang='lat' dir='ltr'>quoniam</span> <span class='ocrx_word' id='word_1_218' title='bbox 1164 2840 1223 2883; x_wconf 94' lang='lat' dir='ltr'>non</span> <span class='ocrx_word' id='word_1_219' title='bbox 1240 2820 1308 2882; x_wconf 88' lang='lat' dir='ltr'>licet</span> <span class='ocrx_word' id='word_1_220' title='bbox 1322 2820 1443 2881; x_wconf 91' lang='lat' dir='ltr'>latinum</span> <span class='ocrx_word' id='word_1_221' title='bbox 1509 2866 1512 2873; x_wconf 84' lang='lat'>.</span> 
     </span>
     <span class='ocr_line' id='line_1_26' title="bbox 152 2921 1488 3006; baseline -0.003 -25"><span class='ocrx_word' id='word_1_222' title='bbox 152 2940 257 2999; x_wconf 84' lang='lat' dir='ltr'>graeca</span> <span class='ocrx_word' id='word_1_223' title='bbox 279 2921 382 3003; x_wconf 80' lang='lat' dir='ltr'>regula</span> <span class='ocrx_word' id='word_1_224' title='bbox 410 2923 563 2985; x_wconf 88' lang='lat' dir='ltr'>declinari.</span> <span class='ocrx_word' id='word_1_225' title='bbox 588 2960 626 2969; x_wconf 91' lang='lat'><em>-</em></span> <span class='ocrx_word' id='word_1_226' title='bbox 650 2927 692 2985; x_wconf 80' lang='lat' dir='ltr'>vt</span> <span class='ocrx_word' id='word_1_227' title='bbox 718 2926 941 3006; x_wconf 87' lang='lat' dir='ltr'>praelectus</span> <span class='ocrx_word' id='word_1_228' title='bbox 970 2926 1148 3003; x_wconf 81' lang='lat' dir='ltr'>equitum:</span> <span class='ocrx_word' id='word_1_229' title='bbox 1174 2946 1192 2979; x_wconf 74' lang='lat' dir='ltr'>e</span> <span class='ocrx_word' id='word_1_230' title='bbox 1221 2932 1254 2985; x_wconf 89' lang='lat' dir='ltr'>ut</span> <span class='ocrx_word' id='word_1_231' title='bbox 1275 2923 1444 3003; x_wconf 84' lang='lat' dir='ltr'>praelectus</span> <span class='ocrx_word' id='word_1_232' title='bbox 1458 2928 1488 2977; x_wconf 78' lang='lat'>12</span> 
     </span>
    </p>

    <p class='ocr_par' dir='ltr' id='par_1_11' title="bbox 118 3023 1489 3516">
     <span class='ocr_line' id='line_1_27' title="bbox 118 3023 1443 3109; baseline 0.001 -26"><span class='ocrx_word' id='word_1_233' title='bbox 118 3023 287 3102; x_wconf 65' lang='lat' dir='ltr'>strigilibus</span> <span class='ocrx_word' id='word_1_234' title='bbox 302 3023 430 3086; x_wconf 87' lang='lat' dir='ltr'>elocutio</span> <span class='ocrx_word' id='word_1_235' title='bbox 445 3034 499 3096; x_wconf 67' lang='lat' dir='ltr'>est,</span> <span class='ocrx_word' id='word_1_236' title='bbox 521 3045 580 3088; x_wconf 91' lang='lat' dir='ltr'>non</span> <span class='ocrx_word' id='word_1_237' title='bbox 596 3046 715 3097; x_wconf 91' lang='lat' dir='ltr'>nomen,</span> <span class='ocrx_word' id='word_1_238' title='bbox 738 3027 795 3087; x_wconf 90' lang='lat' dir='ltr'>boc</span> <span class='ocrx_word' id='word_1_239' title='bbox 812 3035 855 3088; x_wconf 84' lang='lat' dir='ltr'>est</span> <span class='ocrx_word' id='word_1_240' title='bbox 870 3030 920 3109; x_wconf 91' lang='lat' dir='ltr'>qui</span> <span class='ocrx_word' id='word_1_241' title='bbox 935 3035 1053 3107; x_wconf 88' lang='lat' dir='ltr'>praeest</span> <span class='ocrx_word' id='word_1_242' title='bbox 1068 3026 1212 3105; x_wconf 79' lang='lat' dir='ltr'>vigilibus,</span> <span class='ocrx_word' id='word_1_243' title='bbox 1237 3028 1305 3107; x_wconf 88' lang='lat' dir='ltr'>quia</span> <span class='ocrx_word' id='word_1_244' title='bbox 1321 3043 1443 3087; x_wconf 86' lang='lat' dir='ltr'>necessa</span> 
     </span>
     <span class='ocr_line' id='line_1_28' title="bbox 154 3127 1443 3210; baseline 0.002 -25"><span class='ocrx_word' id='word_1_245' title='bbox 154 3133 200 3185; x_wconf 90' lang='lat' dir='ltr'>est</span> <span class='ocrx_word' id='word_1_246' title='bbox 219 3127 329 3206; x_wconf 89' lang='lat' dir='ltr'>aliquid</span> <span class='ocrx_word' id='word_1_247' title='bbox 352 3130 518 3207; x_wconf 90' lang='lat' dir='ltr'>interponi,</span> <span class='ocrx_word' id='word_1_248' title='bbox 542 3130 610 3206; x_wconf 83' lang='lat' dir='ltr'>quia</span> <span class='ocrx_word' id='word_1_249' title='bbox 632 3131 728 3208; x_wconf 80' lang='lat' dir='ltr'>magis</span> <span class='ocrx_word' id='word_1_250' title='bbox 750 3130 785 3190; x_wconf 91' lang='lat' dir='ltr'>ad</span> <span class='ocrx_word' id='word_1_251' title='bbox 808 3132 997 3210; x_wconf 85' lang='lat' dir='ltr'>participium</span> <span class='ocrx_word' id='word_1_252' title='bbox 1019 3130 1162 3200; x_wconf 82' lang='lat' dir='ltr'>retertur,</span> <span class='ocrx_word' id='word_1_253' title='bbox 1193 3131 1260 3208; x_wconf 87' lang='lat' dir='ltr'>quia</span> <span class='ocrx_word' id='word_1_254' title='bbox 1287 3129 1443 3208; x_wconf 86' lang='lat' dir='ltr'>praeficior</span> 
     </span>
     <span class='ocr_line' id='line_1_29' title="bbox 152 3228 1444 3311; baseline 0.002 -24"><span class='ocrx_word' id='word_1_255' title='bbox 152 3228 222 3288; x_wconf 86' lang='lat' dir='ltr'>lacit</span> <span class='ocrx_word' id='word_1_256' title='bbox 242 3230 423 3308; x_wconf 82' lang='lat' dir='ltr'>praelectus,</span> <span class='ocrx_word' id='word_1_257' title='bbox 445 3238 480 3291; x_wconf 91' lang='lat' dir='ltr'>ut</span> <span class='ocrx_word' id='word_1_258' title='bbox 500 3232 692 3308; x_wconf 84' lang='lat' dir='ltr'>commender</span> <span class='ocrx_word' id='word_1_259' title='bbox 714 3231 951 3303; x_wconf 86' lang='lat' dir='ltr'>commendatus,</span> <span class='ocrx_word' id='word_1_260' title='bbox 975 3231 1078 3293; x_wconf 86' lang='lat' dir='ltr'>trador</span> <span class='ocrx_word' id='word_1_261' title='bbox 1099 3230 1221 3293; x_wconf 85' lang='lat' dir='ltr'>traditus</span> <span class='ocrx_word' id='word_1_262' title='bbox 1245 3229 1298 3311; x_wconf 88' lang='lat' dir='ltr'>[ita</span> <span class='ocrx_word' id='word_1_263' title='bbox 1315 3238 1345 3291; x_wconf 92' lang='lat' dir='ltr'>et</span> <span class='ocrx_word' id='word_1_264' title='bbox 1358 3248 1444 3311; x_wconf 88' lang='lat' dir='ltr'>prae·</span> 
     </span>
     <span class='ocr_line' id='line_1_30' title="bbox 153 3330 1489 3415; baseline 0.001 -25"><span class='ocrx_word' id='word_1_265' title='bbox 153 3330 246 3391; x_wconf 83' lang='lat' dir='ltr'>lectus</span> <span class='ocrx_word' id='word_1_266' title='bbox 265 3330 360 3394; x_wconf 85' lang='lat' dir='ltr'>orbis.</span> <span class='ocrx_word' id='word_1_267' title='bbox 398 3334 534 3411; x_wconf 79' lang='lat' dir='ltr'>genetivo</span> <span class='ocrx_word' id='word_1_268' title='bbox 555 3334 702 3413; x_wconf 83' lang='lat' dir='ltr'>iungitur,</span> <span class='ocrx_word' id='word_1_269' title='bbox 730 3341 763 3394; x_wconf 90' lang='lat' dir='ltr'>ut</span> <span class='ocrx_word' id='word_1_270' title='bbox 793 3336 957 3395; x_wconf 86' lang='lat' dir='ltr'>‘inmitis</span> <span class='ocrx_word' id='word_1_271' title='bbox 987 3332 1168 3415; x_wconf 69' lang='lat' dir='ltr'>Achilli’}</span> <span class='ocrx_word' id='word_1_272' title='bbox 1193 3368 1234 3379; x_wconf 88' lang='lat'>—-</span> <span class='ocrx_word' id='word_1_273' title='bbox 1257 3332 1353 3403; x_wconf 83' lang='lat' dir='ltr'>Quae</span> <span class='ocrx_word' id='word_1_274' title='bbox 1383 3336 1489 3393; x_wconf 83' lang='lat' dir='ltr'>aut14</span> 
     </span>
     <span class='ocr_line' id='line_1_31' title="bbox 154 3434 1441 3516; baseline 0.002 -25"><span class='ocrx_word' id='word_1_275' title='bbox 154 3434 355 3512; x_wconf 83' lang='lat' dir='ltr'>composita</span> <span class='ocrx_word' id='word_1_276' title='bbox 383 3443 481 3495; x_wconf 82' lang='lat' dir='ltr'>sunt:</span> <span class='ocrx_word' id='word_1_277' title='bbox 510 3454 548 3497; x_wconf 93' lang='lat' dir='ltr'>ne</span> <span class='ocrx_word' id='word_1_278' title='bbox 570 3435 703 3497; x_wconf 87' lang='lat' dir='ltr'>videatur</span> <span class='ocrx_word' id='word_1_279' title='bbox 732 3455 797 3499; x_wconf 83' lang='lat' dir='ltr'>esse</span> <span class='ocrx_word' id='word_1_280' title='bbox 819 3438 1000 3503; x_wconf 85' lang='lat' dir='ltr'>contrarium</span> <span class='ocrx_word' id='word_1_281' title='bbox 1029 3435 1107 3516; x_wconf 88' lang='lat' dir='ltr'>quod</span> <span class='ocrx_word' id='word_1_282' title='bbox 1130 3436 1203 3497; x_wconf 83' lang='lat' dir='ltr'>dicit</span> <span class='ocrx_word' id='word_1_283' title='bbox 1225 3436 1343 3497; x_wconf 84' lang='lat' dir='ltr'>nomina</span> <span class='ocrx_word' id='word_1_284' title='bbox 1372 3452 1441 3495; x_wconf 89' lang='lat' dir='ltr'>con·</span> 
     </span>
    </p>

    <p class='ocr_par' dir='ltr' id='par_1_12' title="bbox 120 3535 1444 3824">
     <span class='ocr_line' id='line_1_32' title="bbox 120 3535 1444 3619; baseline -0.001 -22"><span class='ocrx_word' id='word_1_285' title='bbox 120 3535 248 3613; x_wconf 77' lang='lat' dir='ltr'>reposita</span> <span class='ocrx_word' id='word_1_286' title='bbox 269 3554 328 3596; x_wconf 89' lang='lat' dir='ltr'>non</span> <span class='ocrx_word' id='word_1_287' title='bbox 351 3536 463 3598; x_wconf 89' lang='lat' dir='ltr'>debere</span> <span class='ocrx_word' id='word_1_288' title='bbox 485 3539 638 3618; x_wconf 89' lang='lat' dir='ltr'>componi,</span> <span class='ocrx_word' id='word_1_289' title='bbox 663 3540 774 3619; x_wconf 86' lang='lat' dir='ltr'>quippe</span> <span class='ocrx_word' id='word_1_290' title='bbox 794 3557 862 3600; x_wconf 85' lang='lat' dir='ltr'>curn</span> <span class='ocrx_word' id='word_1_291' title='bbox 885 3540 1021 3619; x_wconf 84' lang='lat' dir='ltr'>superius</span> <span class='ocrx_word' id='word_1_292' title='bbox 1036 3537 1143 3600; x_wconf 82' lang='lat' dir='ltr'>dixerit</span> <span class='ocrx_word' id='word_1_293' title='bbox 1158 3536 1343 3619; x_wconf 82' lang='lat' dir='ltr'>expluribus</span> <span class='ocrx_word' id='word_1_294' title='bbox 1358 3555 1444 3617; x_wconf 88' lang='lat' dir='ltr'>posse</span> 
     </span>
     <span class='ocr_line' id='line_1_33' title="bbox 155 3637 1443 3721; baseline 0.003 -26"><span class='ocrx_word' id='word_1_295' title='bbox 155 3640 294 3716; x_wconf 88' lang='lat' dir='ltr'>conponi,</span> <span class='ocrx_word' id='word_1_296' title='bbox 317 3639 389 3701; x_wconf 93' lang='lat' dir='ltr'>inde</span> <span class='ocrx_word' id='word_1_297' title='bbox 410 3637 643 3719; x_wconf 76' lang='lat' dir='ltr'>intellegendum</span> <span class='ocrx_word' id='word_1_298' title='bbox 666 3648 724 3711; x_wconf 89' lang='lat' dir='ltr'>est,</span> <span class='ocrx_word' id='word_1_299' title='bbox 748 3640 826 3721; x_wconf 87' lang='lat' dir='ltr'>quod</span> <span class='ocrx_word' id='word_1_300' title='bbox 849 3644 908 3701; x_wconf 89' lang='lat' dir='ltr'>iam</span> <span class='ocrx_word' id='word_1_301' title='bbox 931 3643 1127 3721; x_wconf 86' lang='lat' dir='ltr'>compositum</span> <span class='ocrx_word' id='word_1_302' title='bbox 1150 3644 1247 3707; x_wconf 80' lang='lat' dir='ltr'>estin</span> <span class='ocrx_word' id='word_1_303' title='bbox 1263 3641 1443 3700; x_wconf 87' lang='lat' dir='ltr'>contrarium</span> 
     </span>
     <span class='ocr_line' id='line_1_34' title="bbox 155 3742 1443 3824; baseline 0.002 -26"><span class='ocrx_word' id='word_1_304' title='bbox 155 3756 271 3799; x_wconf 87' lang='lat' dir='ltr'>sensum</span> <span class='ocrx_word' id='word_1_305' title='bbox 286 3758 347 3801; x_wconf 91' lang='lat' dir='ltr'>non</span> <span class='ocrx_word' id='word_1_306' title='bbox 367 3760 455 3821; x_wconf 81' lang='lat' dir='ltr'>posse</span> <span class='ocrx_word' id='word_1_307' title='bbox 477 3744 615 3822; x_wconf 82' lang='lat' dir='ltr'>conponi</span> <span class='ocrx_word' id='word_1_308' title='bbox 645 3750 678 3804; x_wconf 92' lang='lat' dir='ltr'>ut</span> <span class='ocrx_word' id='word_1_309' title='bbox 699 3751 768 3823; x_wconf 91' lang='lat' dir='ltr'>puta</span> <span class='ocrx_word' id='word_1_310' title='bbox 791 3742 861 3804; x_wconf 83' lang='lat' dir='ltr'>lelix</span> <span class='ocrx_word' id='word_1_311' title='bbox 877 3761 998 3804; x_wconf 81' lang='lat' dir='ltr'>sensum</span> <span class='ocrx_word' id='word_1_312' title='bbox 1015 3762 1098 3804; x_wconf 83' lang='lat' dir='ltr'>suum</span> <span class='ocrx_word' id='word_1_313' title='bbox 1113 3742 1216 3812; x_wconf 80' lang='lat' dir='ltr'>babet:</span> <span class='ocrx_word' id='word_1_314' title='bbox 1237 3742 1242 3824; x_wconf 85' lang='grc' dir='ltr'>Ι</span> <span class='ocrx_word' id='word_1_315' title='bbox 1262 3744 1443 3803; x_wconf 86' lang='lat' dir='ltr'>contrarium</span> 
     </span>
    </p>
   </div>
   <div class='ocr_carea' id='block_1_3' title="bbox 156 3978 1446 4329">
    <p class='ocr_par' dir='ltr' id='par_1_13' title="bbox 156 3978 1446 4329">
     <span class='ocr_line' id='line_1_35' title="bbox 223 3978 1444 4102; baseline -0.001 -72"><span class='ocrx_word' id='word_1_316' title='bbox 223 3979 283 4031; x_wconf 76' lang='lat' dir='ltr'>cod.</span> <span class='ocrx_word' id='word_1_317' title='bbox 303 3980 384 4032; x_wconf 81' lang='lat' dir='ltr'>Bern.</span> <span class='ocrx_word' id='word_1_318' title='bbox 405 3980 451 4029; x_wconf 92' lang='lat' dir='ltr'>Vll</span> <span class='ocrx_word' id='word_1_319' title='bbox 470 3978 571 4033; x_wconf 77' lang='lat' dir='ltr'>3*-b.</span> <span class='ocrx_word' id='word_1_320' title='bbox 641 3978 751 4047; x_wconf 87' lang='lat' dir='ltr'>lquae]</span> <span class='ocrx_word' id='word_1_321' title='bbox 771 3996 821 4044; x_wconf 84' lang='lat' dir='ltr'>qua</span> <span class='ocrx_word' id='word_1_322' title='bbox 881 3980 1003 4031; x_wconf 76' lang='lat' dir='ltr'>facillima</span> <span class='ocrx_word' id='word_1_323' title='bbox 1074 3980 1192 4102; x_wconf 57' lang='lat' dir='ltr'>3dicatp</span> <span class='ocrx_word' id='word_1_324' title='bbox 1210 3982 1266 4031; x_wconf 82' lang='lat' dir='ltr'>dica</span> <span class='ocrx_word' id='word_1_325' title='bbox 1315 3982 1444 4047; x_wconf 75' lang='lat' dir='ltr'>dgenere</span> 
     </span>
     <span class='ocr_line' id='line_1_36' title="bbox 201 4048 1444 4118; baseline 0.002 -19"><span class='ocrx_word' id='word_1_326' title='bbox 201 4048 390 4117; x_wconf 74' lang='lat' dir='ltr'>&#39;diumlturn</span> <span class='ocrx_word' id='word_1_327' title='bbox 404 4063 472 4099; x_wconf 74' lang='lat' dir='ltr'>corr.</span> <span class='ocrx_word' id='word_1_328' title='bbox 491 4051 544 4099; x_wconf 85' lang='lat' dir='ltr'>ium</span> <span class='ocrx_word' id='word_1_329' title='bbox 614 4049 647 4118; x_wconf 78' lang='lat' dir='ltr'>ei]</span> <span class='ocrx_word' id='word_1_330' title='bbox 667 4067 707 4102; x_wconf 80' lang='lat' dir='ltr'>.a.</span> <span class='ocrx_word' id='word_1_331' title='bbox 778 4049 904 4118; x_wconf 74' lang='lat' dir='ltr'>larterrr]</span> <span class='ocrx_word' id='word_1_332' title='bbox 926 4068 984 4102; x_wconf 85' lang='lat' dir='ltr'>arce</span> <span class='ocrx_word' id='word_1_333' title='bbox 1053 4051 1176 4102; x_wconf 75' lang='lat' dir='ltr'>dotano</span> <span class='ocrx_word' id='word_1_334' title='bbox 1195 4050 1444 4102; x_wconf 86' lang='lat' dir='ltr'>iliorumutanclro·</span> 
     </span>
     <span class='ocr_line' id='line_1_37' title="bbox 156 4118 1446 4189; baseline 0 -22"><span class='ocrx_word' id='word_1_335' title='bbox 156 4118 244 4167; x_wconf 85' lang='lat' dir='ltr'>liorunr</span> <span class='ocrx_word' id='word_1_336' title='bbox 315 4122 469 4171; x_wconf 67' lang='lat' dir='ltr'>inornatos</span> <span class='ocrx_word' id='word_1_337' title='bbox 539 4122 572 4171; x_wconf 73' lang='lat'>14</span> <span class='ocrx_word' id='word_1_338' title='bbox 591 4121 792 4183; x_wconf 84' lang='lat' dir='ltr'>luraequlritium</span> <span class='ocrx_word' id='word_1_339' title='bbox 811 4122 991 4188; x_wconf 74' lang='lat' dir='ltr'>expugnauilia</span> <span class='ocrx_word' id='word_1_340' title='bbox 1047 4122 1079 4173; x_wconf 75' lang='lat'>15</span> <span class='ocrx_word' id='word_1_341' title='bbox 1098 4122 1120 4170; x_wconf 85' lang='lat' dir='ltr'>sl</span> <span class='ocrx_word' id='word_1_342' title='bbox 1138 4122 1266 4189; x_wconf 87' lang='lat' dir='ltr'>adduplicl</span> <span class='ocrx_word' id='word_1_343' title='bbox 1338 4122 1369 4172; x_wconf 79' lang='lat'>17</span> <span class='ocrx_word' id='word_1_344' title='bbox 1383 4120 1446 4169; x_wconf 89' lang='lat' dir='ltr'>aliut</span> 
     </span>
     <span class='ocr_line' id='line_1_38' title="bbox 224 4188 1444 4259; baseline 0 -20"><span class='ocrx_word' id='word_1_345' title='bbox 224 4188 332 4239; x_wconf 85' lang='lat' dir='ltr'>18aliut</span> <span class='ocrx_word' id='word_1_346' title='bbox 401 4191 514 4241; x_wconf 68' lang='lat' dir='ltr'>mundo</span> <span class='ocrx_word' id='word_1_347' title='bbox 530 4206 599 4245; x_wconf 85' lang='lat' dir='ltr'>corr.</span> <span class='ocrx_word' id='word_1_348' title='bbox 619 4193 654 4244; x_wconf 89' lang='lat' dir='ltr'>al.</span> <span class='ocrx_word' id='word_1_349' title='bbox 671 4208 736 4241; x_wconf 77' lang='lat' dir='ltr'>marr.</span> <span class='ocrx_word' id='word_1_350' title='bbox 753 4193 827 4243; x_wconf 88' lang='lat' dir='ltr'>-dum</span> <span class='ocrx_word' id='word_1_351' title='bbox 898 4193 929 4243; x_wconf 76' lang='lat'>21</span> <span class='ocrx_word' id='word_1_352' title='bbox 950 4191 1061 4243; x_wconf 76' lang='lat' dir='ltr'>tantitas</span> <span class='ocrx_word' id='word_1_353' title='bbox 1078 4207 1123 4245; x_wconf 82' lang='lat' dir='ltr'>om.</span> <span class='ocrx_word' id='word_1_354' title='bbox 1196 4189 1444 4259; x_wconf 77' lang='lat' dir='ltr'>241·eguta]muna</span> 
     </span>
     <span class='ocr_line' id='line_1_39' title="bbox 224 4259 1074 4329; baseline 0 -18"><span class='ocrx_word' id='word_1_355' title='bbox 224 4259 257 4311; x_wconf 73' lang='lat'>26</span> <span class='ocrx_word' id='word_1_356' title='bbox 273 4262 332 4324; x_wconf 86' lang='lat' dir='ltr'>quia</span> <span class='ocrx_word' id='word_1_357' title='bbox 350 4260 469 4326; x_wconf 77' lang='lat' dir='ltr'>praeficio</span> <span class='ocrx_word' id='word_1_358' title='bbox 538 4261 572 4311; x_wconf 81' lang='lat'>27</span> <span class='ocrx_word' id='word_1_359' title='bbox 589 4270 617 4312; x_wconf 90' lang='lat' dir='ltr'>ut</span> <span class='ocrx_word' id='word_1_360' title='bbox 632 4262 796 4312; x_wconf 70' lang='lat' dir='ltr'>commendes</span> <span class='ocrx_word' id='word_1_361' title='bbox 865 4260 969 4329; x_wconf 71' lang='grc'>28111]</span> <span class='ocrx_word' id='word_1_362' title='bbox 991 4272 1074 4313; x_wconf 86' lang='lat' dir='ltr'>autem</span> 
     </span>
    </p>
   </div>
   <div class='ocr_carea' id='block_1_4' title="bbox 159 4400 458 4408">
    <p class='ocr_par' dir='ltr' id='par_1_14' title="bbox 159 4400 458 4408">
     <span class='ocr_line' id='line_1_40' title="bbox 159 4400 458 4408; baseline 0.01 -3"><span class='ocrx_word' id='word_1_363' title='bbox 159 4400 268 4406; x_wconf 79' lang='lat'><em>.--...--.-</em></span> <span class='ocrx_word' id='word_1_364' title='bbox 278 4402 346 4406; x_wconf 76' lang='lat'>--</span> <span class='ocrx_word' id='word_1_365' title='bbox 356 4401 458 4408; x_wconf 75' lang='lat'>......—.</span> 
     </span>
    </p>
   </div>
   <div class='ocr_carea' id='block_1_5' title="bbox 154 4465 1444 4959">
    <p class='ocr_par' dir='ltr' id='par_1_15' title="bbox 154 4465 1444 4959">
     <span class='ocr_line' id='line_1_41' title="bbox 222 4465 1442 4533; baseline 0.003 -18"><span class='ocrx_word' id='word_1_366' title='bbox 222 4465 389 4517; x_wconf 67' lang='lat' dir='ltr'>accinctius</span> <span class='ocrx_word' id='word_1_367' title='bbox 407 4465 494 4517; x_wconf 80' lang='lat' dir='ltr'>Gallae</span> <span class='ocrx_word' id='word_1_368' title='bbox 516 4468 621 4518; x_wconf 79' lang='lat' dir='ltr'>coniecit</span> <span class='ocrx_word' id='word_1_369' title='bbox 638 4466 802 4533; x_wconf 77' lang='lat' dir='ltr'>Spaldinpr’ur</span> <span class='ocrx_word' id='word_1_370' title='bbox 817 4470 843 4518; x_wconf 77' lang='lat' dir='ltr'>in</span> <span class='ocrx_word' id='word_1_371' title='bbox 860 4466 962 4528; x_wconf 82' lang='lat' dir='ltr'>Quintil.</span> <span class='ocrx_word' id='word_1_372' title='bbox 979 4468 988 4516; x_wconf 98' lang='lat' dir='ltr'>l</span> <span class='ocrx_word' id='word_1_373' title='bbox 1009 4470 1033 4527; x_wconf 83' lang='lat'>5,</span> <span class='ocrx_word' id='word_1_374' title='bbox 1055 4467 1101 4519; x_wconf 84' lang='lat'>16:</span> <span class='ocrx_word' id='word_1_375' title='bbox 1120 4468 1154 4531; x_wconf 80' lang='lat' dir='ltr'>cf.</span> <span class='ocrx_word' id='word_1_376' title='bbox 1179 4470 1296 4533; x_wconf 75' lang='lat' dir='ltr'>Vnperue</span> <span class='ocrx_word' id='word_1_377' title='bbox 1313 4466 1345 4517; x_wconf 85' lang='lat' dir='ltr'>de</span> <span class='ocrx_word' id='word_1_378' title='bbox 1367 4468 1442 4531; x_wconf 75' lang='lat' dir='ltr'>anp.</span> 
     </span>
     <span class='ocr_line' id='line_1_42' title="bbox 155 4535 1442 4603; baseline -0.002 -15"><span class='ocrx_word' id='word_1_379' title='bbox 155 4549 231 4597; x_wconf 72' lang='lat' dir='ltr'>m.</span> <span class='ocrx_word' id='word_1_380' title='bbox 248 4535 346 4601; x_wconf 60' lang='grc'>11391.</span> <span class='ocrx_word' id='word_1_381' title='bbox 366 4538 390 4587; x_wconf 87' lang='lat'>1.</span> <span class='ocrx_word' id='word_1_382' title='bbox 403 4535 535 4587; x_wconf 79' lang='lat' dir='ltr'>Beckerur</span> <span class='ocrx_word' id='word_1_383' title='bbox 549 4537 644 4600; x_wconf 71' lang='lat' dir='ltr'>opleta.</span> <span class='ocrx_word' id='word_1_384' title='bbox 662 4540 741 4602; x_wconf 80' lang='lat' dir='ltr'>antiq.</span> <span class='ocrx_word' id='word_1_385' title='bbox 758 4536 903 4603; x_wconf 61' lang='lat' dir='ltr'>(mamus.</span> <span class='ocrx_word' id='word_1_386' title='bbox 919 4536 1043 4603; x_wconf 72' lang='lat' dir='ltr'>Alorco.)</span> <span class='ocrx_word' id='word_1_387' title='bbox 1058 4554 1083 4591; x_wconf 87' lang='lat' dir='ltr'>a.</span> <span class='ocrx_word' id='word_1_388' title='bbox 1098 4538 1164 4589; x_wconf 78' lang='lat'>1847</span> <span class='ocrx_word' id='word_1_389' title='bbox 1178 4555 1207 4603; x_wconf 85' lang='lat' dir='ltr'>p.</span> <span class='ocrx_word' id='word_1_390' title='bbox 1226 4538 1302 4590; x_wconf 77' lang='lat'><strong>1065.</strong></span> <span class='ocrx_word' id='word_1_391' title='bbox 1322 4537 1442 4587; x_wconf 77' lang='lat' dir='ltr'>Ribbeck.</span> 
     </span>
     <span class='ocr_line' id='line_1_43' title="bbox 154 4604 1444 4673; baseline 0 -18"><span class='ocrx_word' id='word_1_392' title='bbox 154 4608 219 4667; x_wconf 72' lang='lat' dir='ltr'>prol.</span> <span class='ocrx_word' id='word_1_393' title='bbox 236 4608 261 4655; x_wconf 82' lang='lat' dir='ltr'>in</span> <span class='ocrx_word' id='word_1_394' title='bbox 280 4608 359 4672; x_wconf 70' lang='lat' dir='ltr'>Verp.</span> <span class='ocrx_word' id='word_1_395' title='bbox 375 4623 404 4672; x_wconf 81' lang='lat' dir='ltr'>p.</span> <span class='ocrx_word' id='word_1_396' title='bbox 418 4606 453 4658; x_wconf 81' lang='lat' dir='ltr'>uu</span> <span class='ocrx_word' id='word_1_397' title='bbox 504 4604 695 4673; x_wconf 81' lang='lat' dir='ltr'>llanciliorum]</span> <span class='ocrx_word' id='word_1_398' title='bbox 715 4608 783 4659; x_wconf 84' lang='lat' dir='ltr'>Hor.</span> <span class='ocrx_word' id='word_1_399' title='bbox 801 4624 877 4658; x_wconf 67' lang='lat' dir='ltr'>eorm.</span> <span class='ocrx_word' id='word_1_400' title='bbox 895 4608 928 4656; x_wconf 98' lang='lat' dir='ltr'>lll</span> <span class='ocrx_word' id='word_1_401' title='bbox 946 4610 971 4667; x_wconf 81' lang='lat' dir='ltr'>d,</span> <span class='ocrx_word' id='word_1_402' title='bbox 987 4608 1020 4658; x_wconf 90' lang='grc'>10</span> <span class='ocrx_word' id='word_1_403' title='bbox 1072 4610 1105 4658; x_wconf 78' lang='grc'>24</span> <span class='ocrx_word' id='word_1_404' title='bbox 1124 4623 1214 4673; x_wconf 79' lang='lat' dir='ltr'>graeco</span> <span class='ocrx_word' id='word_1_405' title='bbox 1232 4622 1301 4657; x_wconf 86' lang='lat' dir='ltr'>move</span> <span class='ocrx_word' id='word_1_406' title='bbox 1318 4608 1444 4658; x_wconf 85' lang='lat' dir='ltr'>declinare</span> 
     </span>
     <span class='ocr_line' id='line_1_44' title="bbox 158 4674 1444 4744; baseline -0.001 -17"><span class='ocrx_word' id='word_1_407' title='bbox 158 4674 299 4728; x_wconf 70' lang='lat' dir='ltr'>ffloeliua:</span> <span class='ocrx_word' id='word_1_408' title='bbox 313 4678 349 4741; x_wconf 69' lang='grc' dir='ltr'>εί.</span> <span class='ocrx_word' id='word_1_409' title='bbox 369 4678 480 4741; x_wconf 81' lang='lat' dir='ltr'>Ponrper’.</span> <span class='ocrx_word' id='word_1_410' title='bbox 497 4693 524 4741; x_wconf 84' lang='lat' dir='ltr'>p.</span> <span class='ocrx_word' id='word_1_411' title='bbox 542 4678 593 4729; x_wconf 80' lang='lat'>190</span> <span class='ocrx_word' id='word_1_412' title='bbox 610 4678 651 4730; x_wconf 84' lang='lat' dir='ltr'>ed.</span> <span class='ocrx_word' id='word_1_413' title='bbox 670 4679 747 4733; x_wconf 84' lang='lat' dir='ltr'>Lind.</span> <span class='ocrx_word' id='word_1_414' title='bbox 768 4678 837 4743; x_wconf 90' lang='lat' dir='ltr'>apud</span> <span class='ocrx_word' id='word_1_415' title='bbox 854 4678 964 4726; x_wconf 79' lang='lat' dir='ltr'>maiorer</span> <span class='ocrx_word' id='word_1_416' title='bbox 987 4679 1053 4726; x_wconf 89' lang='lat' dir='ltr'>enim</span> <span class='ocrx_word' id='word_1_417' title='bbox 1076 4689 1175 4727; x_wconf 84' lang='lat' dir='ltr'>nostros</span> <span class='ocrx_word' id='word_1_418' title='bbox 1197 4678 1319 4744; x_wconf 88' lang='lat' dir='ltr'>pleraque</span> <span class='ocrx_word' id='word_1_419' title='bbox 1343 4681 1444 4727; x_wconf 82' lang='lat' dir='ltr'>nonrina</span> 
     </span>
     <span class='ocr_line' id='line_1_45' title="bbox 158 4745 1443 4813; baseline 0.004 -21"><span class='ocrx_word' id='word_1_420' title='bbox 158 4746 276 4795; x_wconf 83' lang='lat' dir='ltr'>advitam</span> <span class='ocrx_word' id='word_1_421' title='bbox 294 4763 414 4813; x_wconf 75' lang='lat' dir='ltr'>graecum</span> <span class='ocrx_word' id='word_1_422' title='bbox 438 4748 629 4798; x_wconf 87' lang='lat' dir='ltr'>declinabantur</span> <span class='ocrx_word' id='word_1_423' title='bbox 681 4748 715 4799; x_wconf 80' lang='lat'>28</span> <span class='ocrx_word' id='word_1_424' title='bbox 731 4750 828 4798; x_wconf 78' lang='lat' dir='ltr'>inmitia</span> <span class='ocrx_word' id='word_1_425' title='bbox 842 4745 946 4813; x_wconf 79' lang='lat' dir='ltr'>nctritti]</span> <span class='ocrx_word' id='word_1_426' title='bbox 968 4750 1046 4812; x_wconf 74' lang='lat' dir='ltr'>Verp.</span> <span class='ocrx_word' id='word_1_427' title='bbox 1066 4748 1131 4799; x_wconf 80' lang='lat' dir='ltr'>Aen.</span> <span class='ocrx_word' id='word_1_428' title='bbox 1152 4748 1222 4801; x_wconf 85' lang='grc'>130.</span> <span class='ocrx_word' id='word_1_429' title='bbox 1242 4748 1335 4799; x_wconf 85' lang='grc'>11187,</span> <span class='ocrx_word' id='word_1_430' title='bbox 1357 4748 1443 4808; x_wconf 68' lang='lat' dir='ltr'>amba,</span> 
     </span>
     <span class='ocr_line' id='line_1_46' title="bbox 159 4816 1444 4883; baseline 0.004 -17"><span class='ocrx_word' id='word_1_431' title='bbox 159 4818 204 4866; x_wconf 69' lang='lat' dir='ltr'>alai</span> <span class='ocrx_word' id='word_1_432' title='bbox 217 4820 312 4869; x_wconf 66' lang='lat' dir='ltr'>ambo</span> <span class='ocrx_word' id='word_1_433' title='bbox 328 4817 361 4868; x_wconf 81' lang='lat' dir='ltr'>od</span> <span class='ocrx_word' id='word_1_434' title='bbox 374 4816 422 4868; x_wconf 82' lang='lat' dir='ltr'>doc</span> <span class='ocrx_word' id='word_1_435' title='bbox 437 4819 494 4869; x_wconf 82' lang='lat' dir='ltr'>loeo</span> <span class='ocrx_word' id='word_1_436' title='bbox 507 4819 593 4869; x_wconf 78' lang='lat' dir='ltr'>alieno</span> <span class='ocrx_word' id='word_1_437' title='bbox 607 4826 678 4873; x_wconf 79' lang='lat' dir='ltr'>emat.</span> <span class='ocrx_word' id='word_1_438' title='bbox 698 4834 728 4868; x_wconf 89' lang='lat' dir='ltr'>eo</span> <span class='ocrx_word' id='word_1_439' title='bbox 745 4820 848 4869; x_wconf 79' lang='lat' dir='ltr'>convitio</span> <span class='ocrx_word' id='word_1_440' title='bbox 865 4818 996 4881; x_wconf 74' lang='lat' dir='ltr'>adscripta</span> <span class='ocrx_word' id='word_1_441' title='bbox 1014 4832 1069 4868; x_wconf 78' lang='lat' dir='ltr'>eoae</span> <span class='ocrx_word' id='word_1_442' title='bbox 1085 4818 1209 4881; x_wconf 80' lang='lat' dir='ltr'>videntur,</span> <span class='ocrx_word' id='word_1_443' title='bbox 1229 4826 1256 4872; x_wconf 78' lang='lat' dir='ltr'>ul</span> <span class='ocrx_word' id='word_1_444' title='bbox 1272 4819 1377 4874; x_wconf 80' lang='lat' dir='ltr'>dalivrtm</span> <span class='ocrx_word' id='word_1_445' title='bbox 1394 4834 1444 4883; x_wconf 85' lang='lat' dir='ltr'>pro</span> 
     </span>
     <span class='ocr_line' id='line_1_47' title="bbox 158 4886 1398 4959; baseline 0.002 -24"><span class='ocrx_word' id='word_1_446' title='bbox 158 4888 273 4952; x_wconf 76' lang='lat' dir='ltr'>portatico,</span> <span class='ocrx_word' id='word_1_447' title='bbox 289 4888 345 4938; x_wconf 85' lang='lat' dir='ltr'>urbi</span> <span class='ocrx_word' id='word_1_448' title='bbox 355 4903 406 4953; x_wconf 84' lang='lat' dir='ltr'>pro</span> <span class='ocrx_word' id='word_1_449' title='bbox 422 4888 503 4954; x_wconf 83' lang='lat' dir='ltr'>urbis,</span> <span class='ocrx_word' id='word_1_450' title='bbox 514 4890 574 4956; x_wconf 83' lang='lat' dir='ltr'>poni</span> <span class='ocrx_word' id='word_1_451' title='bbox 587 4903 664 4953; x_wconf 79' lang='lat' dir='ltr'>pocae</span> <span class='ocrx_word' id='word_1_452' title='bbox 682 4888 729 4942; x_wconf 71' lang='lat' dir='ltr'>too</span> <span class='ocrx_word' id='word_1_453' title='bbox 747 4890 861 4959; x_wconf 68' lang='lat' dir='ltr'>eucarpio</span> <span class='ocrx_word' id='word_1_454' title='bbox 876 4886 1039 4954; x_wconf 81' lang='lat' dir='ltr'>probaretur.</span> <span class='ocrx_word' id='word_1_455' title='bbox 1396 4886 1398 4888; x_wconf 78' lang='grc'><strong>’</strong></span> 
     </span>
    </p>
   </div>
   <div class='ocr_carea' id='block_1_6' title="bbox 0 0 1768 5600">
    <p class='ocr_par' dir='ltr' id='par_1_16' title="bbox 0 0 1768 5600">
     <span class='ocr_line' id='line_1_48' title="bbox 0 0 1768 5600; baseline 0 0"><span class='ocrx_word' id='word_1_456' title='bbox 0 0 1768 5600; x_wconf 95' lang='lat' dir='ltr'> </span> 
     </span>
    </p>
   </div>
  </div>
 </body>
</html>
