<?xml version="1.0" encoding="UTF-8"?>
<!DOCTYPE html PUBLIC "-//W3C//DTD XHTML 1.0 Transitional//EN"
    "http://www.w3.org/TR/xhtml1/DTD/xhtml1-transitional.dtd">
<html xmlns="http://www.w3.org/1999/xhtml" xml:lang="en" lang="en">
 <head>
  <title>
</title>
<meta http-equiv="Content-Type" content="text/html;charset=utf-8" />
  <meta name='ocr-system' content='tesseract 3.04.00' />
  <meta name='ocr-capabilities' content='ocr_page ocr_carea ocr_par ocr_line ocrx_word'/>
</head>
<body>
  <div class='ocr_page' id='page_1' title='image "./grammaticilatin03hagagoog_0659.png"; bbox 0 0 3525 5600; ppageno 0'>
   <div class='ocr_carea' id='block_1_1' title="bbox 476 469 1414 632">
    <p class='ocr_par' dir='ltr' id='par_1_1' title="bbox 476 469 1414 632">
     <span class='ocr_line' id='line_1_1' title="bbox 476 469 1414 536; baseline 0.003 -6"><span class='ocrx_word' id='word_1_1' title='bbox 476 469 675 532; x_wconf 76' lang='lat' dir='ltr'>EXCERPTA</span> <span class='ocrx_word' id='word_1_2' title='bbox 699 470 899 532; x_wconf 80' lang='lat' dir='ltr'>nontnttsta</span> <span class='ocrx_word' id='word_1_3' title='bbox 922 469 1058 536; x_wconf 82' lang='lat'>35—38</span> <span class='ocrx_word' id='word_1_4' title='bbox 1351 469 1414 534; x_wconf 81' lang='lat'>649</span> 
     </span>
     <span class='ocr_line' id='line_1_2' title="bbox 1222 579 1389 632; baseline 0.006 -13"><span class='ocrx_word' id='word_1_5' title='bbox 1222 591 1244 632; x_wconf 73' lang='grc' dir='ltr'>ρ.</span> <span class='ocrx_word' id='word_1_6' title='bbox 1259 581 1347 622; x_wconf 82' lang='grc' dir='ltr'>ιιι-ιο</span> <span class='ocrx_word' id='word_1_7' title='bbox 1362 579 1389 620; x_wconf 92' lang='lat' dir='ltr'>v.</span> 
     </span>
    </p>
   </div>
   <div class='ocr_carea' id='block_1_2' title="bbox 73 656 1460 3179">
    <p class='ocr_par' dir='ltr' id='par_1_2' title="bbox 73 656 1460 3179">
     <span class='ocr_line' id='line_1_3' title="bbox 117 656 1414 739; baseline 0.006 -27"><span class='ocrx_word' id='word_1_8' title='bbox 117 671 188 715; x_wconf 87' lang='lat' dir='ltr'>cum</span> <span class='ocrx_word' id='word_1_9' title='bbox 211 675 267 716; x_wconf 88' lang='lat' dir='ltr'>nec</span> <span class='ocrx_word' id='word_1_10' title='bbox 288 663 375 718; x_wconf 91' lang='lat' dir='ltr'>nator</span> <span class='ocrx_word' id='word_1_11' title='bbox 397 674 453 717; x_wconf 88' lang='lat' dir='ltr'>nee</span> <span class='ocrx_word' id='word_1_12' title='bbox 475 656 610 718; x_wconf 74' lang='lat' dir='ltr'>ambedor</span> <span class='ocrx_word' id='word_1_13' title='bbox 633 657 692 719; x_wconf 91' lang='lat' dir='ltr'>dici</span> <span class='ocrx_word' id='word_1_14' title='bbox 715 661 821 738; x_wconf 80' lang='lat' dir='ltr'><strong>possit.</strong></span> <span class='ocrx_word' id='word_1_15' title='bbox 859 662 930 720; x_wconf 90' lang='lat' dir='ltr'>item</span> <span class='ocrx_word' id='word_1_16' title='bbox 953 661 1007 720; x_wconf 77' lang='lat' dir='ltr'>‘ad</span> <span class='ocrx_word' id='word_1_17' title='bbox 1030 659 1217 720; x_wconf 89' lang='lat' dir='ltr'>salutandum</span> <span class='ocrx_word' id='word_1_18' title='bbox 1242 661 1296 720; x_wconf 88' lang='lat' dir='ltr'>eo&#39;</span> <span class='ocrx_word' id='word_1_19' title='bbox 1319 663 1414 739; x_wconf 87' lang='lat' dir='ltr'>parti-</span> 
     </span>
     <span class='ocr_line' id='line_1_4' title="bbox 117 758 1414 836; baseline 0.006 -22"><span class='ocrx_word' id='word_1_20' title='bbox 117 758 232 836; x_wconf 89' lang='lat' dir='ltr'>ripium</span> <span class='ocrx_word' id='word_1_21' title='bbox 260 777 325 819; x_wconf 90' lang='lat' dir='ltr'>esse</span> <span class='ocrx_word' id='word_1_22' title='bbox 353 760 412 820; x_wconf 87' lang='lat' dir='ltr'>iam</span> <span class='ocrx_word' id='word_1_23' title='bbox 444 759 568 829; x_wconf 90' lang='lat' dir='ltr'>desinit,</span> <span class='ocrx_word' id='word_1_24' title='bbox 597 762 655 821; x_wconf 89' lang='lat' dir='ltr'>nisi</span> <span class='ocrx_word' id='word_1_25' title='bbox 686 761 834 822; x_wconf 87' lang='lat' dir='ltr'>adieceris</span> <span class='ocrx_word' id='word_1_26' title='bbox 861 759 905 821; x_wconf 90' lang='lat' dir='ltr'>vel</span> <span class='ocrx_word' id='word_1_27' title='bbox 934 761 1084 822; x_wconf 89' lang='lat' dir='ltr'>hominem</span> <span class='ocrx_word' id='word_1_28' title='bbox 1107 761 1153 834; x_wconf 90' lang='lat' dir='ltr'>vel</span> <span class='ocrx_word' id='word_1_29' title='bbox 1175 763 1335 822; x_wconf 78' lang='lat' dir='ltr'>amicum·</span> <span class='ocrx_word' id='word_1_30' title='bbox 1359 762 1414 822; x_wconf 89' lang='lat' dir='ltr'>hae</span> 
     </span>
     <span class='ocr_line' id='line_1_5' title="bbox 117 860 1414 941; baseline 0.004 -23"><span class='ocrx_word' id='word_1_31' title='bbox 117 861 200 920; x_wconf 88' lang='lat' dir='ltr'>enim</span> <span class='ocrx_word' id='word_1_32' title='bbox 223 860 389 921; x_wconf 88' lang='lat' dir='ltr'>adiectione</span> <span class='ocrx_word' id='word_1_33' title='bbox 412 863 605 941; x_wconf 81' lang='lat' dir='ltr'>participium</span> <span class='ocrx_word' id='word_1_34' title='bbox 627 861 789 934; x_wconf 80' lang='lat' dir='ltr'>obtinebit,</span> <span class='ocrx_word' id='word_1_35' title='bbox 813 864 865 924; x_wconf 89' lang='lat' dir='ltr'>sed</span> <span class='ocrx_word' id='word_1_36' title='bbox 881 871 952 925; x_wconf 91' lang='lat' dir='ltr'>tunc</span> <span class='ocrx_word' id='word_1_37' title='bbox 968 882 1036 924; x_wconf 90' lang='lat' dir='ltr'>curn</span> <span class='ocrx_word' id='word_1_38' title='bbox 1052 883 1086 924; x_wconf 85' lang='lat' dir='ltr'>ex</span> <span class='ocrx_word' id='word_1_39' title='bbox 1103 863 1195 924; x_wconf 89' lang='lat' dir='ltr'>verbo</span> <span class='ocrx_word' id='word_1_40' title='bbox 1217 871 1262 924; x_wconf 88' lang='lat' dir='ltr'>est</span> <span class='ocrx_word' id='word_1_41' title='bbox 1284 863 1414 924; x_wconf 83' lang='lat' dir='ltr'>haltente</span> 
     </span>
     <span class='ocr_line' id='line_1_6' title="bbox 117 963 1414 1042; baseline 0.005 -22"><span class='ocrx_word' id='word_1_42' title='bbox 117 967 150 1020; x_wconf 93' lang='lat' dir='ltr'>et</span> <span class='ocrx_word' id='word_1_43' title='bbox 179 965 327 1042; x_wconf 83' lang='lat' dir='ltr'>passivam</span> <span class='ocrx_word' id='word_1_44' title='bbox 350 963 596 1034; x_wconf 81' lang='lat' dir='ltr'>declinationem,</span> <span class='ocrx_word' id='word_1_45' title='bbox 625 974 659 1025; x_wconf 92' lang='lat' dir='ltr'>ut</span> <span class='ocrx_word' id='word_1_46' title='bbox 681 965 716 1025; x_wconf 88' lang='lat' dir='ltr'>ad</span> <span class='ocrx_word' id='word_1_47' title='bbox 740 965 916 1036; x_wconf 82' lang='lat' dir='ltr'>videndum,</span> <span class='ocrx_word' id='word_1_48' title='bbox 948 966 1207 1036; x_wconf 65' lang='lat' dir='ltr'>adsumendum:</span> <span class='ocrx_word' id='word_1_49' title='bbox 1237 966 1293 1026; x_wconf 78' lang='lat' dir='ltr'>‘ad</span> <span class='ocrx_word' id='word_1_50' title='bbox 1316 966 1414 1027; x_wconf 90' lang='lat' dir='ltr'>decla·</span> 
     </span>
     <span class='ocr_line' id='line_1_7' title="bbox 89 1059 1413 1148; baseline 0.004 -25"><span class='ocrx_word' id='word_1_51' title='bbox 89 1064 276 1124; x_wconf 64' lang='lat' dir='ltr'>amandum’</span> <span class='ocrx_word' id='word_1_52' title='bbox 306 1083 377 1125; x_wconf 87' lang='lat' dir='ltr'>vero</span> <span class='ocrx_word' id='word_1_53' title='bbox 399 1059 466 1126; x_wconf 86' lang='lat' dir='ltr'>eum</span> <span class='ocrx_word' id='word_1_54' title='bbox 490 1065 572 1137; x_wconf 90' lang='lat' dir='ltr'>dico,</span> <span class='ocrx_word' id='word_1_55' title='bbox 602 1085 661 1126; x_wconf 89' lang='lat' dir='ltr'>non</span> <span class='ocrx_word' id='word_1_56' title='bbox 690 1083 810 1145; x_wconf 85' lang='lat' dir='ltr'>possum</span> <span class='ocrx_word' id='word_1_57' title='bbox 832 1067 933 1128; x_wconf 87' lang='lat' dir='ltr'>dicere</span> <span class='ocrx_word' id='word_1_58' title='bbox 957 1069 1057 1136; x_wconf 91' lang='lat' dir='ltr'>illum,</span> <span class='ocrx_word' id='word_1_59' title='bbox 1085 1070 1155 1148; x_wconf 91' lang='lat' dir='ltr'>quia</span> <span class='ocrx_word' id='word_1_60' title='bbox 1177 1067 1326 1128; x_wconf 87' lang='lat' dir='ltr'>declamor</span> <span class='ocrx_word' id='word_1_61' title='bbox 1348 1069 1413 1129; x_wconf 92' lang='lat' dir='ltr'>lati·</span> 
     </span>
     <span class='ocr_line' id='line_1_8' title="bbox 117 1155 1413 1248; baseline 0.005 -24"><span class='ocrx_word' id='word_1_62' title='bbox 117 1183 190 1225; x_wconf 92' lang='lat' dir='ltr'>num</span> <span class='ocrx_word' id='word_1_63' title='bbox 213 1185 272 1226; x_wconf 91' lang='lat' dir='ltr'>non</span> <span class='ocrx_word' id='word_1_64' title='bbox 296 1175 350 1228; x_wconf 88' lang='lat' dir='ltr'>est.</span> <span class='ocrx_word' id='word_1_65' title='bbox 395 1167 524 1246; x_wconf 92' lang='lat' dir='ltr'>denique</span> <span class='ocrx_word' id='word_1_66' title='bbox 547 1186 615 1228; x_wconf 91' lang='lat' dir='ltr'>cum</span> <span class='ocrx_word' id='word_1_67' title='bbox 638 1168 712 1228; x_wconf 91' lang='lat' dir='ltr'>dicit</span> <span class='ocrx_word' id='word_1_68' title='bbox 734 1172 802 1248; x_wconf 91' lang='lat' dir='ltr'>quis</span> <span class='ocrx_word' id='word_1_69' title='bbox 824 1170 871 1229; x_wconf 76' lang='lat' dir='ltr'>‘eo</span> <span class='ocrx_word' id='word_1_70' title='bbox 895 1170 930 1230; x_wconf 91' lang='lat' dir='ltr'>ad</span> <span class='ocrx_word' id='word_1_71' title='bbox 955 1155 1141 1231; x_wconf 84' lang='lat' dir='ltr'>salutandum</span> <span class='ocrx_word' id='word_1_72' title='bbox 1164 1169 1210 1230; x_wconf 91' lang='lat' dir='ltr'>vel</span> <span class='ocrx_word' id='word_1_73' title='bbox 1233 1169 1267 1230; x_wconf 92' lang='lat' dir='ltr'>ad</span> <span class='ocrx_word' id='word_1_74' title='bbox 1291 1169 1413 1232; x_wconf 92' lang='lat' dir='ltr'>audien·</span> 
     </span>
     <span class='ocr_line' id='line_1_9' title="bbox 117 1266 1414 1352; baseline 0.003 -26"><span class='ocrx_word' id='word_1_75' title='bbox 117 1266 190 1328; x_wconf 90' lang='lat' dir='ltr'>dum</span> <span class='ocrx_word' id='word_1_76' title='bbox 212 1269 258 1327; x_wconf 89' lang='lat' dir='ltr'>vel</span> <span class='ocrx_word' id='word_1_77' title='bbox 281 1269 318 1329; x_wconf 89' lang='lat' dir='ltr'>ad</span> <span class='ocrx_word' id='word_1_78' title='bbox 340 1268 500 1330; x_wconf 89' lang='lat' dir='ltr'>videndum</span> <span class='ocrx_word' id='word_1_79' title='bbox 522 1269 569 1330; x_wconf 86' lang='lat' dir='ltr'>vel</span> <span class='ocrx_word' id='word_1_80' title='bbox 593 1268 597 1352; x_wconf 81' lang='lat' dir='ltr'>l</span> <span class='ocrx_word' id='word_1_81' title='bbox 622 1271 659 1331; x_wconf 92' lang='lat' dir='ltr'>ad</span> <span class='ocrx_word' id='word_1_82' title='bbox 681 1271 874 1332; x_wconf 89' lang='lat' dir='ltr'>osculandum</span> <span class='ocrx_word' id='word_1_83' title='bbox 885 1277 903 1341; x_wconf 86' lang='lat'>²,</span> <span class='ocrx_word' id='word_1_84' title='bbox 926 1273 995 1352; x_wconf 91' lang='lat' dir='ltr'>quia</span> <span class='ocrx_word' id='word_1_85' title='bbox 1017 1278 1114 1352; x_wconf 88' lang='lat' dir='ltr'>potest</span> <span class='ocrx_word' id='word_1_86' title='bbox 1137 1271 1204 1332; x_wconf 89' lang='lat' dir='ltr'>addi</span> <span class='ocrx_word' id='word_1_87' title='bbox 1228 1271 1361 1332; x_wconf 85' lang='lat' dir='ltr'>atilium</span> <span class='ocrx_word' id='word_1_88' title='bbox 1385 1280 1414 1331; x_wconf 90' lang='lat' dir='ltr'>et</span> 
     </span>
     <span class='ocr_line' id='line_1_10' title="bbox 118 1368 1414 1454; baseline 0.003 -25"><span class='ocrx_word' id='word_1_89' title='bbox 118 1368 247 1441; x_wconf 89' lang='lat' dir='ltr'>abillo,</span> <span class='ocrx_word' id='word_1_90' title='bbox 271 1373 297 1432; x_wconf 93' lang='lat' dir='ltr'>si</span> <span class='ocrx_word' id='word_1_91' title='bbox 322 1371 396 1431; x_wconf 91' lang='lat' dir='ltr'>nihil</span> <span class='ocrx_word' id='word_1_92' title='bbox 425 1371 566 1440; x_wconf 84' lang='lat' dir='ltr'>addatur,</span> <span class='ocrx_word' id='word_1_93' title='bbox 596 1373 744 1434; x_wconf 87' lang='lat' dir='ltr'>incertum</span> <span class='ocrx_word' id='word_1_94' title='bbox 773 1372 969 1454; x_wconf 82' lang='lat' dir='ltr'>relinquitur,</span> <span class='ocrx_word' id='word_1_95' title='bbox 999 1381 1099 1434; x_wconf 91' lang='lat' dir='ltr'>utrum</span> <span class='ocrx_word' id='word_1_96' title='bbox 1122 1375 1215 1434; x_wconf 82' lang='lat' dir='ltr'>activa</span> <span class='ocrx_word' id='word_1_97' title='bbox 1239 1390 1274 1433; x_wconf 93' lang='lat' dir='ltr'>an</span> <span class='ocrx_word' id='word_1_98' title='bbox 1298 1375 1414 1451; x_wconf 81' lang='lat' dir='ltr'>passiva</span> 
     </span>
     <span class='ocr_line' id='line_1_11' title="bbox 117 1457 1412 1554; baseline 0.004 -25"><span class='ocrx_word' id='word_1_99' title='bbox 117 1473 337 1549; x_wconf 82' lang='lat' dir='ltr'>significatione</span> <span class='ocrx_word' id='word_1_100' title='bbox 359 1473 508 1552; x_wconf 90' lang='lat' dir='ltr'>prolatum</span> <span class='ocrx_word' id='word_1_101' title='bbox 531 1476 586 1543; x_wconf 90' lang='lat' dir='ltr'>sit;</span> <span class='ocrx_word' id='word_1_102' title='bbox 610 1476 635 1534; x_wconf 90' lang='lat' dir='ltr'>si</span> <span class='ocrx_word' id='word_1_103' title='bbox 658 1494 729 1535; x_wconf 89' lang='lat' dir='ltr'>vero</span> <span class='ocrx_word' id='word_1_104' title='bbox 751 1476 855 1536; x_wconf 86' lang='lat' dir='ltr'>dixero</span> <span class='ocrx_word' id='word_1_105' title='bbox 879 1474 934 1536; x_wconf 79' lang='lat' dir='ltr'>‘ad</span> <span class='ocrx_word' id='word_1_106' title='bbox 957 1457 1134 1554; x_wconf 83' lang='lat' dir='ltr'>loquendum</span> <span class='ocrx_word' id='word_1_107' title='bbox 1145 1479 1164 1544; x_wconf 94' lang='lat'>&#39;,</span> <span class='ocrx_word' id='word_1_108' title='bbox 1189 1475 1244 1534; x_wconf 87' lang='lat' dir='ltr'>hoe</span> <span class='ocrx_word' id='word_1_109' title='bbox 1266 1476 1412 1551; x_wconf 83' lang='lat' dir='ltr'>significo,</span> 
     </span>
     <span class='ocr_line' id='line_1_12' title="bbox 79 1572 1413 1657; baseline 0.002 -25"><span class='ocrx_word' id='word_1_110' title='bbox 79 1585 104 1622; x_wconf 88' lang='lat'>10</span> <span class='ocrx_word' id='word_1_111' title='bbox 118 1580 152 1633; x_wconf 92' lang='lat' dir='ltr'>ut</span> <span class='ocrx_word' id='word_1_112' title='bbox 175 1573 212 1634; x_wconf 91' lang='lat' dir='ltr'>de</span> <span class='ocrx_word' id='word_1_113' title='bbox 235 1575 293 1636; x_wconf 89' lang='lat' dir='ltr'>alio</span> <span class='ocrx_word' id='word_1_114' title='bbox 314 1572 431 1656; x_wconf 90' lang='lat' dir='ltr'>loquar,</span> <span class='ocrx_word' id='word_1_115' title='bbox 455 1594 514 1636; x_wconf 92' lang='lat' dir='ltr'>non</span> <span class='ocrx_word' id='word_1_116' title='bbox 538 1578 626 1636; x_wconf 90' lang='lat' dir='ltr'>etiam</span> <span class='ocrx_word' id='word_1_117' title='bbox 650 1585 682 1637; x_wconf 92' lang='lat' dir='ltr'>ut</span> <span class='ocrx_word' id='word_1_118' title='bbox 704 1577 780 1638; x_wconf 91' lang='lat' dir='ltr'>alius</span> <span class='ocrx_word' id='word_1_119' title='bbox 803 1578 839 1637; x_wconf 91' lang='lat' dir='ltr'>de</span> <span class='ocrx_word' id='word_1_120' title='bbox 862 1595 909 1636; x_wconf 89' lang='lat' dir='ltr'>me</span> <span class='ocrx_word' id='word_1_121' title='bbox 931 1575 1078 1655; x_wconf 88' lang='lat' dir='ltr'>loquatur,</span> <span class='ocrx_word' id='word_1_122' title='bbox 1103 1579 1171 1657; x_wconf 90' lang='lat' dir='ltr'>quia</span> <span class='ocrx_word' id='word_1_123' title='bbox 1194 1576 1301 1655; x_wconf 90' lang='lat' dir='ltr'>loquor</span> <span class='ocrx_word' id='word_1_124' title='bbox 1324 1575 1413 1656; x_wconf 88' lang='lat' dir='ltr'>depo·</span> 
     </span>
     <span class='ocr_line' id='line_1_13' title="bbox 116 1669 1414 1758; baseline 0.001 -23"><span class='ocrx_word' id='word_1_125' title='bbox 116 1693 194 1736; x_wconf 91' lang='lat' dir='ltr'>nens</span> <span class='ocrx_word' id='word_1_126' title='bbox 226 1683 284 1745; x_wconf 91' lang='lat' dir='ltr'>est,</span> <span class='ocrx_word' id='word_1_127' title='bbox 319 1695 378 1736; x_wconf 93' lang='lat' dir='ltr'>non</span> <span class='ocrx_word' id='word_1_128' title='bbox 411 1669 577 1737; x_wconf 76' lang='lat' dir='ltr'>&#39;commune</span> <span class='ocrx_word' id='word_1_129' title='bbox 623 1679 692 1739; x_wconf 89' lang='lat' dir='ltr'>inde</span> <span class='ocrx_word' id='word_1_130' title='bbox 725 1687 771 1739; x_wconf 91' lang='lat' dir='ltr'>est</span> <span class='ocrx_word' id='word_1_131' title='bbox 804 1679 977 1758; x_wconf 77' lang='lat' dir='ltr'>‘uritque</span> <span class='ocrx_word' id='word_1_132' title='bbox 1006 1679 1163 1739; x_wconf 85' lang='lat' dir='ltr'>ridendo</span> <span class='ocrx_word' id='word_1_133' title='bbox 1197 1678 1354 1739; x_wconf 88' lang='lat' dir='ltr'>lemina’</span> <span class='ocrx_word' id='word_1_134' title='bbox 1384 1685 1414 1737; x_wconf 85' lang='lat' dir='ltr'>et</span> 
     </span>
     <span class='ocr_line' id='line_1_14' title="bbox 116 1778 1414 1858; baseline 0.002 -22"><span class='ocrx_word' id='word_1_135' title='bbox 116 1779 236 1856; x_wconf 78' lang='lat' dir='ltr'>‘picis</span> <span class='ocrx_word' id='word_1_136' title='bbox 258 1781 295 1838; x_wconf 95' lang='lat' dir='ltr'>in</span> <span class='ocrx_word' id='word_1_137' title='bbox 318 1779 512 1839; x_wconf 86' lang='lat' dir='ltr'>moremati</span> <span class='ocrx_word' id='word_1_138' title='bbox 533 1778 674 1858; x_wconf 80' lang='lat' dir='ltr'>digitos</span> <span class='ocrx_word' id='word_1_139' title='bbox 696 1781 878 1841; x_wconf 86' lang='lat' dir='ltr'>lentescit</span> <span class='ocrx_word' id='word_1_140' title='bbox 900 1780 1087 1842; x_wconf 89' lang='lat' dir='ltr'>habendo&#39;</span> <span class='ocrx_word' id='word_1_141' title='bbox 1110 1788 1139 1840; x_wconf 92' lang='lat' dir='ltr'>et</span> <span class='ocrx_word' id='word_1_142' title='bbox 1161 1778 1414 1850; x_wconf 77' lang='lat' dir='ltr'>‘verberando</span> 
     </span>
     <span class='ocr_line' id='line_1_15' title="bbox 115 1879 1412 1962; baseline 0 -24"><span class='ocrx_word' id='word_1_143' title='bbox 115 1881 272 1950; x_wconf 88' lang='lat' dir='ltr'>necati&#39;,</span> <span class='ocrx_word' id='word_1_144' title='bbox 295 1883 365 1960; x_wconf 90' lang='lat' dir='ltr'>quia</span> <span class='ocrx_word' id='word_1_145' title='bbox 387 1886 418 1939; x_wconf 93' lang='lat' dir='ltr'>et</span> <span class='ocrx_word' id='word_1_146' title='bbox 440 1879 542 1940; x_wconf 87' lang='lat' dir='ltr'>videor</span> <span class='ocrx_word' id='word_1_147' title='bbox 565 1889 596 1940; x_wconf 90' lang='lat' dir='ltr'>et</span> <span class='ocrx_word' id='word_1_148' title='bbox 617 1881 730 1942; x_wconf 85' lang='lat' dir='ltr'>habeor</span> <span class='ocrx_word' id='word_1_149' title='bbox 752 1890 782 1942; x_wconf 93' lang='lat' dir='ltr'>et</span> <span class='ocrx_word' id='word_1_150' title='bbox 804 1881 948 1942; x_wconf 87' lang='lat' dir='ltr'>verberor</span> <span class='ocrx_word' id='word_1_151' title='bbox 971 1901 1029 1943; x_wconf 90' lang='lat' dir='ltr'>non</span> <span class='ocrx_word' id='word_1_152' title='bbox 1054 1881 1248 1962; x_wconf 86' lang='lat' dir='ltr'>deponentia,</span> <span class='ocrx_word' id='word_1_153' title='bbox 1271 1880 1322 1941; x_wconf 88' lang='lat' dir='ltr'>sed</span> <span class='ocrx_word' id='word_1_154' title='bbox 1346 1899 1412 1960; x_wconf 88' lang='lat' dir='ltr'>pas·</span> 
     </span>
     <span class='ocr_line' id='line_1_16' title="bbox 116 1983 1413 2086; baseline -0.001 -45"><span class='ocrx_word' id='word_1_155' title='bbox 116 1983 180 2042; x_wconf 83' lang='lat' dir='ltr'>sira</span> <span class='ocrx_word' id='word_1_156' title='bbox 204 1991 283 2042; x_wconf 91' lang='lat' dir='ltr'>sunt.</span> <span class='ocrx_word' id='word_1_157' title='bbox 326 1986 398 2044; x_wconf 92' lang='lat' dir='ltr'>item</span> <span class='ocrx_word' id='word_1_158' title='bbox 421 1983 716 2064; x_wconf 90' lang='lat' dir='ltr'>interloquendum,</span> <span class='ocrx_word' id='word_1_159' title='bbox 745 1987 823 2045; x_wconf 91' lang='lat' dir='ltr'>inter</span> <span class='ocrx_word' id='word_1_160' title='bbox 852 1983 998 2068; x_wconf 85' lang='lat' dir='ltr'>agendum</span> <span class='ocrx_word' id='word_1_161' title='bbox 1027 1983 1071 2044; x_wconf 89' lang='lat' dir='ltr'>vel</span> <span class='ocrx_word' id='word_1_162' title='bbox 1102 1983 1138 2044; x_wconf 90' lang='lat' dir='ltr'>de</span> <span class='ocrx_word' id='word_1_163' title='bbox 1168 1984 1347 2086; x_wconf 83' lang='lat' dir='ltr'>inperanda,</span> <span class='ocrx_word' id='word_1_164' title='bbox 1377 1983 1413 2041; x_wconf 90' lang='lat' dir='ltr'>do</span> 
     </span>
     <span class='ocr_line' id='line_1_17' title="bbox 77 2061 940 2166; baseline 0.009 -28"><span class='ocrx_word' id='word_1_165' title='bbox 77 2095 101 2134; x_wconf 81' lang='lat'>15</span> <span class='ocrx_word' id='word_1_166' title='bbox 115 2082 233 2144; x_wconf 83' lang='lat' dir='ltr'>edendo</span> <span class='ocrx_word' id='word_1_167' title='bbox 255 2083 345 2146; x_wconf 86' lang='lat' dir='ltr'>verba</span> <span class='ocrx_word' id='word_1_168' title='bbox 367 2089 540 2166; x_wconf 86' lang='lat' dir='ltr'>usurpativa</span> <span class='ocrx_word' id='word_1_169' title='bbox 562 2088 711 2148; x_wconf 84' lang='lat' dir='ltr'>dixerunt.</span> <span class='ocrx_word' id='word_1_170' title='bbox 747 2087 799 2146; x_wconf 88' lang='lat' dir='ltr'>sed</span> <span class='ocrx_word' id='word_1_171' title='bbox 822 2094 852 2146; x_wconf 89' lang='lat' dir='ltr'>et</span> <span class='ocrx_word' id='word_1_172' title='bbox 874 2061 940 2156; x_wconf 77' lang='lat' dir='ltr'>illa,</span> 
     </span>
     <span class='ocr_line' id='line_1_18' title="bbox 267 2185 1124 2258; baseline 0.002 -12"><span class='ocrx_word' id='word_1_173' title='bbox 267 2205 333 2247; x_wconf 92' lang='lat' dir='ltr'>nec</span> <span class='ocrx_word' id='word_1_174' title='bbox 356 2190 438 2248; x_wconf 87' lang='lat' dir='ltr'>visu</span> <span class='ocrx_word' id='word_1_175' title='bbox 460 2187 600 2258; x_wconf 83' lang='lat' dir='ltr'>laoilis,</span> <span class='ocrx_word' id='word_1_176' title='bbox 626 2207 690 2248; x_wconf 90' lang='lat' dir='ltr'>nec</span> <span class='ocrx_word' id='word_1_177' title='bbox 713 2188 819 2248; x_wconf 91' lang='lat' dir='ltr'>dictu</span> <span class='ocrx_word' id='word_1_178' title='bbox 841 2185 1018 2248; x_wconf 85' lang='lat' dir='ltr'>eilahilis</span> <span class='ocrx_word' id='word_1_179' title='bbox 1039 2187 1124 2258; x_wconf 93' lang='lat' dir='ltr'>ulli,</span> 
     </span>
     <span class='ocr_line' id='line_1_19' title="bbox 115 2287 1413 2369; baseline 0.005 -25"><span class='ocrx_word' id='word_1_180' title='bbox 115 2287 208 2347; x_wconf 84' lang='lat' dir='ltr'>rerba</span> <span class='ocrx_word' id='word_1_181' title='bbox 236 2295 306 2348; x_wconf 90' lang='lat' dir='ltr'>sunt</span> <span class='ocrx_word' id='word_1_182' title='bbox 334 2287 369 2348; x_wconf 89' lang='lat' dir='ltr'>ad</span> <span class='ocrx_word' id='word_1_183' title='bbox 398 2289 523 2350; x_wconf 88' lang='lat' dir='ltr'>eandem</span> <span class='ocrx_word' id='word_1_184' title='bbox 555 2291 682 2351; x_wconf 80' lang='lat' dir='ltr'>formam</span> <span class='ocrx_word' id='word_1_185' title='bbox 715 2290 913 2368; x_wconf 87' lang='lat' dir='ltr'>pertinentia,</span> <span class='ocrx_word' id='word_1_186' title='bbox 948 2307 1023 2369; x_wconf 90' lang='lat' dir='ltr'>quae</span> <span class='ocrx_word' id='word_1_187' title='bbox 1057 2289 1196 2350; x_wconf 86' lang='lat' dir='ltr'>latinitati</span> <span class='ocrx_word' id='word_1_188' title='bbox 1224 2307 1283 2349; x_wconf 92' lang='lat' dir='ltr'>non</span> <span class='ocrx_word' id='word_1_189' title='bbox 1319 2289 1413 2350; x_wconf 88' lang='lat' dir='ltr'>solutu</span> 
     </span>
     <span class='ocr_line' id='line_1_20' title="bbox 114 2389 1412 2471; baseline 0.003 -25"><span class='ocrx_word' id='word_1_190' title='bbox 114 2396 250 2467; x_wconf 87' lang='lat' dir='ltr'>praestat</span> <span class='ocrx_word' id='word_1_191' title='bbox 278 2399 430 2460; x_wconf 91' lang='lat' dir='ltr'>ornatum,</span> <span class='ocrx_word' id='word_1_192' title='bbox 459 2392 511 2451; x_wconf 91' lang='lat' dir='ltr'>sed</span> <span class='ocrx_word' id='word_1_193' title='bbox 534 2398 565 2452; x_wconf 91' lang='lat' dir='ltr'>et</span> <span class='ocrx_word' id='word_1_194' title='bbox 585 2392 659 2452; x_wconf 92' lang='lat' dir='ltr'>illud</span> <span class='ocrx_word' id='word_1_195' title='bbox 685 2409 816 2471; x_wconf 89' lang='lat' dir='ltr'>quoque,</span> <span class='ocrx_word' id='word_1_196' title='bbox 840 2397 874 2452; x_wconf 89' lang='lat' dir='ltr'>ut</span> <span class='ocrx_word' id='word_1_197' title='bbox 895 2391 1008 2470; x_wconf 91' lang='lat' dir='ltr'>aliquid</span> <span class='ocrx_word' id='word_1_198' title='bbox 1030 2390 1142 2451; x_wconf 89' lang='lat' dir='ltr'>habere</span> <span class='ocrx_word' id='word_1_199' title='bbox 1164 2389 1310 2459; x_wconf 87' lang='lat' dir='ltr'>videatur,</span> <span class='ocrx_word' id='word_1_200' title='bbox 1333 2390 1412 2471; x_wconf 92' lang='lat' dir='ltr'>quod</span> 
     </span>
     <span class='ocr_line' id='line_1_21' title="bbox 117 2490 1411 2574; baseline 0.002 -24"><span class='ocrx_word' id='word_1_201' title='bbox 117 2490 228 2551; x_wconf 84' lang='lat' dir='ltr'>Graeci</span> <span class='ocrx_word' id='word_1_202' title='bbox 251 2492 318 2552; x_wconf 92' lang='lat' dir='ltr'>iure</span> <span class='ocrx_word' id='word_1_203' title='bbox 340 2493 528 2563; x_wconf 86' lang='lat' dir='ltr'>desiderent,</span> <span class='ocrx_word' id='word_1_204' title='bbox 552 2496 686 2574; x_wconf 80' lang='lat' dir='ltr'>quamvis</span> <span class='ocrx_word' id='word_1_205' title='bbox 709 2499 739 2552; x_wconf 93' lang='lat' dir='ltr'>et</span> <span class='ocrx_word' id='word_1_206' title='bbox 761 2495 818 2573; x_wconf 91' lang='lat' dir='ltr'>ipsi</span> <span class='ocrx_word' id='word_1_207' title='bbox 842 2499 958 2572; x_wconf 90' lang='lat' dir='ltr'>partem</span> <span class='ocrx_word' id='word_1_208' title='bbox 981 2510 1083 2552; x_wconf 90' lang='lat' dir='ltr'>eorum</span> <span class='ocrx_word' id='word_1_209' title='bbox 1106 2492 1250 2572; x_wconf 88' lang='lat' dir='ltr'>aliquam,</span> <span class='ocrx_word' id='word_1_210' title='bbox 1274 2493 1343 2552; x_wconf 88' lang='lat' dir='ltr'>licet</span> <span class='ocrx_word' id='word_1_211' title='bbox 1365 2494 1411 2552; x_wconf 94' lang='lat' dir='ltr'>in·</span> 
     </span>
     <span class='ocr_line' id='line_1_22' title="bbox 74 2589 1447 2674; baseline 0.002 -23"><span class='ocrx_word' id='word_1_212' title='bbox 74 2605 101 2643; x_wconf 75' lang='lat'>2⁰</span> <span class='ocrx_word' id='word_1_213' title='bbox 115 2601 164 2651; x_wconf 88' lang='lat' dir='ltr'>ter</span> <span class='ocrx_word' id='word_1_214' title='bbox 199 2593 339 2654; x_wconf 86' lang='lat' dir='ltr'>adverbia</span> <span class='ocrx_word' id='word_1_215' title='bbox 372 2597 518 2674; x_wconf 89' lang='lat' dir='ltr'>positam,</span> <span class='ocrx_word' id='word_1_216' title='bbox 557 2594 672 2655; x_wconf 77' lang='lat' dir='ltr'>haltere</span> <span class='ocrx_word' id='word_1_217' title='bbox 705 2602 804 2655; x_wconf 91' lang='lat' dir='ltr'>tamen</span> <span class='ocrx_word' id='word_1_218' title='bbox 843 2595 1067 2664; x_wconf 81' lang='lat' dir='ltr'>existimentur,</span> <span class='ocrx_word' id='word_1_219' title='bbox 1107 2601 1140 2655; x_wconf 91' lang='lat' dir='ltr'>ot</span> <span class='ocrx_word' id='word_1_220' title='bbox 1173 2602 1218 2654; x_wconf 90' lang='lat' dir='ltr'>est</span> <span class='ocrx_word' id='word_1_221' title='bbox 1255 2589 1413 2673; x_wconf 78' lang='grc' dir='ltr'><em>ποιητέον</em></span> <span class='ocrx_word' id='word_1_222' title='bbox 1445 2668 1447 2673; x_wconf 24' lang='grc'><em>,</em></span> 
     </span>
     <span class='ocr_line' id='line_1_23' title="bbox 112 2689 1412 2774; baseline 0.002 -20"><span class='ocrx_word' id='word_1_223' title='bbox 112 2689 289 2772; x_wconf 75' lang='grc' dir='ltr'><strong><em>γραπτέον</em></strong></span> <span class='ocrx_word' id='word_1_224' title='bbox 312 2689 465 2757; x_wconf 76' lang='grc' dir='ltr'>λεκτέονι</span> <span class='ocrx_word' id='word_1_225' title='bbox 488 2697 562 2757; x_wconf 90' lang='lat' dir='ltr'>haec</span> <span class='ocrx_word' id='word_1_226' title='bbox 585 2697 665 2756; x_wconf 89' lang='lat' dir='ltr'>enim</span> <span class='ocrx_word' id='word_1_227' title='bbox 688 2695 747 2756; x_wconf 93' lang='lat' dir='ltr'>illis</span> <span class='ocrx_word' id='word_1_228' title='bbox 769 2697 877 2758; x_wconf 88' lang='lat' dir='ltr'>similia</span> <span class='ocrx_word' id='word_1_229' title='bbox 901 2703 986 2766; x_wconf 91' lang='lat' dir='ltr'>sunt,</span> <span class='ocrx_word' id='word_1_230' title='bbox 1011 2699 1090 2756; x_wconf 75' lang='lat' dir='ltr'>‘aut</span> <span class='ocrx_word' id='word_1_231' title='bbox 1112 2713 1235 2774; x_wconf 88' lang='lat' dir='ltr'>pacem</span> <span class='ocrx_word' id='word_1_232' title='bbox 1252 2695 1412 2756; x_wconf 83' lang='lat' dir='ltr'>Troiano</span> 
     </span>
     <span class='ocr_line' id='line_1_24' title="bbox 113 2795 1412 2879; baseline 0.002 -22"><span class='ocrx_word' id='word_1_233' title='bbox 113 2816 130 2857; x_wconf 93' lang='lat' dir='ltr'>a</span> <span class='ocrx_word' id='word_1_234' title='bbox 153 2815 247 2877; x_wconf 80' lang='lat' dir='ltr'>rege</span> <span class='ocrx_word' id='word_1_235' title='bbox 269 2800 500 2879; x_wconf 88' lang='lat' dir='ltr'>petendum&#39;.</span> <span class='ocrx_word' id='word_1_236' title='bbox 530 2806 601 2860; x_wconf 91' lang='lat' dir='ltr'>sunt</span> <span class='ocrx_word' id='word_1_237' title='bbox 622 2807 720 2859; x_wconf 90' lang='lat' dir='ltr'>autem</span> <span class='ocrx_word' id='word_1_238' title='bbox 744 2802 882 2861; x_wconf 86' lang='lat' dir='ltr'>universa</span> <span class='ocrx_word' id='word_1_239' title='bbox 905 2800 943 2869; x_wconf 89' lang='lat' dir='ltr'>V,</span> <span class='ocrx_word' id='word_1_240' title='bbox 967 2795 1085 2859; x_wconf 86' lang='lat' dir='ltr'>amandi</span> <span class='ocrx_word' id='word_1_241' title='bbox 1107 2798 1233 2860; x_wconf 86' lang='lat' dir='ltr'>amando</span> <span class='ocrx_word' id='word_1_242' title='bbox 1255 2801 1412 2861; x_wconf 87' lang='lat' dir='ltr'>amandum</span> 
     </span>
     <span class='ocr_line' id='line_1_25' title="bbox 113 2901 1410 2971; baseline 0.002 -13"><span class='ocrx_word' id='word_1_243' title='bbox 113 2908 248 2961; x_wconf 90' lang='lat' dir='ltr'>amatum</span> <span class='ocrx_word' id='word_1_244' title='bbox 270 2909 389 2971; x_wconf 89' lang='lat' dir='ltr'>amatu,</span> <span class='ocrx_word' id='word_1_245' title='bbox 418 2901 557 2962; x_wconf 92' lang='lat' dir='ltr'>monendi</span> <span class='ocrx_word' id='word_1_246' title='bbox 580 2902 727 2962; x_wconf 90' lang='lat' dir='ltr'>monendo</span> <span class='ocrx_word' id='word_1_247' title='bbox 749 2901 928 2961; x_wconf 90' lang='lat' dir='ltr'>monendum</span> <span class='ocrx_word' id='word_1_248' title='bbox 952 2903 1096 2961; x_wconf 90' lang='lat' dir='ltr'>monitum</span> <span class='ocrx_word' id='word_1_249' title='bbox 1120 2903 1248 2970; x_wconf 90' lang='lat' dir='ltr'>monitu,</span> <span class='ocrx_word' id='word_1_250' title='bbox 1271 2901 1410 2963; x_wconf 90' lang='lat' dir='ltr'>audiendi</span> 
     </span>
     <span class='ocr_line' id='line_1_26' title="bbox 113 3001 1460 3080; baseline 0 -19"><span class='ocrx_word' id='word_1_251' title='bbox 113 3002 267 3063; x_wconf 91' lang='lat' dir='ltr'>audiendo</span> <span class='ocrx_word' id='word_1_252' title='bbox 297 3003 476 3063; x_wconf 91' lang='lat' dir='ltr'>audiendum</span> <span class='ocrx_word' id='word_1_253' title='bbox 503 3002 636 3063; x_wconf 90' lang='lat' dir='ltr'>auditum</span> <span class='ocrx_word' id='word_1_254' title='bbox 664 3004 781 3073; x_wconf 91' lang='lat' dir='ltr'>auditu,</span> <span class='ocrx_word' id='word_1_255' title='bbox 812 3002 930 3080; x_wconf 85' lang='lat' dir='ltr'>legendi</span> <span class='ocrx_word' id='word_1_256' title='bbox 960 3002 1087 3080; x_wconf 84' lang='lat' dir='ltr'>legendo</span> <span class='ocrx_word' id='word_1_257' title='bbox 1114 3002 1272 3079; x_wconf 84' lang='lat' dir='ltr'>legendum</span> <span class='ocrx_word' id='word_1_258' title='bbox 1301 3001 1409 3062; x_wconf 91' lang='lat' dir='ltr'>lectum</span> <span class='ocrx_word' id='word_1_259' title='bbox 1458 3052 1460 3055; x_wconf 95' lang='lat'>.</span> 
     </span>
     <span class='ocr_line' id='line_1_27' title="bbox 73 3098 235 3179; baseline 0.019 -16"><span class='ocrx_word' id='word_1_260' title='bbox 73 3098 235 3179; x_wconf 73' lang='lat' dir='ltr'>eiectat</span> 
     </span>
    </p>
   </div>
   <div class='ocr_carea' id='block_1_3' title="bbox 557 3270 970 3320">
    <p class='ocr_par' dir='ltr' id='par_1_3' title="bbox 557 3270 970 3320">
     <span class='ocr_line' id='line_1_28' title="bbox 557 3270 970 3320; baseline 0.002 -2"><span class='ocrx_word' id='word_1_261' title='bbox 557 3272 606 3319; x_wconf 84' lang='lat' dir='ltr'>DE</span> <span class='ocrx_word' id='word_1_262' title='bbox 627 3272 757 3320; x_wconf 77' lang='lat' dir='ltr'>FOBMIS</span> <span class='ocrx_word' id='word_1_263' title='bbox 778 3270 970 3319; x_wconf 79' lang='lat' dir='ltr'>vuneonvtt</span> 
     </span>
    </p>
   </div>
   <div class='ocr_carea' id='block_1_4' title="bbox 73 3374 1529 3863">
    <p class='ocr_par' dir='ltr' id='par_1_4' title="bbox 112 3374 1529 3659">
     <span class='ocr_line' id='line_1_29' title="bbox 202 3374 1529 3457; baseline 0.002 -20"><span class='ocrx_word' id='word_1_264' title='bbox 202 3376 327 3438; x_wconf 82' lang='lat' dir='ltr'>Formae</span> <span class='ocrx_word' id='word_1_265' title='bbox 350 3376 510 3437; x_wconf 91' lang='lat' dir='ltr'>verborum</span> <span class='ocrx_word' id='word_1_266' title='bbox 532 3379 594 3438; x_wconf 81' lang='lat' dir='ltr'>sive</span> <span class='ocrx_word' id='word_1_267' title='bbox 617 3380 733 3457; x_wconf 88' lang='lat' dir='ltr'>species</span> <span class='ocrx_word' id='word_1_268' title='bbox 755 3385 824 3437; x_wconf 90' lang='lat' dir='ltr'>sunt</span> <span class='ocrx_word' id='word_1_269' title='bbox 846 3376 899 3446; x_wconf 84' lang='lat' dir='ltr'>lV,</span> <span class='ocrx_word' id='word_1_270' title='bbox 919 3374 1029 3456; x_wconf 83' lang='lat' dir='ltr'>quibus</span> <span class='ocrx_word' id='word_1_271' title='bbox 1051 3394 1086 3436; x_wconf 87' lang='lat' dir='ltr'>er</span> <span class='ocrx_word' id='word_1_272' title='bbox 1109 3374 1199 3437; x_wconf 91' lang='lat' dir='ltr'>rebus</span> <span class='ocrx_word' id='word_1_273' title='bbox 1221 3394 1294 3456; x_wconf 88' lang='lat' dir='ltr'>quas</span> <span class='ocrx_word' id='word_1_274' title='bbox 1315 3376 1406 3455; x_wconf 82' lang='lat' dir='ltr'>signi·</span> <span class='ocrx_word' id='word_1_275' title='bbox 1421 3390 1481 3455; x_wconf 70' lang='grc' dir='ltr'>ιιι),</span> <span class='ocrx_word' id='word_1_276' title='bbox 1494 3392 1529 3441; x_wconf 74' lang='lat'>24</span> 
     </span>
     <span class='ocr_line' id='line_1_30' title="bbox 114 3478 1496 3557; baseline 0.003 -20"><span class='ocrx_word' id='word_1_277' title='bbox 114 3478 207 3538; x_wconf 83' lang='lat' dir='ltr'>ficant</span> <span class='ocrx_word' id='word_1_278' title='bbox 228 3479 321 3540; x_wconf 91' lang='lat' dir='ltr'>indita</span> <span class='ocrx_word' id='word_1_279' title='bbox 343 3479 485 3540; x_wconf 82' lang='lat' dir='ltr'>vocabula</span> <span class='ocrx_word' id='word_1_280' title='bbox 507 3486 585 3539; x_wconf 90' lang='lat' dir='ltr'>sunt.</span> <span class='ocrx_word' id='word_1_281' title='bbox 617 3497 686 3539; x_wconf 91' lang='lat' dir='ltr'>nam</span> <span class='ocrx_word' id='word_1_282' title='bbox 708 3481 805 3557; x_wconf 91' lang='lat' dir='ltr'>prima</span> <span class='ocrx_word' id='word_1_283' title='bbox 826 3478 938 3539; x_wconf 88' lang='lat' dir='ltr'>dieitur</span> <span class='ocrx_word' id='word_1_284' title='bbox 953 3478 1139 3548; x_wconf 86' lang='lat' dir='ltr'>meditativa,</span> <span class='ocrx_word' id='word_1_285' title='bbox 1163 3496 1238 3557; x_wconf 92' lang='lat' dir='ltr'>quae</span> <span class='ocrx_word' id='word_1_286' title='bbox 1261 3478 1410 3555; x_wconf 82' lang='lat' dir='ltr'>significat</span> <span class='ocrx_word' id='word_1_287' title='bbox 1493 3509 1496 3515; x_wconf 94' lang='lat'>·</span> 
     </span>
     <span class='ocr_line' id='line_1_31' title="bbox 112 3580 1408 3659; baseline 0.002 -20"><span class='ocrx_word' id='word_1_288' title='bbox 112 3580 340 3641; x_wconf 88' lang='lat' dir='ltr'>meditationem</span> <span class='ocrx_word' id='word_1_289' title='bbox 362 3583 428 3641; x_wconf 91' lang='lat' dir='ltr'>eius</span> <span class='ocrx_word' id='word_1_290' title='bbox 450 3582 494 3641; x_wconf 92' lang='lat' dir='ltr'>rei</span> <span class='ocrx_word' id='word_1_291' title='bbox 517 3599 591 3659; x_wconf 90' lang='lat' dir='ltr'>quae</span> <span class='ocrx_word' id='word_1_292' title='bbox 615 3582 749 3641; x_wconf 87' lang='lat' dir='ltr'>imminet</span> <span class='ocrx_word' id='word_1_293' title='bbox 772 3587 802 3640; x_wconf 91' lang='lat' dir='ltr'>et</span> <span class='ocrx_word' id='word_1_294' title='bbox 823 3582 908 3640; x_wconf 90' lang='lat' dir='ltr'>ouius</span> <span class='ocrx_word' id='word_1_295' title='bbox 931 3586 1068 3658; x_wconf 90' lang='lat' dir='ltr'>speratur</span> <span class='ocrx_word' id='word_1_296' title='bbox 1090 3580 1229 3649; x_wconf 81' lang='lat' dir='ltr'>effectus,</span> <span class='ocrx_word' id='word_1_297' title='bbox 1253 3588 1286 3639; x_wconf 92' lang='lat' dir='ltr'>ut</span> <span class='ocrx_word' id='word_1_298' title='bbox 1308 3588 1408 3659; x_wconf 90' lang='lat' dir='ltr'>partu·</span> 
     </span>
    </p>

    <p class='ocr_par' dir='ltr' id='par_1_5' title="bbox 73 3682 1409 3863">
     <span class='ocr_line' id='line_1_32' title="bbox 73 3682 1409 3763; baseline 0.006 -28"><span class='ocrx_word' id='word_1_299' title='bbox 73 3683 178 3750; x_wconf 82' lang='lat' dir='ltr'>sorio,</span> <span class='ocrx_word' id='word_1_300' title='bbox 202 3682 280 3760; x_wconf 94' lang='lat' dir='ltr'>quod</span> <span class='ocrx_word' id='word_1_301' title='bbox 303 3690 350 3742; x_wconf 92' lang='lat' dir='ltr'>est</span> <span class='ocrx_word' id='word_1_302' title='bbox 371 3700 478 3763; x_wconf 87' lang='lat' dir='ltr'>parere</span> <span class='ocrx_word' id='word_1_303' title='bbox 500 3682 642 3752; x_wconf 88' lang='lat' dir='ltr'>meditor,</span> <span class='ocrx_word' id='word_1_304' title='bbox 667 3684 767 3743; x_wconf 89' lang='lat' dir='ltr'>esurio</span> <span class='ocrx_word' id='word_1_305' title='bbox 789 3700 855 3742; x_wconf 87' lang='lat' dir='ltr'>esse</span> <span class='ocrx_word' id='word_1_306' title='bbox 877 3682 1021 3753; x_wconf 89' lang='lat' dir='ltr'>meditor;</span> <span class='ocrx_word' id='word_1_307' title='bbox 1045 3684 1089 3742; x_wconf 91' lang='lat' dir='ltr'>sic</span> <span class='ocrx_word' id='word_1_308' title='bbox 1112 3684 1258 3742; x_wconf 89' lang='lat' dir='ltr'>antaturio</span> <span class='ocrx_word' id='word_1_309' title='bbox 1281 3682 1409 3743; x_wconf 89' lang='lat' dir='ltr'>lecturio</span> 
     </span>
     <span class='ocr_line' id='line_1_33' title="bbox 113 3782 1407 3863; baseline 0 -20"><span class='ocrx_word' id='word_1_310' title='bbox 113 3791 145 3843; x_wconf 90' lang='lat' dir='ltr'>et</span> <span class='ocrx_word' id='word_1_311' title='bbox 167 3782 285 3844; x_wconf 89' lang='lat' dir='ltr'>similia.</span> <span class='ocrx_word' id='word_1_312' title='bbox 329 3784 458 3845; x_wconf 87' lang='lat' dir='ltr'>secunda</span> <span class='ocrx_word' id='word_1_313' title='bbox 486 3785 668 3854; x_wconf 84' lang='lat' dir='ltr'>inchoativa,</span> <span class='ocrx_word' id='word_1_314' title='bbox 697 3802 772 3863; x_wconf 92' lang='lat' dir='ltr'>quae</span> <span class='ocrx_word' id='word_1_315' title='bbox 802 3784 913 3863; x_wconf 90' lang='lat' dir='ltr'>aliquid</span> <span class='ocrx_word' id='word_1_316' title='bbox 946 3785 1011 3843; x_wconf 82' lang='lat' dir='ltr'>lteri</span> <span class='ocrx_word' id='word_1_317' title='bbox 1034 3785 1092 3845; x_wconf 90' lang='lat' dir='ltr'>iarn</span> <span class='ocrx_word' id='word_1_318' title='bbox 1116 3784 1250 3862; x_wconf 91' lang='lat' dir='ltr'>coepisse</span> <span class='ocrx_word' id='word_1_319' title='bbox 1270 3790 1407 3853; x_wconf 89' lang='lat' dir='ltr'>testatur,</span> 
     </span>
    </p>
   </div>
   <div class='ocr_carea' id='block_1_5' title="bbox 108 3998 1423 5021">
    <p class='ocr_par' dir='ltr' id='par_1_6' title="bbox 108 3998 1423 5021">
     <span class='ocr_line' id='line_1_34' title="bbox 183 3998 1407 4075; baseline -0.002 -22"><span class='ocrx_word' id='word_1_320' title='bbox 183 4003 526 4054; x_wconf 66' lang='lat' dir='ltr'>ReddaturinineertumB</span> <span class='ocrx_word' id='word_1_321' title='bbox 570 4006 600 4053; x_wconf 91' lang='lat' dir='ltr'>ll</span> <span class='ocrx_word' id='word_1_322' title='bbox 615 4003 761 4065; x_wconf 78' lang='lat' dir='ltr'>tttrsqueB</span> <span class='ocrx_word' id='word_1_323' title='bbox 778 4005 856 4067; x_wconf 84' lang='lat' dir='ltr'>Verq</span> <span class='ocrx_word' id='word_1_324' title='bbox 865 4018 968 4075; x_wconf 73' lang='lat' dir='ltr'>peorp</span> <span class='ocrx_word' id='word_1_325' title='bbox 966 4004 999 4053; x_wconf 97' lang='lat' dir='ltr'>lll</span> <span class='ocrx_word' id='word_1_326' title='bbox 1012 4004 1062 4053; x_wconf 75' lang='lat'>215</span> <span class='ocrx_word' id='word_1_327' title='bbox 1106 4004 1137 4052; x_wconf 73' lang='lat'>12</span> <span class='ocrx_word' id='word_1_328' title='bbox 1151 3998 1224 4067; x_wconf 77' lang='lat' dir='ltr'>ptris]</span> <span class='ocrx_word' id='word_1_329' title='bbox 1235 4003 1407 4067; x_wconf 75' lang='lat' dir='ltr'>Verpporp</span> 
     </span>
     <span class='ocr_line' id='line_1_35' title="bbox 112 4062 1406 4139; baseline -0.001 -19"><span class='ocrx_word' id='word_1_330' title='bbox 112 4072 201 4121; x_wconf 77' lang='lat'>11250</span> <span class='ocrx_word' id='word_1_331' title='bbox 236 4068 606 4139; x_wconf 75' lang='lat' dir='ltr'>lduec]VerpAen.lllt321</span> <span class='ocrx_word' id='word_1_332' title='bbox 643 4073 675 4122; x_wconf 87' lang='grc'>18</span> <span class='ocrx_word' id='word_1_333' title='bbox 687 4071 851 4137; x_wconf 80' lang='lat' dir='ltr'>praestantB</span> <span class='ocrx_word' id='word_1_334' title='bbox 885 4062 1100 4137; x_wconf 73' lang='lat' dir='ltr'>itdsrdtqutovB</span> <span class='ocrx_word' id='word_1_335' title='bbox 1134 4068 1327 4136; x_wconf 79' lang='lat' dir='ltr'>iilautherp.</span> <span class='ocrx_word' id='word_1_336' title='bbox 1337 4075 1406 4123; x_wconf 82' lang='lat' dir='ltr'>Aen.</span> 
     </span>
     <span class='ocr_line' id='line_1_36' title="bbox 111 4138 1406 4204; baseline -0.002 -15"><span class='ocrx_word' id='word_1_337' title='bbox 111 4139 214 4190; x_wconf 79' lang='lat' dir='ltr'><strong>X1230</strong></span> <span class='ocrx_word' id='word_1_338' title='bbox 259 4140 473 4204; x_wconf 68' lang='lat' dir='ltr'>iliageteicorr.</span> <span class='ocrx_word' id='word_1_339' title='bbox 486 4138 781 4218; x_wconf 77' lang='lat' dir='ltr'>aregelpedendumB</span> <span class='ocrx_word' id='word_1_340' title='bbox 826 4140 946 4191; x_wconf 67' lang='lat' dir='ltr'>idlectu.</span> <span class='ocrx_word' id='word_1_341' title='bbox 966 4138 1320 4203; x_wconf 81' lang='lat' dir='ltr'>declinatioinpersonalium.</span> <span class='ocrx_word' id='word_1_342' title='bbox 1340 4153 1406 4203; x_wconf 92' lang='lat' dir='ltr'>quae</span> 
     </span>
     <span class='ocr_line' id='line_1_37' title="bbox 111 4206 1406 4272; baseline -0.001 -16"><span class='ocrx_word' id='word_1_343' title='bbox 111 4209 138 4256; x_wconf 90' lang='lat' dir='ltr'>in</span> <span class='ocrx_word' id='word_1_344' title='bbox 157 4217 199 4255; x_wconf 90' lang='lat' dir='ltr'>tur</span> <span class='ocrx_word' id='word_1_345' title='bbox 215 4217 311 4257; x_wconf 84' lang='lat' dir='ltr'>exeunt</span> <span class='ocrx_word' id='word_1_346' title='bbox 325 4224 372 4272; x_wconf 84' lang='lat' dir='ltr'>per</span> <span class='ocrx_word' id='word_1_347' title='bbox 386 4209 501 4272; x_wconf 80' lang='lat' dir='ltr'>singulas</span> <span class='ocrx_word' id='word_1_348' title='bbox 518 4208 710 4272; x_wconf 81' lang='lat' dir='ltr'>coniugationes</span> <span class='ocrx_word' id='word_1_349' title='bbox 726 4207 759 4256; x_wconf 88' lang='lat' dir='ltr'>ad</span> <span class='ocrx_word' id='word_1_350' title='bbox 776 4206 964 4257; x_wconf 89' lang='lat' dir='ltr'>similitudinem</span> <span class='ocrx_word' id='word_1_351' title='bbox 982 4206 1144 4272; x_wconf 87' lang='lat' dir='ltr'>passiuorum</span> <span class='ocrx_word' id='word_1_352' title='bbox 1162 4220 1193 4255; x_wconf 84' lang='lat' dir='ltr'>ex</span> <span class='ocrx_word' id='word_1_353' title='bbox 1211 4207 1284 4255; x_wconf 85' lang='lat' dir='ltr'>tertia</span> <span class='ocrx_word' id='word_1_354' title='bbox 1296 4220 1406 4272; x_wconf 87' lang='lat' dir='ltr'>persona</span> 
     </span>
     <span class='ocr_line' id='line_1_38' title="bbox 111 4274 1405 4342; baseline 0.002 -19"><span class='ocrx_word' id='word_1_355' title='bbox 111 4275 256 4339; x_wconf 79' lang='lat' dir='ltr'>figurantur</span> <span class='ocrx_word' id='word_1_356' title='bbox 272 4284 428 4337; x_wconf 87' lang='lat' dir='ltr'>curruntque</span> <span class='ocrx_word' id='word_1_357' title='bbox 445 4292 491 4342; x_wconf 88' lang='lat' dir='ltr'>per</span> <span class='ocrx_word' id='word_1_358' title='bbox 508 4290 596 4326; x_wconf 86' lang='lat' dir='ltr'>omnes</span> <span class='ocrx_word' id='word_1_359' title='bbox 615 4277 705 4325; x_wconf 87' lang='lat' dir='ltr'>modos</span> <span class='ocrx_word' id='word_1_360' title='bbox 723 4286 887 4339; x_wconf 81' lang='lat' dir='ltr'>temporaque</span> <span class='ocrx_word' id='word_1_361' title='bbox 904 4274 1079 4337; x_wconf 85' lang='lat' dir='ltr'>unusquisque</span> <span class='ocrx_word' id='word_1_362' title='bbox 1097 4288 1182 4323; x_wconf 87' lang='lat' dir='ltr'>eorum</span> <span class='ocrx_word' id='word_1_363' title='bbox 1204 4275 1305 4340; x_wconf 82' lang='lat' dir='ltr'>recepit.</span> <span class='ocrx_word' id='word_1_364' title='bbox 1329 4276 1405 4325; x_wconf 90' lang='lat' dir='ltr'>modo</span> 
     </span>
     <span class='ocr_line' id='line_1_39' title="bbox 112 4342 1406 4407; baseline 0.002 -17"><span class='ocrx_word' id='word_1_365' title='bbox 112 4343 257 4393; x_wconf 83' lang='lat' dir='ltr'>indicatiuo</span> <span class='ocrx_word' id='word_1_366' title='bbox 275 4354 375 4392; x_wconf 85' lang='lat' dir='ltr'>amatur</span> <span class='ocrx_word' id='word_1_367' title='bbox 391 4370 432 4393; x_wconf 92' lang='lat'>—-.</span> <span class='ocrx_word' id='word_1_368' title='bbox 449 4344 526 4393; x_wconf 89' lang='lat' dir='ltr'>modo</span> <span class='ocrx_word' id='word_1_369' title='bbox 544 4343 642 4393; x_wconf 88' lang='lat' dir='ltr'>inlinito</span> <span class='ocrx_word' id='word_1_370' title='bbox 659 4344 748 4393; x_wconf 83' lang='lat' dir='ltr'>eadent</span> <span class='ocrx_word' id='word_1_371' title='bbox 770 4352 842 4392; x_wconf 89' lang='lat' dir='ltr'>erunt</span> <span class='ocrx_word' id='word_1_372' title='bbox 858 4342 1029 4407; x_wconf 84' lang='lat' dir='ltr'>inpersonalie</span> <span class='ocrx_word' id='word_1_373' title='bbox 1045 4357 1089 4407; x_wconf 89' lang='lat' dir='ltr'>per</span> <span class='ocrx_word' id='word_1_374' title='bbox 1107 4357 1194 4391; x_wconf 85' lang='lat' dir='ltr'>omnes</span> <span class='ocrx_word' id='word_1_375' title='bbox 1215 4342 1406 4407; x_wconf 80' lang='lat' dir='ltr'>coniugationes</span> 
     </span>
     <span class='ocr_line' id='line_1_40' title="bbox 111 4409 1406 4477; baseline 0 -18"><span class='ocrx_word' id='word_1_376' title='bbox 111 4424 183 4472; x_wconf 86' lang='lat' dir='ltr'>quae</span> <span class='ocrx_word' id='word_1_377' title='bbox 194 4410 293 4459; x_wconf 90' lang='lat' dir='ltr'>inllnlta</span> <span class='ocrx_word' id='word_1_378' title='bbox 304 4413 419 4477; x_wconf 80' lang='lat' dir='ltr'>passius.</span> <span class='ocrx_word' id='word_1_379' title='bbox 443 4412 488 4461; x_wconf 88' lang='lat' dir='ltr'>sed</span> <span class='ocrx_word' id='word_1_380' title='bbox 502 4412 563 4461; x_wconf 85' lang='lat' dir='ltr'>haec</span> <span class='ocrx_word' id='word_1_381' title='bbox 576 4414 622 4462; x_wconf 85' lang='lat' dir='ltr'>erit</span> <span class='ocrx_word' id='word_1_382' title='bbox 634 4410 762 4461; x_wconf 88' lang='lat' dir='ltr'>diseretio.</span> <span class='ocrx_word' id='word_1_383' title='bbox 787 4411 808 4461; x_wconf 81' lang='lat' dir='ltr'>si</span> <span class='ocrx_word' id='word_1_384' title='bbox 821 4410 909 4460; x_wconf 85' lang='lat' dir='ltr'>dixero</span> <span class='ocrx_word' id='word_1_385' title='bbox 923 4410 972 4473; x_wconf 81' lang='lat' dir='ltr'>legi</span> <span class='ocrx_word' id='word_1_386' title='bbox 985 4411 1135 4475; x_wconf 82' lang='lat' dir='ltr'>ciceronem,</span> <span class='ocrx_word' id='word_1_387' title='bbox 1150 4409 1198 4474; x_wconf 78' lang='lat' dir='ltr'>legi</span> <span class='ocrx_word' id='word_1_388' title='bbox 1210 4410 1353 4475; x_wconf 82' lang='lat' dir='ltr'>salustium,</span> <span class='ocrx_word' id='word_1_389' title='bbox 1367 4412 1406 4459; x_wconf 93' lang='lat' dir='ltr'>in-</span> 
     </span>
     <span class='ocr_line' id='line_1_41' title="bbox 111 4477 1405 4543; baseline 0.001 -17"><span class='ocrx_word' id='word_1_390' title='bbox 111 4479 179 4527; x_wconf 83' lang='lat' dir='ltr'>uniti</span> <span class='ocrx_word' id='word_1_391' title='bbox 193 4486 244 4535; x_wconf 64' lang='lat' dir='ltr'>este</span> <span class='ocrx_word' id='word_1_392' title='bbox 262 4480 283 4528; x_wconf 90' lang='lat' dir='ltr'>si</span> <span class='ocrx_word' id='word_1_393' title='bbox 297 4494 358 4528; x_wconf 89' lang='lat' dir='ltr'>nero</span> <span class='ocrx_word' id='word_1_394' title='bbox 377 4480 426 4543; x_wconf 78' lang='lat' dir='ltr'>legi</span> <span class='ocrx_word' id='word_1_395' title='bbox 442 4490 539 4529; x_wconf 85' lang='lat' dir='ltr'>tanturn</span> <span class='ocrx_word' id='word_1_396' title='bbox 552 4481 638 4538; x_wconf 89' lang='lat' dir='ltr'>modo,</span> <span class='ocrx_word' id='word_1_397' title='bbox 651 4478 811 4542; x_wconf 79' lang='lat' dir='ltr'>inpersonsle</span> <span class='ocrx_word' id='word_1_398' title='bbox 824 4487 870 4530; x_wconf 84' lang='lat' dir='ltr'>est.</span> <span class='ocrx_word' id='word_1_399' title='bbox 883 4492 933 4527; x_wconf 90' lang='lat' dir='ltr'>non</span> <span class='ocrx_word' id='word_1_400' title='bbox 948 4479 1014 4527; x_wconf 90' lang='lat' dir='ltr'>enim</span> <span class='ocrx_word' id='word_1_401' title='bbox 1027 4477 1094 4527; x_wconf 87' lang='lat' dir='ltr'>hunc</span> <span class='ocrx_word' id='word_1_402' title='bbox 1106 4486 1149 4527; x_wconf 86' lang='grc' dir='ltr'>ιιιιι</span> <span class='ocrx_word' id='word_1_403' title='bbox 1162 4478 1229 4525; x_wconf 87' lang='lat' dir='ltr'>illurn</span> <span class='ocrx_word' id='word_1_404' title='bbox 1244 4478 1405 4542; x_wconf 77' lang='lat' dir='ltr'>intellegitur,</span> 
     </span>
     <span class='ocr_line' id='line_1_42' title="bbox 112 4546 1405 4611; baseline 0 -16"><span class='ocrx_word' id='word_1_405' title='bbox 112 4546 161 4595; x_wconf 85' lang='lat' dir='ltr'>scd</span> <span class='ocrx_word' id='word_1_406' title='bbox 176 4546 234 4611; x_wconf 86' lang='lat' dir='ltr'>ipsa</span> <span class='ocrx_word' id='word_1_407' title='bbox 246 4548 440 4611; x_wconf 83' lang='lat' dir='ltr'>qualiscumque</span> <span class='ocrx_word' id='word_1_408' title='bbox 452 4549 526 4597; x_wconf 87' lang='lat' dir='ltr'>lectio</span> <span class='ocrx_word' id='word_1_409' title='bbox 539 4549 735 4597; x_wconf 85' lang='lat' dir='ltr'>demonstratur.</span> <span class='ocrx_word' id='word_1_410' title='bbox 747 4547 868 4595; x_wconf 88' lang='lat' dir='ltr'>amari-</span> <span class='ocrx_word' id='word_1_411' title='bbox 878 4547 968 4595; x_wconf 89' lang='lat' dir='ltr'>lectum</span> <span class='ocrx_word' id='word_1_412' title='bbox 978 4547 1016 4598; x_wconf 89' lang='lat' dir='ltr'>iri.</span> <span class='ocrx_word' id='word_1_413' title='bbox 1029 4560 1093 4607; x_wconf 85' lang='lat' dir='ltr'>quae</span> <span class='ocrx_word' id='word_1_414' title='bbox 1105 4546 1129 4594; x_wconf 95' lang='lat' dir='ltr'>in</span> <span class='ocrx_word' id='word_1_415' title='bbox 1144 4556 1168 4594; x_wconf 88' lang='lat' dir='ltr'>et</span> <span class='ocrx_word' id='word_1_416' title='bbox 1180 4555 1275 4594; x_wconf 80' lang='lat' dir='ltr'>exeunt</span> <span class='ocrx_word' id='word_1_417' title='bbox 1285 4546 1405 4609; x_wconf 85' lang='lat' dir='ltr'>quoniam</span> 
     </span>
     <span class='ocr_line' id='line_1_43' title="bbox 112 4614 1405 4692; baseline 0.001 -31"><span class='ocrx_word' id='word_1_418' title='bbox 112 4630 147 4663; x_wconf 83' lang='lat' dir='ltr'>ex</span> <span class='ocrx_word' id='word_1_419' title='bbox 164 4628 194 4663; x_wconf 90' lang='lat' dir='ltr'>se</span> <span class='ocrx_word' id='word_1_420' title='bbox 210 4628 261 4663; x_wconf 88' lang='lat' dir='ltr'>non</span> <span class='ocrx_word' id='word_1_421' title='bbox 278 4630 415 4679; x_wconf 84' lang='lat' dir='ltr'>numquam</span> <span class='ocrx_word' id='word_1_422' title='bbox 433 4617 548 4665; x_wconf 82' lang='lat' dir='ltr'>oriamur</span> <span class='ocrx_word' id='word_1_423' title='bbox 566 4630 615 4664; x_wconf 86' lang='lat' dir='ltr'>non</span> <span class='ocrx_word' id='word_1_424' title='bbox 634 4615 775 4663; x_wconf 78' lang='lat' dir='ltr'>referentur</span> <span class='ocrx_word' id='word_1_425' title='bbox 790 4614 822 4663; x_wconf 86' lang='lat' dir='ltr'>ad</span> <span class='ocrx_word' id='word_1_426' title='bbox 839 4615 1043 4678; x_wconf 82' lang='lat' dir='ltr'>coniugationes,</span> <span class='ocrx_word' id='word_1_427' title='bbox 1062 4622 1088 4663; x_wconf 93' lang='grc' dir='ltr'>ιιι</span> <span class='ocrx_word' id='word_1_428' title='bbox 1101 4623 1139 4662; x_wconf 90' lang='lat' dir='ltr'>est</span> <span class='ocrx_word' id='word_1_429' title='bbox 1151 4614 1233 4662; x_wconf 85' lang='lat' dir='ltr'>taedet</span> <span class='ocrx_word' id='word_1_430' title='bbox 1246 4614 1323 4692; x_wconf 80' lang='lat' dir='ltr'>pudet</span> <span class='ocrx_word' id='word_1_431' title='bbox 1334 4614 1405 4678; x_wconf 72' lang='lat' dir='ltr'>piget</span> 
     </span>
     <span class='ocr_line' id='line_1_44' title="bbox 111 4680 1404 4749; baseline -0.003 -18"><span class='ocrx_word' id='word_1_432' title='bbox 111 4682 229 4747; x_wconf 86' lang='lat' dir='ltr'>poenitet</span> <span class='ocrx_word' id='word_1_433' title='bbox 241 4683 344 4733; x_wconf 78' lang='lat' dir='ltr'>miseret</span> <span class='ocrx_word' id='word_1_434' title='bbox 356 4694 465 4749; x_wconf 85' lang='lat' dir='ltr'>oportet,</span> <span class='ocrx_word' id='word_1_435' title='bbox 479 4685 526 4733; x_wconf 86' lang='lat' dir='ltr'>nisi</span> <span class='ocrx_word' id='word_1_436' title='bbox 541 4684 607 4746; x_wconf 89' lang='lat' dir='ltr'>quod</span> <span class='ocrx_word' id='word_1_437' title='bbox 620 4692 705 4749; x_wconf 87' lang='lat' dir='ltr'>potest</span> <span class='ocrx_word' id='word_1_438' title='bbox 717 4682 855 4733; x_wconf 87' lang='lat' dir='ltr'>similitudo</span> <span class='ocrx_word' id='word_1_439' title='bbox 868 4682 1013 4744; x_wconf 84' lang='lat' dir='ltr'>quaedam</span> <span class='ocrx_word' id='word_1_440' title='bbox 1007 4696 1032 4730; x_wconf 92' lang='grc' dir='ltr'>ιιι</span> <span class='ocrx_word' id='word_1_441' title='bbox 1045 4680 1085 4731; x_wconf 91' lang='lat' dir='ltr'>his</span> <span class='ocrx_word' id='word_1_442' title='bbox 1098 4696 1155 4730; x_wconf 91' lang='lat' dir='ltr'>esse</span> <span class='ocrx_word' id='word_1_443' title='bbox 1167 4680 1349 4745; x_wconf 83' lang='lat' dir='ltr'>coniugationis</span> <span class='ocrx_word' id='word_1_444' title='bbox 1362 4697 1404 4730; x_wconf 80' lang='lat' dir='ltr'>se-</span> 
     </span>
     <span class='ocr_line' id='line_1_45' title="bbox 112 4748 1405 4816; baseline -0.001 -18"><span class='ocrx_word' id='word_1_445' title='bbox 112 4750 226 4815; x_wconf 86' lang='lat' dir='ltr'>cundae,</span> <span class='ocrx_word' id='word_1_446' title='bbox 240 4763 363 4814; x_wconf 87' lang='lat' dir='ltr'>quantum</span> <span class='ocrx_word' id='word_1_447' title='bbox 375 4752 408 4801; x_wconf 90' lang='lat' dir='ltr'>ad</span> <span class='ocrx_word' id='word_1_448' title='bbox 422 4752 519 4801; x_wconf 85' lang='lat' dir='ltr'>tertiam</span> <span class='ocrx_word' id='word_1_449' title='bbox 532 4765 666 4816; x_wconf 88' lang='lat' dir='ltr'>personam</span> <span class='ocrx_word' id='word_1_450' title='bbox 679 4752 768 4799; x_wconf 83' lang='lat' dir='ltr'>attinet</span> <span class='ocrx_word' id='word_1_451' title='bbox 780 4750 943 4815; x_wconf 77' lang='lat' dir='ltr'>singularem.</span> <span class='ocrx_word' id='word_1_452' title='bbox 954 4750 1030 4799; x_wconf 89' lang='lat' dir='ltr'>modo</span> <span class='ocrx_word' id='word_1_453' title='bbox 1043 4748 1180 4799; x_wconf 79' lang='lat' dir='ltr'>indication</span> <span class='ocrx_word' id='word_1_454' title='bbox 1192 4750 1344 4813; x_wconf 88' lang='lat' dir='ltr'>poenitet—</span> <span class='ocrx_word' id='word_1_455' title='bbox 1311 4757 1405 4798; x_wconf 84' lang='lat' dir='ltr'>—tae·</span> 
     </span>
     <span class='ocr_line' id='line_1_46' title="bbox 112 4816 1423 4885; baseline -0.004 -19"><span class='ocrx_word' id='word_1_456' title='bbox 112 4819 195 4871; x_wconf 87' lang='lat' dir='ltr'>debit.</span> <span class='ocrx_word' id='word_1_457' title='bbox 221 4819 254 4868; x_wconf 85' lang='lat' dir='ltr'>ad</span> <span class='ocrx_word' id='word_1_458' title='bbox 267 4820 457 4869; x_wconf 86' lang='lat' dir='ltr'>similitudinem</span> <span class='ocrx_word' id='word_1_459' title='bbox 470 4820 629 4885; x_wconf 80' lang='lat' dir='ltr'>superiorum</span> <span class='ocrx_word' id='word_1_460' title='bbox 643 4827 667 4867; x_wconf 89' lang='lat' dir='ltr'>et</span> <span class='ocrx_word' id='word_1_461' title='bbox 677 4819 775 4879; x_wconf 86' lang='lat' dir='ltr'>reliqua</span> <span class='ocrx_word' id='word_1_462' title='bbox 787 4818 983 4867; x_wconf 85' lang='lat' dir='ltr'>decimabuntur</span> <span class='ocrx_word' id='word_1_463' title='bbox 989 4833 1035 4882; x_wconf 87' lang='lat' dir='ltr'>per</span> <span class='ocrx_word' id='word_1_464' title='bbox 1044 4832 1134 4867; x_wconf 88' lang='lat' dir='ltr'>omues</span> <span class='ocrx_word' id='word_1_465' title='bbox 1143 4816 1232 4867; x_wconf 90' lang='lat' dir='ltr'>modos</span> <span class='ocrx_word' id='word_1_466' title='bbox 1245 4826 1269 4865; x_wconf 91' lang='lat' dir='ltr'>et</span> <span class='ocrx_word' id='word_1_467' title='bbox 1280 4827 1403 4883; x_wconf 85' lang='lat' dir='ltr'>tempora.</span> <span class='ocrx_word' id='word_1_468' title='bbox 1408 4834 1423 4861; x_wconf 65' lang='lat' dir='ltr'>a</span> 
     </span>
     <span class='ocr_line' id='line_1_47' title="bbox 113 4872 1403 4965; baseline 0 -31"><span class='ocrx_word' id='word_1_469' title='bbox 113 4886 154 4935; x_wconf 84' lang='lat' dir='ltr'>De</span> <span class='ocrx_word' id='word_1_470' title='bbox 171 4884 261 4935; x_wconf 86' lang='lat' dir='ltr'>lormis</span> <span class='ocrx_word' id='word_1_471' title='bbox 279 4887 313 4937; x_wconf 91' lang='lat' dir='ltr'>B.</span> <span class='ocrx_word' id='word_1_472' title='bbox 335 4889 518 4939; x_wconf 80' lang='lat' dir='ltr'>declinationes</span> <span class='ocrx_word' id='word_1_473' title='bbox 539 4887 670 4938; x_wconf 63' lang='lat' dir='ltr'>sudorum</span> <span class='ocrx_word' id='word_1_474' title='bbox 691 4888 888 4965; x_wconf 82' lang='lat' dir='ltr'>inpersonaltum</span> <span class='ocrx_word' id='word_1_475' title='bbox 910 4896 1013 4935; x_wconf 87' lang='lat' dir='ltr'>amatur</span> <span class='ocrx_word' id='word_1_476' title='bbox 1024 4886 1128 4935; x_wconf 86' lang='lat' dir='ltr'>docetur</span> <span class='ocrx_word' id='word_1_477' title='bbox 1149 4872 1249 4935; x_wconf 84' lang='lat' dir='ltr'>auditur</span> <span class='ocrx_word' id='word_1_478' title='bbox 1267 4884 1357 4949; x_wconf 82' lang='lat' dir='ltr'>legitur</span> <span class='ocrx_word' id='word_1_479' title='bbox 1379 4893 1403 4934; x_wconf 86' lang='lat' dir='ltr'>et</span> 
     </span>
     <span class='ocr_line' id='line_1_48' title="bbox 108 4954 795 5021; baseline -0.003 -17"><span class='ocrx_word' id='word_1_480' title='bbox 108 4954 226 5020; x_wconf 84' lang='lat' dir='ltr'>poenitet</span> <span class='ocrx_word' id='word_1_481' title='bbox 242 4955 322 5019; x_wconf 90' lang='lat' dir='ltr'>pudet</span> <span class='ocrx_word' id='word_1_482' title='bbox 339 4956 408 5021; x_wconf 82' lang='lat' dir='ltr'>piget</span> <span class='ocrx_word' id='word_1_483' title='bbox 425 4955 482 5005; x_wconf 89' lang='lat' dir='ltr'>licet</span> <span class='ocrx_word' id='word_1_484' title='bbox 500 4958 573 5007; x_wconf 85' lang='lat' dir='ltr'>omisi</span> <span class='ocrx_word' id='word_1_485' title='bbox 631 4958 664 5004; x_wconf 83' lang='lat'>30</span> <span class='ocrx_word' id='word_1_486' title='bbox 675 4956 758 5020; x_wconf 89' lang='lat' dir='ltr'>parire</span> <span class='ocrx_word' id='word_1_487' title='bbox 771 4954 795 5003; x_wconf 90' lang='lat' dir='ltr'><em>B</em></span> 
     </span>
    </p>
   </div>
   <div class='ocr_carea' id='block_1_6' title="bbox 164 5034 1199 5098">
    <p class='ocr_par' dir='ltr' id='par_1_7' title="bbox 164 5034 1199 5098">
     <span class='ocr_line' id='line_1_49' title="bbox 164 5034 1199 5098; baseline -0.001 -11"><span class='ocrx_word' id='word_1_488' title='bbox 164 5042 448 5091; x_wconf 69' lang='lat' dir='ltr'>cmnnartnunnru</span> <span class='ocrx_word' id='word_1_489' title='bbox 462 5045 491 5090; x_wconf 88' lang='lat' dir='ltr'>v.</span> <span class='ocrx_word' id='word_1_490' title='bbox 1158 5034 1199 5098; x_wconf 80' lang='lat'>42</span> 
     </span>
    </p>
   </div>
   <div class='ocr_carea' id='block_1_7' title="bbox 0 0 1768 5600">
    <p class='ocr_par' dir='ltr' id='par_1_8' title="bbox 0 0 1768 5600">
     <span class='ocr_line' id='line_1_50' title="bbox 0 0 1768 5600; baseline 0 0"><span class='ocrx_word' id='word_1_491' title='bbox 0 0 1768 5600; x_wconf 95' lang='lat' dir='ltr'> </span> 
     </span>
    </p>
   </div>
  </div>
 </body>
</html>
