<?xml version="1.0" encoding="UTF-8"?>
<!DOCTYPE html PUBLIC "-//W3C//DTD XHTML 1.0 Transitional//EN"
    "http://www.w3.org/TR/xhtml1/DTD/xhtml1-transitional.dtd">
<html xmlns="http://www.w3.org/1999/xhtml" xml:lang="en" lang="en">
 <head>
  <title>
</title>
<meta http-equiv="Content-Type" content="text/html;charset=utf-8" />
  <meta name='ocr-system' content='tesseract 3.04.00' />
  <meta name='ocr-capabilities' content='ocr_page ocr_carea ocr_par ocr_line ocrx_word'/>
</head>
<body>
  <div class='ocr_page' id='page_1' title='image "./grammaticilatin03hagagoog_0134.png"; bbox 0 0 3525 5600; ppageno 0'>
   <div class='ocr_carea' id='block_1_1' title="bbox 333 378 1049 443">
    <p class='ocr_par' dir='ltr' id='par_1_1' title="bbox 333 378 1049 443">
     <span class='ocr_line' id='line_1_1' title="bbox 333 378 1049 443; baseline -0.001 -1"><span class='ocrx_word' id='word_1_1' title='bbox 333 378 393 443; x_wconf 72' lang='lat'>124</span> <span class='ocrx_word' id='word_1_2' title='bbox 898 381 1049 443; x_wconf 77' lang='lat' dir='ltr'>l’lllll‘llll</span> 
     </span>
    </p>
   </div>
   <div class='ocr_carea' id='block_1_2' title="bbox 328 489 1719 2279">
    <p class='ocr_par' dir='ltr' id='par_1_2' title="bbox 356 489 502 542">
     <span class='ocr_line' id='line_1_2' title="bbox 356 489 502 542; baseline -0.021 -11"><span class='ocrx_word' id='word_1_3' title='bbox 356 501 377 542; x_wconf 87' lang='lat' dir='ltr'>p.</span> <span class='ocrx_word' id='word_1_4' title='bbox 391 491 466 531; x_wconf 80' lang='lat' dir='ltr'>tlt—uti</span> <span class='ocrx_word' id='word_1_5' title='bbox 481 489 502 528; x_wconf 77' lang='lat' dir='ltr'>t„</span> 
     </span>
    </p>

    <p class='ocr_par' dir='ltr' id='par_1_3' title="bbox 328 567 1719 1568">
     <span class='ocr_line' id='line_1_3' title="bbox 331 567 1614 648; baseline -0.003 -18"><span class='ocrx_word' id='word_1_6' title='bbox 331 588 424 648; x_wconf 89' lang='lat' dir='ltr'>acqua</span> <span class='ocrx_word' id='word_1_7' title='bbox 447 571 550 630; x_wconf 81' lang='lat' dir='ltr'>divisio</span> <span class='ocrx_word' id='word_1_8' title='bbox 573 578 633 639; x_wconf 90' lang='lat' dir='ltr'>est,</span> <span class='ocrx_word' id='word_1_9' title='bbox 658 571 712 631; x_wconf 88' lang='lat' dir='ltr'>tria</span> <span class='ocrx_word' id='word_1_10' title='bbox 736 582 765 630; x_wconf 87' lang='lat' dir='ltr'>et</span> <span class='ocrx_word' id='word_1_11' title='bbox 787 571 859 638; x_wconf 89' lang='lat' dir='ltr'>tria,</span> <span class='ocrx_word' id='word_1_12' title='bbox 890 576 1027 647; x_wconf 85' lang='lat' dir='ltr'>quattuor</span> <span class='ocrx_word' id='word_1_13' title='bbox 1049 575 1077 628; x_wconf 89' lang='lat' dir='ltr'>ct</span> <span class='ocrx_word' id='word_1_14' title='bbox 1099 575 1249 645; x_wconf 87' lang='lat' dir='ltr'>quattuor,</span> <span class='ocrx_word' id='word_1_15' title='bbox 1281 567 1363 630; x_wconf 90' lang='lat' dir='ltr'>verbi</span> <span class='ocrx_word' id='word_1_16' title='bbox 1390 585 1479 628; x_wconf 90' lang='lat' dir='ltr'>eausa</span> <span class='ocrx_word' id='word_1_17' title='bbox 1501 574 1614 628; x_wconf 89' lang='lat' dir='ltr'>centum</span> 
     </span>
     <span class='ocr_line' id='line_1_4' title="bbox 331 669 1719 751; baseline -0.003 -18"><span class='ocrx_word' id='word_1_18' title='bbox 331 679 360 733; x_wconf 87' lang='lat' dir='ltr'>et</span> <span class='ocrx_word' id='word_1_19' title='bbox 382 680 516 741; x_wconf 88' lang='lat' dir='ltr'>centum,</span> <span class='ocrx_word' id='word_1_20' title='bbox 546 675 571 733; x_wconf 93' lang='lat' dir='ltr'>si</span> <span class='ocrx_word' id='word_1_21' title='bbox 601 679 703 751; x_wconf 91' lang='lat' dir='ltr'>posset</span> <span class='ocrx_word' id='word_1_22' title='bbox 729 673 803 733; x_wconf 86' lang='lat' dir='ltr'>lieri.</span> <span class='ocrx_word' id='word_1_23' title='bbox 853 673 991 751; x_wconf 87' lang='lat' dir='ltr'>quotiens</span> <span class='ocrx_word' id='word_1_24' title='bbox 1019 679 1063 731; x_wconf 93' lang='lat' dir='ltr'>tot</span> <span class='ocrx_word' id='word_1_25' title='bbox 1090 678 1223 750; x_wconf 90' lang='lat' dir='ltr'>tempora</span> <span class='ocrx_word' id='word_1_26' title='bbox 1252 669 1342 730; x_wconf 87' lang='lat' dir='ltr'>habet</span> <span class='ocrx_word' id='word_1_27' title='bbox 1371 671 1459 740; x_wconf 74' lang='lat' dir='ltr'>arsiS,</span> <span class='ocrx_word' id='word_1_28' title='bbox 1489 677 1561 749; x_wconf 88' lang='lat' dir='ltr'>quot</span> <span class='ocrx_word' id='word_1_29' title='bbox 1588 676 1617 728; x_wconf 88' lang='lat' dir='ltr'>et</span> <span class='ocrx_word' id='word_1_30' title='bbox 1718 681 1719 736; x_wconf 66' lang='grc' dir='ltr'>ς</span> 
     </span>
     <span class='ocr_line' id='line_1_5' title="bbox 331 771 1719 854; baseline -0.003 -21"><span class='ocrx_word' id='word_1_31' title='bbox 331 774 437 845; x_wconf 80' lang='lat' dir='ltr'>thesis,</span> <span class='ocrx_word' id='word_1_32' title='bbox 462 793 553 854; x_wconf 88' lang='lat' dir='ltr'>aequa</span> <span class='ocrx_word' id='word_1_33' title='bbox 576 774 682 835; x_wconf 89' lang='lat' dir='ltr'>dicitur</span> <span class='ocrx_word' id='word_1_34' title='bbox 705 774 818 834; x_wconf 86' lang='lat' dir='ltr'>divisio.</span> <span class='ocrx_word' id='word_1_35' title='bbox 850 779 883 834; x_wconf 94' lang='lat' dir='ltr'>ut</span> <span class='ocrx_word' id='word_1_36' title='bbox 904 781 975 851; x_wconf 91' lang='lat' dir='ltr'>puta</span> <span class='ocrx_word' id='word_1_37' title='bbox 991 773 1158 854; x_wconf 81' lang='lat' dir='ltr'>pyrrichius</span> <span class='ocrx_word' id='word_1_38' title='bbox 1174 773 1232 832; x_wconf 91' lang='lat' dir='ltr'>duo</span> <span class='ocrx_word' id='word_1_39' title='bbox 1247 771 1337 832; x_wconf 85' lang='lat' dir='ltr'>hahet</span> <span class='ocrx_word' id='word_1_40' title='bbox 1354 779 1502 851; x_wconf 85' lang='lat' dir='ltr'>tempora;</span> <span class='ocrx_word' id='word_1_41' title='bbox 1526 789 1615 830; x_wconf 91' lang='lat' dir='ltr'>unum</span> <span class='ocrx_word' id='word_1_42' title='bbox 1718 807 1719 812; x_wconf 22' lang='grc' dir='ltr'><strong>κ</strong></span> 
     </span>
     <span class='ocr_line' id='line_1_6' title="bbox 331 871 1614 958; baseline -0.002 -23"><span class='ocrx_word' id='word_1_43' title='bbox 331 874 453 936; x_wconf 77' lang='lat' dir='ltr'>habebit</span> <span class='ocrx_word' id='word_1_44' title='bbox 472 877 559 946; x_wconf 90' lang='lat' dir='ltr'>arsis,</span> <span class='ocrx_word' id='word_1_45' title='bbox 583 894 674 937; x_wconf 90' lang='lat' dir='ltr'>unum</span> <span class='ocrx_word' id='word_1_46' title='bbox 697 876 799 938; x_wconf 89' lang='lat' dir='ltr'>thesis.</span> <span class='ocrx_word' id='word_1_47' title='bbox 832 883 955 958; x_wconf 84' lang='lat' dir='ltr'>utputa</span> <span class='ocrx_word' id='word_1_48' title='bbox 977 876 1128 955; x_wconf 86' lang='lat' dir='ltr'>spondeus</span> <span class='ocrx_word' id='word_1_49' title='bbox 1151 874 1223 935; x_wconf 90' lang='lat' dir='ltr'>duas</span> <span class='ocrx_word' id='word_1_50' title='bbox 1245 872 1334 934; x_wconf 89' lang='lat' dir='ltr'>habet</span> <span class='ocrx_word' id='word_1_51' title='bbox 1356 875 1458 952; x_wconf 85' lang='lat' dir='ltr'>longas</span> <span class='ocrx_word' id='word_1_52' title='bbox 1481 871 1614 953; x_wconf 83' lang='lat' dir='ltr'>syllabas,</span> 
     </span>
     <span class='ocr_line' id='line_1_7' title="bbox 330 975 1639 1058; baseline -0.005 -19"><span class='ocrx_word' id='word_1_53' title='bbox 330 986 467 1058; x_wconf 88' lang='lat' dir='ltr'>quattuor</span> <span class='ocrx_word' id='word_1_54' title='bbox 493 986 562 1039; x_wconf 92' lang='lat' dir='ltr'>sunt</span> <span class='ocrx_word' id='word_1_55' title='bbox 590 985 735 1057; x_wconf 86' lang='lat' dir='ltr'>tempora;</span> <span class='ocrx_word' id='word_1_56' title='bbox 765 979 824 1039; x_wconf 93' lang='lat' dir='ltr'>duo</span> <span class='ocrx_word' id='word_1_57' title='bbox 852 976 973 1039; x_wconf 88' lang='lat' dir='ltr'>habebit</span> <span class='ocrx_word' id='word_1_58' title='bbox 1007 981 1093 1048; x_wconf 90' lang='lat' dir='ltr'>arsis,</span> <span class='ocrx_word' id='word_1_59' title='bbox 1123 978 1181 1038; x_wconf 93' lang='lat' dir='ltr'>duo</span> <span class='ocrx_word' id='word_1_60' title='bbox 1209 975 1313 1045; x_wconf 88' lang='lat' dir='ltr'>thesis,</span> <span class='ocrx_word' id='word_1_61' title='bbox 1343 978 1480 1055; x_wconf 88' lang='lat' dir='ltr'>quoniam</span> <span class='ocrx_word' id='word_1_62' title='bbox 1510 983 1539 1036; x_wconf 85' lang='lat' dir='ltr'>et</span> <span class='ocrx_word' id='word_1_63' title='bbox 1564 978 1639 1036; x_wconf 79' lang='lat' dir='ltr'>illos</span> 
     </span>
     <span class='ocr_line' id='line_1_8' title="bbox 328 1071 1719 1158; baseline -0.004 -18"><span class='ocrx_word' id='word_1_64' title='bbox 328 1084 420 1155; x_wconf 74' lang='lat' dir='ltr'>leupo</span> <span class='ocrx_word' id='word_1_65' title='bbox 441 1081 499 1142; x_wconf 84' lang='lat' dir='ltr'>duo</span> <span class='ocrx_word' id='word_1_66' title='bbox 520 1081 609 1140; x_wconf 76' lang='lat' dir='ltr'>nabet</span> <span class='ocrx_word' id='word_1_67' title='bbox 630 1088 773 1156; x_wconf 78' lang='lat' dir='ltr'>temporo,</span> <span class='ocrx_word' id='word_1_68' title='bbox 819 1087 848 1140; x_wconf 89' lang='lat' dir='ltr'>ct</span> <span class='ocrx_word' id='word_1_69' title='bbox 873 1079 923 1140; x_wconf 91' lang='lat' dir='ltr'>illa</span> <span class='ocrx_word' id='word_1_70' title='bbox 952 1081 1039 1158; x_wconf 78' lang='lat' dir='ltr'>longa</span> <span class='ocrx_word' id='word_1_71' title='bbox 1067 1081 1126 1142; x_wconf 93' lang='lat' dir='ltr'>duo</span> <span class='ocrx_word' id='word_1_72' title='bbox 1155 1079 1245 1140; x_wconf 88' lang='lat' dir='ltr'>habet</span> <span class='ocrx_word' id='word_1_73' title='bbox 1273 1087 1415 1158; x_wconf 87' lang='lat' dir='ltr'>tempora.</span> <span class='ocrx_word' id='word_1_74' title='bbox 1460 1079 1491 1138; x_wconf 89' lang='lat' dir='ltr'>in</span> <span class='ocrx_word' id='word_1_75' title='bbox 1513 1095 1615 1156; x_wconf 86' lang='lat' dir='ltr'>proce·</span> <span class='ocrx_word' id='word_1_76' title='bbox 1718 1071 1719 1126; x_wconf 81' lang='grc' dir='ltr'>ἶ</span> 
     </span>
     <span class='ocr_line' id='line_1_9' title="bbox 329 1179 1617 1262; baseline -0.004 -20"><span class='ocrx_word' id='word_1_77' title='bbox 329 1183 487 1243; x_wconf 89' lang='lat' dir='ltr'>leumatieo</span> <span class='ocrx_word' id='word_1_78' title='bbox 516 1189 652 1260; x_wconf 88' lang='lat' dir='ltr'>quattuor</span> <span class='ocrx_word' id='word_1_79' title='bbox 680 1199 750 1243; x_wconf 86' lang='lat' dir='ltr'>sunt</span> <span class='ocrx_word' id='word_1_80' title='bbox 775 1191 924 1262; x_wconf 90' lang='lat' dir='ltr'>tempora,</span> <span class='ocrx_word' id='word_1_81' title='bbox 955 1182 1013 1243; x_wconf 90' lang='lat' dir='ltr'>duo</span> <span class='ocrx_word' id='word_1_82' title='bbox 1041 1191 1070 1243; x_wconf 88' lang='lat' dir='ltr'>et</span> <span class='ocrx_word' id='word_1_83' title='bbox 1091 1183 1159 1243; x_wconf 92' lang='lat' dir='ltr'>duo.</span> <span class='ocrx_word' id='word_1_84' title='bbox 1205 1184 1234 1242; x_wconf 96' lang='lat' dir='ltr'>in</span> <span class='ocrx_word' id='word_1_85' title='bbox 1265 1179 1428 1260; x_wconf 79' lang='lat' dir='ltr'>dispondeo</span> <span class='ocrx_word' id='word_1_86' title='bbox 1457 1187 1524 1240; x_wconf 91' lang='lat' dir='ltr'>octo</span> <span class='ocrx_word' id='word_1_87' title='bbox 1551 1186 1617 1238; x_wconf 90' lang='lat' dir='ltr'>suut</span> 
     </span>
     <span class='ocr_line' id='line_1_10' title="bbox 329 1281 1614 1365; baseline -0.004 -20"><span class='ocrx_word' id='word_1_88' title='bbox 329 1292 478 1364; x_wconf 88' lang='lat' dir='ltr'>tempora;</span> <span class='ocrx_word' id='word_1_89' title='bbox 501 1290 640 1365; x_wconf 83' lang='lat' dir='ltr'>qrrattuor</span> <span class='ocrx_word' id='word_1_90' title='bbox 663 1283 753 1344; x_wconf 89' lang='lat' dir='ltr'>hahet</span> <span class='ocrx_word' id='word_1_91' title='bbox 777 1286 865 1354; x_wconf 87' lang='lat' dir='ltr'>arsis,</span> <span class='ocrx_word' id='word_1_92' title='bbox 890 1291 1028 1363; x_wconf 89' lang='lat' dir='ltr'>quattuor</span> <span class='ocrx_word' id='word_1_93' title='bbox 1051 1285 1149 1344; x_wconf 90' lang='lat' dir='ltr'>thesis.</span> <span class='ocrx_word' id='word_1_94' title='bbox 1176 1286 1208 1344; x_wconf 93' lang='lat' dir='ltr'>in</span> <span class='ocrx_word' id='word_1_95' title='bbox 1231 1285 1407 1362; x_wconf 78' lang='lat' dir='ltr'>antispasto,</span> <span class='ocrx_word' id='word_1_96' title='bbox 1432 1281 1614 1348; x_wconf 78' lang='lat' dir='ltr'>choriambo,</span> 
     </span>
     <span class='ocr_line' id='line_1_11' title="bbox 329 1383 1617 1464; baseline -0.003 -18"><span class='ocrx_word' id='word_1_97' title='bbox 329 1386 517 1456; x_wconf 80' lang='lat' dir='ltr'>ditrochaeo,</span> <span class='ocrx_word' id='word_1_98' title='bbox 541 1385 670 1446; x_wconf 81' lang='lat' dir='ltr'>diiambo</span> <span class='ocrx_word' id='word_1_99' title='bbox 693 1404 763 1446; x_wconf 91' lang='lat' dir='ltr'>sena</span> <span class='ocrx_word' id='word_1_100' title='bbox 786 1394 854 1447; x_wconf 91' lang='lat' dir='ltr'>sunt</span> <span class='ocrx_word' id='word_1_101' title='bbox 868 1396 1016 1464; x_wconf 88' lang='lat' dir='ltr'>tempora,</span> <span class='ocrx_word' id='word_1_102' title='bbox 1041 1387 1096 1446; x_wconf 92' lang='lat' dir='ltr'>tria</span> <span class='ocrx_word' id='word_1_103' title='bbox 1113 1385 1234 1447; x_wconf 77' lang='lat' dir='ltr'>habebit</span> <span class='ocrx_word' id='word_1_104' title='bbox 1249 1387 1331 1454; x_wconf 88' lang='lat' dir='ltr'>arsis,</span> <span class='ocrx_word' id='word_1_105' title='bbox 1351 1386 1406 1446; x_wconf 91' lang='lat' dir='ltr'>tria</span> <span class='ocrx_word' id='word_1_106' title='bbox 1421 1383 1522 1444; x_wconf 89' lang='lat' dir='ltr'>thesis.</span> <span class='ocrx_word' id='word_1_107' title='bbox 1548 1401 1617 1460; x_wconf 86' lang='lat' dir='ltr'>ergo</span> 
     </span>
     <span class='ocr_line' id='line_1_12' title="bbox 329 1481 1673 1568; baseline -0.004 -20"><span class='ocrx_word' id='word_1_108' title='bbox 329 1489 384 1549; x_wconf 89' lang='lat' dir='ltr'>hae</span> <span class='ocrx_word' id='word_1_109' title='bbox 406 1496 474 1550; x_wconf 90' lang='lat' dir='ltr'>sunt</span> <span class='ocrx_word' id='word_1_110' title='bbox 497 1488 668 1558; x_wconf 89' lang='lat' dir='ltr'>divisiones,</span> <span class='ocrx_word' id='word_1_111' title='bbox 693 1506 768 1565; x_wconf 87' lang='lat' dir='ltr'>quae</span> <span class='ocrx_word' id='word_1_112' title='bbox 790 1507 902 1568; x_wconf 84' lang='lat' dir='ltr'>aequae</span> <span class='ocrx_word' id='word_1_113' title='bbox 915 1488 1066 1558; x_wconf 91' lang='lat' dir='ltr'>dicuutur,</span> <span class='ocrx_word' id='word_1_114' title='bbox 1091 1497 1120 1550; x_wconf 86' lang='lat' dir='ltr'>et</span> <span class='ocrx_word' id='word_1_115' title='bbox 1135 1488 1246 1550; x_wconf 89' lang='lat' dir='ltr'>habent</span> <span class='ocrx_word' id='word_1_116' title='bbox 1261 1487 1315 1548; x_wconf 91' lang='lat' dir='ltr'>hos</span> <span class='ocrx_word' id='word_1_117' title='bbox 1330 1487 1431 1567; x_wconf 87' lang='lat' dir='ltr'>pedes,</span> <span class='ocrx_word' id='word_1_118' title='bbox 1455 1504 1511 1547; x_wconf 89' lang='lat' dir='ltr'>nec</span> <span class='ocrx_word' id='word_1_119' title='bbox 1528 1481 1614 1546; x_wconf 93' lang='lat' dir='ltr'>alium</span> <span class='ocrx_word' id='word_1_120' title='bbox 1629 1508 1649 1543; x_wconf 86' lang='lat' dir='ltr'>n</span> <span class='ocrx_word' id='word_1_121' title='bbox 1670 1549 1673 1556; x_wconf 17' lang='grc' dir='ltr'><strong>Α</strong></span> 
     </span>
    </p>

    <p class='ocr_par' dir='ltr' id='par_1_4' title="bbox 328 1587 1719 2279">
     <span class='ocr_line' id='line_1_13' title="bbox 329 1587 1719 1670; baseline -0.003 -20"><span class='ocrx_word' id='word_1_122' title='bbox 329 1590 452 1651; x_wconf 90' lang='lat' dir='ltr'>habent:</span> <span class='ocrx_word' id='word_1_123' title='bbox 476 1590 657 1670; x_wconf 78' lang='lat' dir='ltr'>pyrrichium</span> <span class='ocrx_word' id='word_1_124' title='bbox 679 1590 803 1661; x_wconf 88' lang='lat' dir='ltr'>habent,</span> <span class='ocrx_word' id='word_1_125' title='bbox 829 1589 832 1669; x_wconf 78' lang='lat' dir='ltr'>l</span> <span class='ocrx_word' id='word_1_126' title='bbox 857 1590 1031 1670; x_wconf 87' lang='lat' dir='ltr'>spondeum,</span> <span class='ocrx_word' id='word_1_127' title='bbox 1056 1590 1216 1670; x_wconf 87' lang='lat' dir='ltr'>dactylum,</span> <span class='ocrx_word' id='word_1_128' title='bbox 1241 1596 1440 1668; x_wconf 86' lang='lat' dir='ltr'>arrapaestum,</span> <span class='ocrx_word' id='word_1_129' title='bbox 1463 1587 1617 1668; x_wconf 85' lang='lat' dir='ltr'>proceleu·</span> <span class='ocrx_word' id='word_1_130' title='bbox 1718 1657 1719 1668; x_wconf 16' lang='grc' dir='ltr'><strong>ἶ</strong></span> 
     </span>
     <span class='ocr_line' id='line_1_14' title="bbox 329 1689 1719 1771; baseline -0.004 -17"><span class='ocrx_word' id='word_1_131' title='bbox 329 1694 485 1761; x_wconf 89' lang='lat' dir='ltr'>maticum,</span> <span class='ocrx_word' id='word_1_132' title='bbox 509 1691 714 1771; x_wconf 84' lang='lat' dir='ltr'>dispondeum,</span> <span class='ocrx_word' id='word_1_133' title='bbox 739 1691 909 1761; x_wconf 84' lang='lat' dir='ltr'>diiambum,</span> <span class='ocrx_word' id='word_1_134' title='bbox 933 1691 1145 1762; x_wconf 88' lang='lat' dir='ltr'>ditrochaeum,</span> <span class='ocrx_word' id='word_1_135' title='bbox 1170 1693 1372 1771; x_wconf 71' lang='lat' dir='ltr'>antispastum,</span> <span class='ocrx_word' id='word_1_136' title='bbox 1396 1689 1616 1758; x_wconf 80' lang='lat' dir='ltr'>choriambum:</span> <span class='ocrx_word' id='word_1_137' title='bbox 1718 1697 1719 1704; x_wconf 76' lang='grc'>’</span> 
     </span>
     <span class='ocr_line' id='line_1_15' title="bbox 329 1781 1719 1874; baseline -0.002 -19"><span class='ocrx_word' id='word_1_138' title='bbox 329 1795 397 1874; x_wconf 91' lang='lat' dir='ltr'>plus</span> <span class='ocrx_word' id='word_1_139' title='bbox 418 1812 479 1854; x_wconf 94' lang='lat' dir='ltr'>non</span> <span class='ocrx_word' id='word_1_140' title='bbox 508 1793 626 1855; x_wconf 89' lang='lat' dir='ltr'>hahent.</span> <span class='ocrx_word' id='word_1_141' title='bbox 670 1796 720 1855; x_wconf 91' lang='lat' dir='ltr'>isti</span> <span class='ocrx_word' id='word_1_142' title='bbox 747 1794 838 1874; x_wconf 89' lang='lat' dir='ltr'>pedes</span> <span class='ocrx_word' id='word_1_143' title='bbox 867 1813 990 1874; x_wconf 90' lang='lat' dir='ltr'>aequam</span> <span class='ocrx_word' id='word_1_144' title='bbox 1020 1793 1131 1854; x_wconf 89' lang='lat' dir='ltr'>habent</span> <span class='ocrx_word' id='word_1_145' title='bbox 1158 1795 1342 1855; x_wconf 89' lang='lat' dir='ltr'>divisionem.</span> <span class='ocrx_word' id='word_1_146' title='bbox 1393 1791 1481 1872; x_wconf 91' lang='lat' dir='ltr'>dupla</span> <span class='ocrx_word' id='word_1_147' title='bbox 1510 1791 1618 1852; x_wconf 90' lang='lat' dir='ltr'>dicitur</span> <span class='ocrx_word' id='word_1_148' title='bbox 1718 1781 1719 1814; x_wconf 48' lang='lat' dir='ltr'>r</span> 
     </span>
     <span class='ocr_line' id='line_1_16' title="bbox 330 1889 1719 1977; baseline -0.001 -21"><span class='ocrx_word' id='word_1_149' title='bbox 330 1895 448 1964; x_wconf 82' lang='lat' dir='ltr'>divisio,</span> <span class='ocrx_word' id='word_1_150' title='bbox 474 1896 609 1972; x_wconf 89' lang='lat' dir='ltr'>quotiens</span> <span class='ocrx_word' id='word_1_151' title='bbox 633 1894 725 1956; x_wconf 89' lang='lat' dir='ltr'>altera</span> <span class='ocrx_word' id='word_1_152' title='bbox 747 1907 817 1975; x_wconf 88' lang='lat' dir='ltr'>pars</span> <span class='ocrx_word' id='word_1_153' title='bbox 837 1895 961 1957; x_wconf 87' lang='lat' dir='ltr'>alteram</span> <span class='ocrx_word' id='word_1_154' title='bbox 983 1903 1096 1975; x_wconf 89' lang='lat' dir='ltr'>partem</span> <span class='ocrx_word' id='word_1_155' title='bbox 1120 1897 1210 1977; x_wconf 94' lang='lat' dir='ltr'>duplo</span> <span class='ocrx_word' id='word_1_156' title='bbox 1234 1897 1331 1958; x_wconf 89' lang='lat' dir='ltr'>vincit.</span> <span class='ocrx_word' id='word_1_157' title='bbox 1370 1903 1439 1973; x_wconf 91' lang='lat' dir='ltr'>puta</span> <span class='ocrx_word' id='word_1_158' title='bbox 1462 1896 1516 1954; x_wconf 92' lang='lat' dir='ltr'>ista</span> <span class='ocrx_word' id='word_1_159' title='bbox 1540 1911 1616 1972; x_wconf 92' lang='lat' dir='ltr'>pars,</span> <span class='ocrx_word' id='word_1_160' title='bbox 1718 1889 1719 1964; x_wconf 65' lang='lat' dir='ltr'>l</span> 
     </span>
     <span class='ocr_line' id='line_1_17' title="bbox 330 1995 1651 2077; baseline -0.004 -19"><span class='ocrx_word' id='word_1_161' title='bbox 330 1999 417 2068; x_wconf 88' lang='lat' dir='ltr'>arsis,</span> <span class='ocrx_word' id='word_1_162' title='bbox 440 1996 530 2058; x_wconf 85' lang='lat' dir='ltr'>habet</span> <span class='ocrx_word' id='word_1_163' title='bbox 552 1996 610 2058; x_wconf 92' lang='lat' dir='ltr'>duo</span> <span class='ocrx_word' id='word_1_164' title='bbox 632 2007 780 2077; x_wconf 89' lang='lat' dir='ltr'>tempora,</span> <span class='ocrx_word' id='word_1_165' title='bbox 804 1997 896 2059; x_wconf 85' lang='lat' dir='ltr'>thesis</span> <span class='ocrx_word' id='word_1_166' title='bbox 918 2017 1025 2066; x_wconf 91' lang='lat' dir='ltr'>unum;</span> <span class='ocrx_word' id='word_1_167' title='bbox 1050 2005 1101 2058; x_wconf 90' lang='lat' dir='ltr'>aut</span> <span class='ocrx_word' id='word_1_168' title='bbox 1121 1997 1213 2058; x_wconf 90' lang='lat' dir='ltr'>thesis</span> <span class='ocrx_word' id='word_1_169' title='bbox 1235 1999 1304 2068; x_wconf 91' lang='lat' dir='ltr'>duo,</span> <span class='ocrx_word' id='word_1_170' title='bbox 1329 2001 1402 2059; x_wconf 90' lang='lat' dir='ltr'>arsis</span> <span class='ocrx_word' id='word_1_171' title='bbox 1425 2011 1525 2058; x_wconf 89' lang='lat' dir='ltr'>unum.</span> <span class='ocrx_word' id='word_1_172' title='bbox 1550 1995 1617 2056; x_wconf 90' lang='lat' dir='ltr'>ideo</span> <span class='ocrx_word' id='word_1_173' title='bbox 1631 2015 1651 2053; x_wconf 82' lang='lat' dir='ltr'>u</span> 
     </span>
     <span class='ocr_line' id='line_1_18' title="bbox 328 2096 1617 2180; baseline -0.003 -21"><span class='ocrx_word' id='word_1_174' title='bbox 328 2099 390 2160; x_wconf 80' lang='lat' dir='ltr'>dixi</span> <span class='ocrx_word' id='word_1_175' title='bbox 412 2099 522 2160; x_wconf 78' lang='lat' dir='ltr'>‘altera</span> <span class='ocrx_word' id='word_1_176' title='bbox 543 2118 612 2178; x_wconf 89' lang='lat' dir='ltr'>pars</span> <span class='ocrx_word' id='word_1_177' title='bbox 634 2099 756 2161; x_wconf 91' lang='lat' dir='ltr'>alteram</span> <span class='ocrx_word' id='word_1_178' title='bbox 778 2107 894 2179; x_wconf 90' lang='lat' dir='ltr'>partem</span> <span class='ocrx_word' id='word_1_179' title='bbox 917 2099 1007 2180; x_wconf 88' lang='lat' dir='ltr'>duplo</span> <span class='ocrx_word' id='word_1_180' title='bbox 1030 2102 1141 2161; x_wconf 82' lang='lat' dir='ltr'>vincit’</span> <span class='ocrx_word' id='word_1_181' title='bbox 1167 2107 1217 2160; x_wconf 91' lang='lat' dir='ltr'>aut</span> <span class='ocrx_word' id='word_1_182' title='bbox 1238 2103 1292 2161; x_wconf 91' lang='lat' dir='ltr'>ista</span> <span class='ocrx_word' id='word_1_183' title='bbox 1309 2119 1378 2179; x_wconf 89' lang='lat' dir='ltr'>pars</span> <span class='ocrx_word' id='word_1_184' title='bbox 1394 2106 1492 2178; x_wconf 87' lang='lat' dir='ltr'>potest</span> <span class='ocrx_word' id='word_1_185' title='bbox 1506 2096 1617 2158; x_wconf 87' lang='lat' dir='ltr'>habere</span> 
     </span>
     <span class='ocr_line' id='line_1_19' title="bbox 329 2198 1719 2279; baseline -0.001 -17"><span class='ocrx_word' id='word_1_186' title='bbox 329 2220 421 2263; x_wconf 91' lang='lat' dir='ltr'>unum</span> <span class='ocrx_word' id='word_1_187' title='bbox 445 2209 475 2261; x_wconf 89' lang='lat' dir='ltr'>ct</span> <span class='ocrx_word' id='word_1_188' title='bbox 495 2200 544 2262; x_wconf 91' lang='lat' dir='ltr'>illa</span> <span class='ocrx_word' id='word_1_189' title='bbox 566 2201 639 2272; x_wconf 92' lang='lat' dir='ltr'>duo,</span> <span class='ocrx_word' id='word_1_190' title='bbox 663 2211 712 2263; x_wconf 92' lang='lat' dir='ltr'>aut</span> <span class='ocrx_word' id='word_1_191' title='bbox 733 2205 787 2264; x_wconf 88' lang='lat' dir='ltr'>ista</span> <span class='ocrx_word' id='word_1_192' title='bbox 809 2203 868 2264; x_wconf 88' lang='lat' dir='ltr'>duo</span> <span class='ocrx_word' id='word_1_193' title='bbox 892 2211 921 2264; x_wconf 89' lang='lat' dir='ltr'>et</span> <span class='ocrx_word' id='word_1_194' title='bbox 942 2203 991 2264; x_wconf 88' lang='lat' dir='ltr'>illa</span> <span class='ocrx_word' id='word_1_195' title='bbox 1014 2210 1164 2279; x_wconf 91' lang='lat' dir='ltr'>quattuor,</span> <span class='ocrx_word' id='word_1_196' title='bbox 1194 2211 1245 2263; x_wconf 89' lang='lat' dir='ltr'>aut</span> <span class='ocrx_word' id='word_1_197' title='bbox 1271 2204 1325 2262; x_wconf 89' lang='lat' dir='ltr'>ista</span> <span class='ocrx_word' id='word_1_198' title='bbox 1354 2204 1410 2262; x_wconf 89' lang='lat' dir='ltr'>tria</span> <span class='ocrx_word' id='word_1_199' title='bbox 1427 2201 1463 2260; x_wconf 87' lang='lat' dir='ltr'>&#39;et</span> <span class='ocrx_word' id='word_1_200' title='bbox 1483 2198 1533 2260; x_wconf 92' lang='lat' dir='ltr'>illa</span> <span class='ocrx_word' id='word_1_201' title='bbox 1556 2217 1614 2260; x_wconf 83' lang='lat' dir='ltr'>ser.</span> <span class='ocrx_word' id='word_1_202' title='bbox 1718 2211 1719 2238; x_wconf 74' lang='lat'>³</span> 
     </span>
    </p>
   </div>
   <div class='ocr_carea' id='block_1_3' title="bbox 212 2301 1719 2384">
    <p class='ocr_par' dir='ltr' id='par_1_5' title="bbox 212 2301 1719 2384">
     <span class='ocr_line' id='line_1_20' title="bbox 212 2301 1719 2384; baseline -0.003 -20"><span class='ocrx_word' id='word_1_203' title='bbox 212 2343 220 2359; x_wconf 81' lang='lat'><strong>·</strong></span> <span class='ocrx_word' id='word_1_204' title='bbox 330 2305 467 2381; x_wconf 86' lang='lat' dir='ltr'>quotiens</span> <span class='ocrx_word' id='word_1_205' title='bbox 494 2303 585 2364; x_wconf 88' lang='lat' dir='ltr'>altera</span> <span class='ocrx_word' id='word_1_206' title='bbox 613 2323 683 2383; x_wconf 88' lang='lat' dir='ltr'>pars</span> <span class='ocrx_word' id='word_1_207' title='bbox 710 2304 801 2384; x_wconf 92' lang='lat' dir='ltr'>duplo</span> <span class='ocrx_word' id='word_1_208' title='bbox 828 2305 918 2366; x_wconf 89' lang='lat' dir='ltr'>vincit</span> <span class='ocrx_word' id='word_1_209' title='bbox 946 2304 1068 2365; x_wconf 85' lang='lat' dir='ltr'>alteram</span> <span class='ocrx_word' id='word_1_210' title='bbox 1096 2310 1225 2384; x_wconf 89' lang='lat' dir='ltr'>partem,</span> <span class='ocrx_word' id='word_1_211' title='bbox 1256 2301 1344 2383; x_wconf 92' lang='lat' dir='ltr'>dupla</span> <span class='ocrx_word' id='word_1_212' title='bbox 1373 2302 1476 2364; x_wconf 89' lang='lat' dir='ltr'>divisio</span> <span class='ocrx_word' id='word_1_213' title='bbox 1506 2309 1565 2370; x_wconf 86' lang='lat' dir='ltr'>est,</span> <span class='ocrx_word' id='word_1_214' title='bbox 1590 2309 1617 2361; x_wconf 91' lang='lat' dir='ltr'>et</span> <span class='ocrx_word' id='word_1_215' title='bbox 1718 2337 1719 2352; x_wconf 63' lang='lat'>,</span> 
     </span>
    </p>
   </div>
   <div class='ocr_carea' id='block_1_4' title="bbox 304 2403 1719 3813">
    <p class='ocr_par' dir='ltr' id='par_1_6' title="bbox 304 2395 1719 3405">
     <span class='ocr_line' id='line_1_21' title="bbox 328 2403 1614 2486; baseline -0.003 -20"><span class='ocrx_word' id='word_1_216' title='bbox 328 2407 435 2483; x_wconf 82' lang='lat' dir='ltr'>recipit</span> <span class='ocrx_word' id='word_1_217' title='bbox 455 2405 509 2466; x_wconf 93' lang='lat' dir='ltr'>bos</span> <span class='ocrx_word' id='word_1_218' title='bbox 530 2406 630 2485; x_wconf 88' lang='lat' dir='ltr'>pedes.</span> <span class='ocrx_word' id='word_1_219' title='bbox 675 2406 792 2467; x_wconf 89' lang='lat' dir='ltr'>iambus</span> <span class='ocrx_word' id='word_1_220' title='bbox 820 2407 939 2486; x_wconf 92' lang='lat' dir='ltr'>duplam</span> <span class='ocrx_word' id='word_1_221' title='bbox 968 2406 1058 2467; x_wconf 89' lang='lat' dir='ltr'>habet</span> <span class='ocrx_word' id='word_1_222' title='bbox 1085 2406 1272 2474; x_wconf 87' lang='lat' dir='ltr'>divisionem;</span> <span class='ocrx_word' id='word_1_223' title='bbox 1302 2423 1392 2466; x_wconf 79' lang='lat' dir='ltr'>unrrm</span> <span class='ocrx_word' id='word_1_224' title='bbox 1423 2403 1511 2464; x_wconf 82' lang='lat' dir='ltr'>habet</span> <span class='ocrx_word' id='word_1_225' title='bbox 1533 2403 1614 2472; x_wconf 92' lang='lat' dir='ltr'>arsis,</span> 
     </span>
     <span class='ocr_line' id='line_1_22' title="bbox 328 2504 1719 2588; baseline -0.002 -21"><span class='ocrx_word' id='word_1_226' title='bbox 328 2507 386 2568; x_wconf 92' lang='lat' dir='ltr'>duo</span> <span class='ocrx_word' id='word_1_227' title='bbox 411 2508 511 2569; x_wconf 85' lang='lat' dir='ltr'>thesis.</span> <span class='ocrx_word' id='word_1_228' title='bbox 556 2508 727 2569; x_wconf 84' lang='lat' dir='ltr'>trochaeus:</span> <span class='ocrx_word' id='word_1_229' title='bbox 751 2507 810 2569; x_wconf 93' lang='lat' dir='ltr'>duo</span> <span class='ocrx_word' id='word_1_230' title='bbox 832 2511 862 2568; x_wconf 93' lang='lat' dir='ltr'>in</span> <span class='ocrx_word' id='word_1_231' title='bbox 887 2510 958 2578; x_wconf 84' lang='lat' dir='ltr'>arsi,</span> <span class='ocrx_word' id='word_1_232' title='bbox 982 2527 1073 2568; x_wconf 92' lang='lat' dir='ltr'>unum</span> <span class='ocrx_word' id='word_1_233' title='bbox 1096 2509 1127 2568; x_wconf 93' lang='lat' dir='ltr'>in</span> <span class='ocrx_word' id='word_1_234' title='bbox 1151 2507 1235 2569; x_wconf 88' lang='lat' dir='ltr'>thesi.</span> <span class='ocrx_word' id='word_1_235' title='bbox 1273 2505 1431 2588; x_wconf 90' lang='lat' dir='ltr'>[molossus</span> <span class='ocrx_word' id='word_1_236' title='bbox 1454 2515 1484 2566; x_wconf 92' lang='lat' dir='ltr'>et</span> <span class='ocrx_word' id='word_1_237' title='bbox 1507 2504 1651 2566; x_wconf 74' lang='lat' dir='ltr'>bibra-ao</span> <span class='ocrx_word' id='word_1_238' title='bbox 1718 2505 1719 2574; x_wconf 77' lang='lat' dir='ltr'>l</span> 
     </span>
     <span class='ocr_line' id='line_1_23' title="bbox 327 2603 1719 2692; baseline -0.005 -22"><span class='ocrx_word' id='word_1_239' title='bbox 327 2607 422 2692; x_wconf 92' lang='lat' dir='ltr'>chus].</span> <span class='ocrx_word' id='word_1_240' title='bbox 460 2609 606 2671; x_wconf 86' lang='lat' dir='ltr'>molossus</span> <span class='ocrx_word' id='word_1_241' title='bbox 629 2629 680 2671; x_wconf 83' lang='lat' dir='ltr'>sex</span> <span class='ocrx_word' id='word_1_242' title='bbox 702 2610 793 2671; x_wconf 86' lang='lat' dir='ltr'>habet</span> <span class='ocrx_word' id='word_1_243' title='bbox 815 2617 963 2690; x_wconf 88' lang='lat' dir='ltr'>tempora,</span> <span class='ocrx_word' id='word_1_244' title='bbox 988 2610 1040 2670; x_wconf 89' lang='lat' dir='ltr'>sed</span> <span class='ocrx_word' id='word_1_245' title='bbox 1063 2618 1201 2688; x_wconf 89' lang='lat' dir='ltr'>quattuor</span> <span class='ocrx_word' id='word_1_246' title='bbox 1224 2609 1345 2671; x_wconf 89' lang='lat' dir='ltr'>habebit</span> <span class='ocrx_word' id='word_1_247' title='bbox 1368 2609 1453 2685; x_wconf 79' lang='lat' dir='ltr'>arsis,</span> <span class='ocrx_word' id='word_1_248' title='bbox 1476 2607 1536 2668; x_wconf 93' lang='lat' dir='ltr'>duo</span> <span class='ocrx_word' id='word_1_249' title='bbox 1552 2608 1614 2667; x_wconf 89' lang='lat' dir='ltr'>the·</span> <span class='ocrx_word' id='word_1_250' title='bbox 1718 2603 1719 2662; x_wconf 77' lang='lat'><em>3</em></span> 
     </span>
     <span class='ocr_line' id='line_1_24' title="bbox 327 2709 1719 2792; baseline -0.004 -19"><span class='ocrx_word' id='word_1_251' title='bbox 327 2714 376 2773; x_wconf 91' lang='lat' dir='ltr'>sis.</span> <span class='ocrx_word' id='word_1_252' title='bbox 404 2712 516 2773; x_wconf 90' lang='lat' dir='ltr'>ideirco</span> <span class='ocrx_word' id='word_1_253' title='bbox 539 2712 615 2773; x_wconf 88' lang='lat' dir='ltr'>duae</span> <span class='ocrx_word' id='word_1_254' title='bbox 637 2712 706 2772; x_wconf 86' lang='lat' dir='ltr'>illae</span> <span class='ocrx_word' id='word_1_255' title='bbox 728 2711 833 2791; x_wconf 85' lang='lat' dir='ltr'>longae</span> <span class='ocrx_word' id='word_1_256' title='bbox 856 2721 907 2773; x_wconf 91' lang='lat' dir='ltr'>aut</span> <span class='ocrx_word' id='word_1_257' title='bbox 928 2712 964 2772; x_wconf 94' lang='lat' dir='ltr'>ad</span> <span class='ocrx_word' id='word_1_258' title='bbox 987 2713 1065 2773; x_wconf 90' lang='lat' dir='ltr'>arsin</span> <span class='ocrx_word' id='word_1_259' title='bbox 1088 2711 1280 2792; x_wconf 89' lang='lat' dir='ltr'>adplicandue</span> <span class='ocrx_word' id='word_1_260' title='bbox 1303 2720 1372 2772; x_wconf 91' lang='lat' dir='ltr'>sunt</span> <span class='ocrx_word' id='word_1_261' title='bbox 1392 2717 1444 2770; x_wconf 89' lang='lat' dir='ltr'>aut</span> <span class='ocrx_word' id='word_1_262' title='bbox 1459 2709 1494 2770; x_wconf 89' lang='lat' dir='ltr'>ad</span> <span class='ocrx_word' id='word_1_263' title='bbox 1508 2709 1612 2769; x_wconf 88' lang='lat' dir='ltr'>thesin.</span> <span class='ocrx_word' id='word_1_264' title='bbox 1718 2715 1719 2780; x_wconf 52' lang='grc' dir='ltr'><strong>ᾗ</strong></span> 
     </span>
     <span class='ocr_line' id='line_1_25' title="bbox 327 2812 1719 2894; baseline -0.004 -18"><span class='ocrx_word' id='word_1_265' title='bbox 327 2817 397 2877; x_wconf 93' lang='lat' dir='ltr'>itcm</span> <span class='ocrx_word' id='word_1_266' title='bbox 420 2814 602 2883; x_wconf 91' lang='lat' dir='ltr'>tribrachus;</span> <span class='ocrx_word' id='word_1_267' title='bbox 627 2815 703 2877; x_wconf 88' lang='lat' dir='ltr'>duae</span> <span class='ocrx_word' id='word_1_268' title='bbox 726 2823 813 2875; x_wconf 88' lang='lat' dir='ltr'>erunt</span> <span class='ocrx_word' id='word_1_269' title='bbox 833 2817 864 2876; x_wconf 91' lang='lat' dir='ltr'>in</span> <span class='ocrx_word' id='word_1_270' title='bbox 887 2816 961 2891; x_wconf 84' lang='lat' dir='ltr'>arsi,</span> <span class='ocrx_word' id='word_1_271' title='bbox 994 2834 1052 2875; x_wconf 94' lang='lat' dir='ltr'>una</span> <span class='ocrx_word' id='word_1_272' title='bbox 1074 2817 1105 2876; x_wconf 94' lang='lat' dir='ltr'>in</span> <span class='ocrx_word' id='word_1_273' title='bbox 1135 2814 1218 2876; x_wconf 87' lang='lat' dir='ltr'>thesi.</span> <span class='ocrx_word' id='word_1_274' title='bbox 1264 2815 1342 2894; x_wconf 80' lang='lat' dir='ltr'>(yuod</span> <span class='ocrx_word' id='word_1_275' title='bbox 1371 2813 1430 2874; x_wconf 83' lang='lat' dir='ltr'>dixi</span> <span class='ocrx_word' id='word_1_276' title='bbox 1452 2812 1521 2873; x_wconf 76' lang='lat' dir='ltr'>‘aut</span> <span class='ocrx_word' id='word_1_277' title='bbox 1543 2812 1615 2873; x_wconf 85' lang='lat' dir='ltr'>duas</span> <span class='ocrx_word' id='word_1_278' title='bbox 1718 2824 1719 2839; x_wconf 65' lang='lat'><em>³</em></span> 
     </span>
     <span class='ocr_line' id='line_1_26' title="bbox 304 2914 1614 2997; baseline -0.002 -20"><span class='ocrx_word' id='word_1_279' title='bbox 304 2926 379 2979; x_wconf 77' lang='lat' dir='ltr'>aut</span> <span class='ocrx_word' id='word_1_280' title='bbox 400 2917 476 2978; x_wconf 89' lang='lat' dir='ltr'>duae</span> <span class='ocrx_word' id='word_1_281' title='bbox 484 2921 503 2987; x_wconf 94' lang='lat'>’,</span> <span class='ocrx_word' id='word_1_282' title='bbox 527 2923 650 2997; x_wconf 85' lang='lat' dir='ltr'>propter</span> <span class='ocrx_word' id='word_1_283' title='bbox 670 2916 737 2977; x_wconf 88' lang='lat' dir='ltr'>illos</span> <span class='ocrx_word' id='word_1_284' title='bbox 760 2925 908 2979; x_wconf 90' lang='lat' dir='ltr'>accentus.</span> <span class='ocrx_word' id='word_1_285' title='bbox 940 2935 1007 2978; x_wconf 92' lang='lat' dir='ltr'>nam</span> <span class='ocrx_word' id='word_1_286' title='bbox 1031 2917 1158 2978; x_wconf 83' lang='lat' dir='ltr'>diximus</span> <span class='ocrx_word' id='word_1_287' title='bbox 1173 2919 1317 2997; x_wconf 90' lang='lat' dir='ltr'>superius,</span> <span class='ocrx_word' id='word_1_288' title='bbox 1335 2914 1453 2995; x_wconf 90' lang='lat' dir='ltr'>quaudo</span> <span class='ocrx_word' id='word_1_289' title='bbox 1476 2917 1506 2974; x_wconf 93' lang='lat' dir='ltr'>in</span> <span class='ocrx_word' id='word_1_290' title='bbox 1521 2914 1614 2975; x_wconf 92' lang='lat' dir='ltr'>media</span> 
     </span>
     <span class='ocr_line' id='line_1_27' title="bbox 327 3016 1719 3099; baseline -0.001 -20"><span class='ocrx_word' id='word_1_291' title='bbox 327 3018 438 3098; x_wconf 81' lang='lat' dir='ltr'>syllaba</span> <span class='ocrx_word' id='word_1_292' title='bbox 467 3024 608 3080; x_wconf 88' lang='lat' dir='ltr'>accentus</span> <span class='ocrx_word' id='word_1_293' title='bbox 640 3020 742 3090; x_wconf 87' lang='lat' dir='ltr'>luerit,</span> <span class='ocrx_word' id='word_1_294' title='bbox 777 3020 867 3081; x_wconf 88' lang='lat' dir='ltr'>thesis</span> <span class='ocrx_word' id='word_1_295' title='bbox 901 3018 989 3081; x_wconf 88' lang='lat' dir='ltr'>habet</span> <span class='ocrx_word' id='word_1_296' title='bbox 1017 3019 1102 3099; x_wconf 91' lang='lat' dir='ltr'>plura</span> <span class='ocrx_word' id='word_1_297' title='bbox 1125 3026 1272 3098; x_wconf 89' lang='lat' dir='ltr'>tempora;</span> <span class='ocrx_word' id='word_1_298' title='bbox 1303 3016 1420 3098; x_wconf 88' lang='lat' dir='ltr'>quando</span> <span class='ocrx_word' id='word_1_299' title='bbox 1448 3019 1477 3077; x_wconf 93' lang='lat' dir='ltr'>in</span> <span class='ocrx_word' id='word_1_300' title='bbox 1508 3018 1612 3096; x_wconf 90' lang='lat' dir='ltr'>prima,</span> <span class='ocrx_word' id='word_1_301' title='bbox 1626 3038 1650 3078; x_wconf 80' lang='lat' dir='ltr'>rs</span> <span class='ocrx_word' id='word_1_302' title='bbox 1718 3060 1719 3063; x_wconf 18' lang='grc' dir='ltr'><strong>κ</strong></span> 
     </span>
     <span class='ocr_line' id='line_1_28' title="bbox 327 3104 1719 3200; baseline -0.001 -19"><span class='ocrx_word' id='word_1_303' title='bbox 327 3122 403 3182; x_wconf 87' lang='lat' dir='ltr'>arsis</span> <span class='ocrx_word' id='word_1_304' title='bbox 425 3120 516 3182; x_wconf 90' lang='lat' dir='ltr'>habet</span> <span class='ocrx_word' id='word_1_305' title='bbox 537 3120 623 3200; x_wconf 92' lang='lat' dir='ltr'>plura</span> <span class='ocrx_word' id='word_1_306' title='bbox 649 3129 792 3200; x_wconf 87' lang='lat' dir='ltr'>tempora.</span> <span class='ocrx_word' id='word_1_307' title='bbox 839 3138 911 3200; x_wconf 81' lang='lat' dir='ltr'>crgo</span> <span class='ocrx_word' id='word_1_308' title='bbox 938 3121 1030 3182; x_wconf 88' lang='lat' dir='ltr'>habes</span> <span class='ocrx_word' id='word_1_309' title='bbox 1057 3122 1201 3191; x_wconf 90' lang='lat' dir='ltr'>iambum,</span> <span class='ocrx_word' id='word_1_310' title='bbox 1230 3119 1419 3188; x_wconf 86' lang='lat' dir='ltr'>trochaeum,</span> <span class='ocrx_word' id='word_1_311' title='bbox 1444 3118 1615 3195; x_wconf 84' lang='lat' dir='ltr'>molossum,</span> <span class='ocrx_word' id='word_1_312' title='bbox 1718 3104 1719 3107; x_wconf 23' lang='lat'>¹</span> 
     </span>
     <span class='ocr_line' id='line_1_29' title="bbox 328 3221 1719 3301; baseline -0.001 -18"><span class='ocrx_word' id='word_1_313' title='bbox 328 3222 526 3292; x_wconf 88' lang='lat' dir='ltr'>tribrachum,</span> <span class='ocrx_word' id='word_1_314' title='bbox 550 3224 678 3283; x_wconf 86' lang='lat' dir='ltr'>ionicum</span> <span class='ocrx_word' id='word_1_315' title='bbox 701 3224 844 3284; x_wconf 84' lang='lat' dir='ltr'>maiorem</span> <span class='ocrx_word' id='word_1_316' title='bbox 866 3231 895 3284; x_wconf 90' lang='lat' dir='ltr'>et</span> <span class='ocrx_word' id='word_1_317' title='bbox 909 3225 1040 3285; x_wconf 92' lang='lat' dir='ltr'>ionicum</span> <span class='ocrx_word' id='word_1_318' title='bbox 1056 3226 1212 3285; x_wconf 82' lang='lat' dir='ltr'>minorem.</span> <span class='ocrx_word' id='word_1_319' title='bbox 1235 3224 1286 3283; x_wconf 90' lang='lat' dir='ltr'>isti</span> <span class='ocrx_word' id='word_1_320' title='bbox 1302 3230 1370 3283; x_wconf 88' lang='lat' dir='ltr'>sunt</span> <span class='ocrx_word' id='word_1_321' title='bbox 1383 3228 1497 3283; x_wconf 88' lang='lat' dir='ltr'>tantum</span> <span class='ocrx_word' id='word_1_322' title='bbox 1513 3221 1613 3301; x_wconf 81' lang='lat' dir='ltr'>perles,</span> <span class='ocrx_word' id='word_1_323' title='bbox 1718 3246 1719 3281; x_wconf 73' lang='lat'>1</span> 
     </span>
     <span class='ocr_line' id='line_1_30' title="bbox 328 3322 1614 3405; baseline -0.004 -19"><span class='ocrx_word' id='word_1_324' title='bbox 328 3326 379 3404; x_wconf 84' lang='lat' dir='ltr'>qui</span> <span class='ocrx_word' id='word_1_325' title='bbox 394 3322 505 3386; x_wconf 86' lang='lat' dir='ltr'>habent</span> <span class='ocrx_word' id='word_1_326' title='bbox 520 3323 638 3404; x_wconf 94' lang='lat' dir='ltr'>duplam</span> <span class='ocrx_word' id='word_1_327' title='bbox 661 3325 844 3386; x_wconf 80' lang='lat' dir='ltr'>divisionem.</span> <span class='ocrx_word' id='word_1_328' title='bbox 864 3329 869 3403; x_wconf 92' lang='grc' dir='ltr'>Ι</span> <span class='ocrx_word' id='word_1_329' title='bbox 889 3325 1022 3405; x_wconf 89' lang='lat' dir='ltr'>sescupla</span> <span class='ocrx_word' id='word_1_330' title='bbox 1046 3333 1103 3401; x_wconf 82' lang='lat' dir='ltr'>cst,</span> <span class='ocrx_word' id='word_1_331' title='bbox 1128 3327 1263 3405; x_wconf 86' lang='lat' dir='ltr'>quotiens</span> <span class='ocrx_word' id='word_1_332' title='bbox 1289 3324 1381 3385; x_wconf 90' lang='lat' dir='ltr'>altera</span> <span class='ocrx_word' id='word_1_333' title='bbox 1402 3342 1472 3403; x_wconf 90' lang='lat' dir='ltr'>pars</span> <span class='ocrx_word' id='word_1_334' title='bbox 1493 3322 1614 3383; x_wconf 89' lang='lat' dir='ltr'>alteram</span> 
     </span>
    </p>

    <p class='ocr_par' dir='ltr' id='par_1_7' title="bbox 327 3425 1614 3508">
     <span class='ocr_line' id='line_1_31' title="bbox 327 3425 1614 3508; baseline -0.002 -21"><span class='ocrx_word' id='word_1_335' title='bbox 327 3433 441 3506; x_wconf 86' lang='lat' dir='ltr'>partem</span> <span class='ocrx_word' id='word_1_336' title='bbox 464 3446 524 3488; x_wconf 91' lang='lat' dir='ltr'>non</span> <span class='ocrx_word' id='word_1_337' title='bbox 546 3425 637 3507; x_wconf 88' lang='lat' dir='ltr'>duplo</span> <span class='ocrx_word' id='word_1_338' title='bbox 659 3429 758 3497; x_wconf 87' lang='lat' dir='ltr'>vincit,</span> <span class='ocrx_word' id='word_1_339' title='bbox 780 3427 832 3487; x_wconf 89' lang='lat' dir='ltr'>sed</span> <span class='ocrx_word' id='word_1_340' title='bbox 855 3428 1036 3489; x_wconf 85' lang='lat' dir='ltr'>dimidietate</span> <span class='ocrx_word' id='word_1_341' title='bbox 1058 3427 1149 3507; x_wconf 90' lang='lat' dir='ltr'>dupli.</span> <span class='ocrx_word' id='word_1_342' title='bbox 1183 3434 1306 3508; x_wconf 89' lang='lat' dir='ltr'>utputa</span> <span class='ocrx_word' id='word_1_343' title='bbox 1330 3428 1460 3505; x_wconf 81' lang='lat' dir='ltr'>quinque</span> <span class='ocrx_word' id='word_1_344' title='bbox 1482 3433 1614 3503; x_wconf 86' lang='lat' dir='ltr'>tempora</span> 
     </span>
    </p>

    <p class='ocr_par' dir='ltr' id='par_1_8' title="bbox 327 3526 1649 3711">
     <span class='ocr_line' id='line_1_32' title="bbox 327 3526 1649 3609; baseline -0.002 -20"><span class='ocrx_word' id='word_1_345' title='bbox 327 3528 445 3609; x_wconf 87' lang='lat' dir='ltr'>quando</span> <span class='ocrx_word' id='word_1_346' title='bbox 468 3537 550 3600; x_wconf 90' lang='lat' dir='ltr'>sunt,</span> <span class='ocrx_word' id='word_1_347' title='bbox 576 3548 645 3591; x_wconf 89' lang='lat' dir='ltr'>cccc</span> <span class='ocrx_word' id='word_1_348' title='bbox 667 3529 833 3590; x_wconf 83' lang='lat' dir='ltr'>dimidiatas</span> <span class='ocrx_word' id='word_1_349' title='bbox 855 3529 937 3609; x_wconf 93' lang='lat' dir='ltr'>dupli</span> <span class='ocrx_word' id='word_1_350' title='bbox 961 3538 1019 3598; x_wconf 89' lang='lat' dir='ltr'>est,</span> <span class='ocrx_word' id='word_1_351' title='bbox 1045 3548 1120 3608; x_wconf 89' lang='lat' dir='ltr'>quae</span> <span class='ocrx_word' id='word_1_352' title='bbox 1143 3532 1243 3590; x_wconf 74' lang='lat' dir='ltr'>uincit.</span> <span class='ocrx_word' id='word_1_353' title='bbox 1289 3547 1356 3589; x_wconf 91' lang='lat' dir='ltr'>nam</span> <span class='ocrx_word' id='word_1_354' title='bbox 1379 3530 1403 3587; x_wconf 88' lang='lat' dir='ltr'>si</span> <span class='ocrx_word' id='word_1_355' title='bbox 1426 3526 1513 3606; x_wconf 85' lang='lat' dir='ltr'>dupla</span> <span class='ocrx_word' id='word_1_356' title='bbox 1538 3533 1649 3587; x_wconf 82' lang='lat' dir='ltr'>essetso</span> 
     </span>
     <span class='ocr_line' id='line_1_33' title="bbox 328 3626 1612 3711; baseline -0.005 -20"><span class='ocrx_word' id='word_1_357' title='bbox 328 3631 445 3700; x_wconf 87' lang='lat' dir='ltr'>divisio,</span> <span class='ocrx_word' id='word_1_358' title='bbox 470 3638 608 3710; x_wconf 88' lang='lat' dir='ltr'>quattuor</span> <span class='ocrx_word' id='word_1_359' title='bbox 632 3641 661 3691; x_wconf 86' lang='lat' dir='ltr'>et</span> <span class='ocrx_word' id='word_1_360' title='bbox 683 3630 740 3692; x_wconf 91' lang='lat' dir='ltr'>duo</span> <span class='ocrx_word' id='word_1_361' title='bbox 763 3630 906 3699; x_wconf 65' lang='lat' dir='ltr'>faciebam</span> <span class='ocrx_word' id='word_1_362' title='bbox 931 3634 957 3691; x_wconf 90' lang='lat' dir='ltr'>si</span> <span class='ocrx_word' id='word_1_363' title='bbox 980 3630 1084 3711; x_wconf 92' lang='lat' dir='ltr'>simpla</span> <span class='ocrx_word' id='word_1_364' title='bbox 1101 3638 1190 3702; x_wconf 86' lang='lat' dir='ltr'>essct,</span> <span class='ocrx_word' id='word_1_365' title='bbox 1215 3638 1347 3691; x_wconf 79' lang='lat' dir='ltr'>unumst</span> <span class='ocrx_word' id='word_1_366' title='bbox 1363 3648 1454 3691; x_wconf 91' lang='lat' dir='ltr'>unum</span> <span class='ocrx_word' id='word_1_367' title='bbox 1470 3626 1612 3691; x_wconf 87' lang='lat' dir='ltr'>laelebas:</span> 
     </span>
    </p>

    <p class='ocr_par' dir='ltr' id='par_1_9' title="bbox 328 3730 1612 3813">
     <span class='ocr_line' id='line_1_34' title="bbox 328 3730 1612 3813; baseline -0.002 -20"><span class='ocrx_word' id='word_1_368' title='bbox 328 3751 400 3811; x_wconf 81' lang='lat' dir='ltr'>ergo</span> <span class='ocrx_word' id='word_1_369' title='bbox 422 3750 438 3793; x_wconf 88' lang='lat' dir='ltr'>a</span> <span class='ocrx_word' id='word_1_370' title='bbox 461 3731 550 3813; x_wconf 91' lang='lat' dir='ltr'>dupla</span> <span class='ocrx_word' id='word_1_371' title='bbox 572 3751 664 3794; x_wconf 92' lang='lat' dir='ltr'>unum</span> <span class='ocrx_word' id='word_1_372' title='bbox 686 3736 784 3794; x_wconf 91' lang='lat' dir='ltr'>minus</span> <span class='ocrx_word' id='word_1_373' title='bbox 805 3732 903 3794; x_wconf 87' lang='lat' dir='ltr'>habet.</span> <span class='ocrx_word' id='word_1_374' title='bbox 935 3734 1008 3794; x_wconf 88' lang='lat' dir='ltr'>baec</span> <span class='ocrx_word' id='word_1_375' title='bbox 1031 3740 1075 3795; x_wconf 87' lang='lat' dir='ltr'>est</span> <span class='ocrx_word' id='word_1_376' title='bbox 1098 3733 1201 3795; x_wconf 88' lang='lat' dir='ltr'>divisio</span> <span class='ocrx_word' id='word_1_377' title='bbox 1230 3750 1305 3813; x_wconf 89' lang='lat' dir='ltr'>quae</span> <span class='ocrx_word' id='word_1_378' title='bbox 1328 3730 1463 3811; x_wconf 87' lang='lat' dir='ltr'>sescupla</span> <span class='ocrx_word' id='word_1_379' title='bbox 1491 3730 1612 3791; x_wconf 91' lang='lat' dir='ltr'>dicitur:</span> 
     </span>
    </p>
   </div>
   <div class='ocr_carea' id='block_1_5' title="bbox 327 3900 1719 4931">
    <p class='ocr_par' dir='ltr' id='par_1_10' title="bbox 327 3900 1719 4597">
     <span class='ocr_line' id='line_1_35' title="bbox 397 3900 1614 3969; baseline -0.004 -14"><span class='ocrx_word' id='word_1_380' title='bbox 397 3907 491 3966; x_wconf 81' lang='lat' dir='ltr'>2quot</span> <span class='ocrx_word' id='word_1_381' title='bbox 515 3918 561 3953; x_wconf 86' lang='lat' dir='ltr'>om.</span> <span class='ocrx_word' id='word_1_382' title='bbox 580 3904 637 3953; x_wconf 88' lang='lat' dir='ltr'>AB</span> <span class='ocrx_word' id='word_1_383' title='bbox 706 3904 722 3953; x_wconf 83' lang='lat'><strong>5</strong></span> <span class='ocrx_word' id='word_1_384' title='bbox 745 3902 933 3965; x_wconf 57' lang='lat' dir='ltr'>quoniamtillu</span> <span class='ocrx_word' id='word_1_385' title='bbox 958 3903 1033 3969; x_wconf 84' lang='lat' dir='ltr'>longa</span> <span class='ocrx_word' id='word_1_386' title='bbox 1053 3904 1103 3953; x_wconf 90' lang='lat' dir='ltr'>duo</span> <span class='ocrx_word' id='word_1_387' title='bbox 1126 3902 1203 3953; x_wconf 85' lang='lat' dir='ltr'>habet</span> <span class='ocrx_word' id='word_1_388' title='bbox 1226 3912 1339 3969; x_wconf 86' lang='lat' dir='ltr'>tempora</span> <span class='ocrx_word' id='word_1_389' title='bbox 1357 3904 1381 3953; x_wconf 90' lang='lat' dir='ltr'>in</span> <span class='ocrx_word' id='word_1_390' title='bbox 1404 3900 1614 3968; x_wconf 86' lang='lat' dir='ltr'>proceleumatico</span> 
     </span>
     <span class='ocr_line' id='line_1_36' title="bbox 327 3971 1614 4039; baseline -0.003 -16"><span class='ocrx_word' id='word_1_391' title='bbox 327 3974 411 4025; x_wconf 78' lang='lat' dir='ltr'>ABG</span> <span class='ocrx_word' id='word_1_392' title='bbox 480 3971 513 4023; x_wconf 86' lang='lat'>10</span> <span class='ocrx_word' id='word_1_393' title='bbox 531 3988 578 4022; x_wconf 87' lang='lat' dir='ltr'>nec</span> <span class='ocrx_word' id='word_1_394' title='bbox 596 3973 672 4022; x_wconf 87' lang='lat' dir='ltr'>ulium</span> <span class='ocrx_word' id='word_1_395' title='bbox 692 3973 768 4023; x_wconf 88' lang='lat' dir='ltr'>habet</span> <span class='ocrx_word' id='word_1_396' title='bbox 783 3972 932 4037; x_wconf 88' lang='lat' dir='ltr'>pirriebium</span> <span class='ocrx_word' id='word_1_397' title='bbox 950 3974 1026 4023; x_wconf 85' lang='lat' dir='ltr'>habet</span> <span class='ocrx_word' id='word_1_398' title='bbox 1039 3972 1181 4039; x_wconf 84' lang='lat' dir='ltr'>spondeum</span> <span class='ocrx_word' id='word_1_399' title='bbox 1199 3982 1223 4023; x_wconf 88' lang='lat' dir='ltr'>et</span> <span class='ocrx_word' id='word_1_400' title='bbox 1235 3974 1353 4023; x_wconf 87' lang='lat' dir='ltr'>dactilum</span> <span class='ocrx_word' id='word_1_401' title='bbox 1373 3982 1537 4036; x_wconf 80' lang='lat' dir='ltr'>anapaestum</span> <span class='ocrx_word' id='word_1_402' title='bbox 1556 3984 1614 4035; x_wconf 90' lang='lat' dir='ltr'>pro-</span> 
     </span>
     <span class='ocr_line' id='line_1_37' title="bbox 328 4040 1613 4110; baseline -0.004 -16"><span class='ocrx_word' id='word_1_403' title='bbox 328 4044 520 4094; x_wconf 86' lang='lat' dir='ltr'>celeumaticum</span> <span class='ocrx_word' id='word_1_404' title='bbox 539 4043 701 4110; x_wconf 85' lang='lat' dir='ltr'>dispendium</span> <span class='ocrx_word' id='word_1_405' title='bbox 716 4042 856 4093; x_wconf 83' lang='lat' dir='ltr'>diiambum</span> <span class='ocrx_word' id='word_1_406' title='bbox 873 4043 1030 4094; x_wconf 88' lang='lat' dir='ltr'>ditrocheum</span> <span class='ocrx_word' id='word_1_407' title='bbox 1045 4044 1212 4108; x_wconf 83' lang='lat' dir='ltr'>antispastum</span> <span class='ocrx_word' id='word_1_408' title='bbox 1231 4043 1405 4093; x_wconf 86' lang='lat' dir='ltr'>choriambum</span> <span class='ocrx_word' id='word_1_409' title='bbox 1425 4041 1483 4107; x_wconf 91' lang='lat' dir='ltr'>plus</span> <span class='ocrx_word' id='word_1_410' title='bbox 1502 4056 1553 4090; x_wconf 88' lang='lat' dir='ltr'>uon</span> <span class='ocrx_word' id='word_1_411' title='bbox 1572 4040 1613 4089; x_wconf 88' lang='lat' dir='ltr'>ha·</span> 
     </span>
     <span class='ocr_line' id='line_1_38' title="bbox 327 4112 1614 4179; baseline -0.005 -16"><span class='ocrx_word' id='word_1_412' title='bbox 327 4113 411 4163; x_wconf 85' lang='lat' dir='ltr'>betA</span> <span class='ocrx_word' id='word_1_413' title='bbox 436 4129 483 4162; x_wconf 88' lang='lat' dir='ltr'>nec</span> <span class='ocrx_word' id='word_1_414' title='bbox 507 4113 584 4161; x_wconf 87' lang='lat' dir='ltr'>ulitrm</span> <span class='ocrx_word' id='word_1_415' title='bbox 610 4113 701 4162; x_wconf 89' lang='lat' dir='ltr'>habeut</span> <span class='ocrx_word' id='word_1_416' title='bbox 723 4112 878 4178; x_wconf 73' lang='lat' dir='ltr'>pyrrichium</span> <span class='ocrx_word' id='word_1_417' title='bbox 906 4113 997 4163; x_wconf 87' lang='lat' dir='ltr'>habent</span> <span class='ocrx_word' id='word_1_418' title='bbox 1023 4113 1164 4179; x_wconf 85' lang='lat' dir='ltr'>spondeum</span> <span class='ocrx_word' id='word_1_419' title='bbox 1184 4112 1276 4163; x_wconf 82' lang='lat' dir='ltr'>habent</span> <span class='ocrx_word' id='word_1_420' title='bbox 1295 4112 1424 4176; x_wconf 87' lang='lat' dir='ltr'>dactylum</span> <span class='ocrx_word' id='word_1_421' title='bbox 1443 4112 1537 4161; x_wconf 82' lang='lat' dir='ltr'>habent</span> <span class='ocrx_word' id='word_1_422' title='bbox 1554 4125 1614 4159; x_wconf 81' lang='lat' dir='ltr'>arta·</span> 
     </span>
     <span class='ocr_line' id='line_1_39' title="bbox 329 4180 1614 4250; baseline -0.005 -16"><span class='ocrx_word' id='word_1_423' title='bbox 329 4194 430 4250; x_wconf 77' lang='lat' dir='ltr'>pastum</span> <span class='ocrx_word' id='word_1_424' title='bbox 451 4182 546 4233; x_wconf 86' lang='lat' dir='ltr'>habeut</span> <span class='ocrx_word' id='word_1_425' title='bbox 562 4184 800 4248; x_wconf 85' lang='lat' dir='ltr'>proceleumaticum</span> <span class='ocrx_word' id='word_1_426' title='bbox 813 4183 906 4233; x_wconf 82' lang='lat' dir='ltr'>habeut</span> <span class='ocrx_word' id='word_1_427' title='bbox 925 4183 1087 4249; x_wconf 84' lang='lat' dir='ltr'>dispendium</span> <span class='ocrx_word' id='word_1_428' title='bbox 1105 4182 1197 4233; x_wconf 86' lang='lat' dir='ltr'>habent</span> <span class='ocrx_word' id='word_1_429' title='bbox 1213 4184 1350 4232; x_wconf 87' lang='lat' dir='ltr'>diiambum</span> <span class='ocrx_word' id='word_1_430' title='bbox 1364 4180 1522 4231; x_wconf 84' lang='lat' dir='ltr'>ditrocheum</span> <span class='ocrx_word' id='word_1_431' title='bbox 1536 4182 1614 4229; x_wconf 75' lang='lat' dir='ltr'>aratis-</span> 
     </span>
     <span class='ocr_line' id='line_1_40' title="bbox 328 4244 1719 4319; baseline -0.004 -16"><span class='ocrx_word' id='word_1_432' title='bbox 328 4266 428 4318; x_wconf 86' lang='lat' dir='ltr'>pastum</span> <span class='ocrx_word' id='word_1_433' title='bbox 442 4261 467 4300; x_wconf 87' lang='lat' dir='ltr'>et</span> <span class='ocrx_word' id='word_1_434' title='bbox 481 4252 652 4301; x_wconf 87' lang='lat' dir='ltr'>choriambum</span> <span class='ocrx_word' id='word_1_435' title='bbox 668 4254 726 4319; x_wconf 87' lang='lat' dir='ltr'>plus</span> <span class='ocrx_word' id='word_1_436' title='bbox 740 4268 790 4303; x_wconf 91' lang='lat' dir='ltr'>uon</span> <span class='ocrx_word' id='word_1_437' title='bbox 805 4252 897 4303; x_wconf 91' lang='lat' dir='ltr'>habent</span> <span class='ocrx_word' id='word_1_438' title='bbox 910 4254 971 4304; x_wconf 85' lang='lat' dir='ltr'>BCu</span> <span class='ocrx_word' id='word_1_439' title='bbox 1024 4254 1056 4303; x_wconf 83' lang='lat' dir='ltr'>ld</span> <span class='ocrx_word' id='word_1_440' title='bbox 1070 4251 1124 4318; x_wconf 91' lang='lat' dir='ltr'>aut]</span> <span class='ocrx_word' id='word_1_441' title='bbox 1138 4261 1162 4301; x_wconf 86' lang='lat' dir='ltr'>et</span> <span class='ocrx_word' id='word_1_442' title='bbox 1175 4252 1247 4303; x_wconf 82' lang='lat' dir='ltr'>ABG</span> <span class='ocrx_word' id='word_1_443' title='bbox 1293 4251 1388 4303; x_wconf 86' lang='lat' dir='ltr'>habere</span> <span class='ocrx_word' id='word_1_444' title='bbox 1406 4266 1484 4300; x_wconf 91' lang='lat' dir='ltr'>unum</span> <span class='ocrx_word' id='word_1_445' title='bbox 1502 4250 1614 4300; x_wconf 87' lang='lat' dir='ltr'>istaduo</span> <span class='ocrx_word' id='word_1_446' title='bbox 1718 4244 1719 4249; x_wconf 64' lang='grc'>’</span> 
     </span>
     <span class='ocr_line' id='line_1_41' title="bbox 328 4319 1616 4375; baseline -0.004 -2"><span class='ocrx_word' id='word_1_447' title='bbox 328 4331 352 4373; x_wconf 90' lang='lat' dir='ltr'>et</span> <span class='ocrx_word' id='word_1_448' title='bbox 366 4324 408 4372; x_wconf 89' lang='lat' dir='ltr'>illa</span> <span class='ocrx_word' id='word_1_449' title='bbox 420 4324 464 4372; x_wconf 95' lang='lat' dir='ltr'>llll</span> <span class='ocrx_word' id='word_1_450' title='bbox 478 4323 527 4372; x_wconf 84' lang='lat' dir='ltr'>ista</span> <span class='ocrx_word' id='word_1_451' title='bbox 539 4333 585 4375; x_wconf 87' lang='lat' dir='ltr'>tre.</span> <span class='ocrx_word' id='word_1_452' title='bbox 605 4323 654 4372; x_wconf 89' lang='lat' dir='ltr'>ista</span> <span class='ocrx_word' id='word_1_453' title='bbox 672 4324 718 4372; x_wconf 76' lang='lat' dir='ltr'>sex</span> <span class='ocrx_word' id='word_1_454' title='bbox 731 4324 755 4371; x_wconf 99' lang='lat' dir='ltr'><em>A</em></span> <span class='ocrx_word' id='word_1_455' title='bbox 773 4322 866 4373; x_wconf 88' lang='lat' dir='ltr'>habere</span> <span class='ocrx_word' id='word_1_456' title='bbox 882 4340 959 4373; x_wconf 91' lang='lat' dir='ltr'>unum</span> <span class='ocrx_word' id='word_1_457' title='bbox 973 4326 1021 4373; x_wconf 84' lang='lat' dir='ltr'>ista</span> <span class='ocrx_word' id='word_1_458' title='bbox 1034 4322 1084 4373; x_wconf 92' lang='lat' dir='ltr'>duo</span> <span class='ocrx_word' id='word_1_459' title='bbox 1099 4334 1123 4371; x_wconf 85' lang='lat' dir='ltr'>et</span> <span class='ocrx_word' id='word_1_460' title='bbox 1137 4324 1186 4373; x_wconf 89' lang='lat' dir='ltr'>ista</span> <span class='ocrx_word' id='word_1_461' title='bbox 1198 4322 1248 4372; x_wconf 92' lang='lat' dir='ltr'>duo</span> <span class='ocrx_word' id='word_1_462' title='bbox 1261 4323 1305 4371; x_wconf 90' lang='lat' dir='ltr'>illu</span> <span class='ocrx_word' id='word_1_463' title='bbox 1322 4324 1366 4373; x_wconf 94' lang='lat' dir='ltr'>llll</span> <span class='ocrx_word' id='word_1_464' title='bbox 1375 4319 1424 4371; x_wconf 89' lang='lat' dir='ltr'>&#39;aut</span> <span class='ocrx_word' id='word_1_465' title='bbox 1441 4322 1490 4369; x_wconf 89' lang='lat' dir='ltr'>ista</span> <span class='ocrx_word' id='word_1_466' title='bbox 1502 4328 1555 4369; x_wconf 82' lang='lat' dir='ltr'>tren</span> <span class='ocrx_word' id='word_1_467' title='bbox 1568 4321 1616 4369; x_wconf 81' lang='lat' dir='ltr'>iata</span> 
     </span>
     <span class='ocr_line' id='line_1_42' title="bbox 327 4390 1616 4456; baseline -0.005 -13"><span class='ocrx_word' id='word_1_468' title='bbox 327 4408 374 4443; x_wconf 85' lang='lat' dir='ltr'>sex</span> <span class='ocrx_word' id='word_1_469' title='bbox 392 4410 408 4442; x_wconf 87' lang='lat' dir='ltr'>u</span> <span class='ocrx_word' id='word_1_470' title='bbox 423 4392 515 4442; x_wconf 86' lang='lat' dir='ltr'>habere</span> <span class='ocrx_word' id='word_1_471' title='bbox 532 4407 610 4441; x_wconf 92' lang='lat' dir='ltr'>unum</span> <span class='ocrx_word' id='word_1_472' title='bbox 630 4393 678 4441; x_wconf 89' lang='lat' dir='ltr'>ista</span> <span class='ocrx_word' id='word_1_473' title='bbox 696 4393 746 4443; x_wconf 90' lang='lat' dir='ltr'>duo</span> <span class='ocrx_word' id='word_1_474' title='bbox 761 4393 805 4441; x_wconf 88' lang='lat' dir='ltr'>illa</span> <span class='ocrx_word' id='word_1_475' title='bbox 822 4401 939 4456; x_wconf 90' lang='lat' dir='ltr'>quattuor</span> <span class='ocrx_word' id='word_1_476' title='bbox 963 4402 1005 4443; x_wconf 86' lang='lat' dir='ltr'>aut</span> <span class='ocrx_word' id='word_1_477' title='bbox 1023 4395 1071 4443; x_wconf 90' lang='lat' dir='ltr'>ista</span> <span class='ocrx_word' id='word_1_478' title='bbox 1089 4394 1137 4441; x_wconf 89' lang='lat' dir='ltr'>tria</span> <span class='ocrx_word' id='word_1_479' title='bbox 1155 4394 1203 4442; x_wconf 87' lang='lat' dir='ltr'>ista</span> <span class='ocrx_word' id='word_1_480' title='bbox 1224 4408 1270 4443; x_wconf 87' lang='lat' dir='ltr'>sex</span> <span class='ocrx_word' id='word_1_481' title='bbox 1285 4392 1337 4443; x_wconf 82' lang='lat' dir='ltr'>BG</span> <span class='ocrx_word' id='word_1_482' title='bbox 1394 4390 1428 4441; x_wconf 87' lang='grc'>20</span> <span class='ocrx_word' id='word_1_483' title='bbox 1446 4390 1573 4441; x_wconf 88' lang='lat' dir='ltr'>molossus</span> <span class='ocrx_word' id='word_1_484' title='bbox 1592 4398 1616 4437; x_wconf 79' lang='lat' dir='ltr'>rt</span> 
     </span>
     <span class='ocr_line' id='line_1_43' title="bbox 327 4460 1616 4528; baseline -0.005 -15"><span class='ocrx_word' id='word_1_485' title='bbox 327 4463 469 4514; x_wconf 82' lang='lat' dir='ltr'>tribrachus</span> <span class='ocrx_word' id='word_1_486' title='bbox 484 4462 609 4512; x_wconf 83' lang='lat' dir='ltr'>molossus</span> <span class='ocrx_word' id='word_1_487' title='bbox 625 4462 750 4526; x_wconf 89' lang='lat' dir='ltr'>(molosos</span> <span class='ocrx_word' id='word_1_488' title='bbox 766 4463 803 4525; x_wconf 85' lang='lat' dir='ltr'>A)</span> <span class='ocrx_word' id='word_1_489' title='bbox 822 4478 868 4512; x_wconf 80' lang='lat' dir='ltr'>sex</span> <span class='ocrx_word' id='word_1_490' title='bbox 883 4463 959 4512; x_wconf 87' lang='lat' dir='ltr'>habet</span> <span class='ocrx_word' id='word_1_491' title='bbox 981 4462 1087 4527; x_wconf 86' lang='lat' dir='ltr'>(habent</span> <span class='ocrx_word' id='word_1_492' title='bbox 1105 4462 1141 4525; x_wconf 86' lang='lat' dir='ltr'>B)</span> <span class='ocrx_word' id='word_1_493' title='bbox 1160 4472 1276 4528; x_wconf 85' lang='lat' dir='ltr'>tempora</span> <span class='ocrx_word' id='word_1_494' title='bbox 1294 4463 1369 4513; x_wconf 75' lang='lat' dir='ltr'>Allo</span> <span class='ocrx_word' id='word_1_495' title='bbox 1387 4460 1513 4510; x_wconf 89' lang='lat' dir='ltr'>molossus</span> <span class='ocrx_word' id='word_1_496' title='bbox 1531 4469 1556 4508; x_wconf 88' lang='lat' dir='ltr'>et</span> <span class='ocrx_word' id='word_1_497' title='bbox 1571 4460 1616 4508; x_wconf 87' lang='lat' dir='ltr'>tri-</span> 
     </span>
     <span class='ocr_line' id='line_1_44' title="bbox 327 4530 1616 4597; baseline -0.004 -16"><span class='ocrx_word' id='word_1_498' title='bbox 327 4533 436 4582; x_wconf 86' lang='lat' dir='ltr'>brachus</span> <span class='ocrx_word' id='word_1_499' title='bbox 456 4533 612 4583; x_wconf 84' lang='lat' dir='ltr'>sexhabent</span> <span class='ocrx_word' id='word_1_500' title='bbox 628 4541 743 4597; x_wconf 86' lang='lat' dir='ltr'>tempora</span> <span class='ocrx_word' id='word_1_501' title='bbox 759 4532 798 4583; x_wconf 81' lang='lat' dir='ltr'>Ob</span> <span class='ocrx_word' id='word_1_502' title='bbox 868 4534 900 4583; x_wconf 81' lang='grc'>21</span> <span class='ocrx_word' id='word_1_503' title='bbox 920 4533 1021 4582; x_wconf 89' lang='lat' dir='ltr'>habebit</span> <span class='ocrx_word' id='word_1_504' title='bbox 1040 4532 1124 4583; x_wconf 75' lang='lat' dir='ltr'>aua·</span> <span class='ocrx_word' id='word_1_505' title='bbox 1141 4532 1216 4582; x_wconf 87' lang='lat' dir='ltr'>habet</span> <span class='ocrx_word' id='word_1_506' title='bbox 1234 4532 1259 4581; x_wconf 92' lang='lat' dir='ltr'><em>A</em></span> <span class='ocrx_word' id='word_1_507' title='bbox 1329 4531 1362 4583; x_wconf 89' lang='grc'>23</span> <span class='ocrx_word' id='word_1_508' title='bbox 1378 4534 1437 4582; x_wconf 87' lang='lat' dir='ltr'>item</span> <span class='ocrx_word' id='word_1_509' title='bbox 1457 4530 1498 4580; x_wconf 81' lang='lat' dir='ltr'>Ga</span> <span class='ocrx_word' id='word_1_510' title='bbox 1517 4530 1551 4577; x_wconf 83' lang='lat' dir='ltr'>itu</span> <span class='ocrx_word' id='word_1_511' title='bbox 1566 4530 1616 4577; x_wconf 85' lang='lat' dir='ltr'>AB</span> 
     </span>
    </p>

    <p class='ocr_par' dir='ltr' id='par_1_11' title="bbox 328 4600 1616 4931">
     <span class='ocr_line' id='line_1_45' title="bbox 397 4600 1556 4668; baseline -0.003 -16"><span class='ocrx_word' id='word_1_512' title='bbox 397 4605 431 4653; x_wconf 83' lang='grc'>24</span> <span class='ocrx_word' id='word_1_513' title='bbox 448 4612 552 4668; x_wconf 84' lang='lat' dir='ltr'>propter</span> <span class='ocrx_word' id='word_1_514' title='bbox 566 4602 622 4652; x_wconf 87' lang='lat' dir='ltr'>illas</span> <span class='ocrx_word' id='word_1_515' title='bbox 638 4611 755 4652; x_wconf 84' lang='lat' dir='ltr'>accentus</span> <span class='ocrx_word' id='word_1_516' title='bbox 768 4602 794 4651; x_wconf 86' lang='lat' dir='ltr'><em>B</em></span> <span class='ocrx_word' id='word_1_517' title='bbox 810 4612 913 4667; x_wconf 82' lang='lat' dir='ltr'>propter</span> <span class='ocrx_word' id='word_1_518' title='bbox 928 4604 1026 4651; x_wconf 88' lang='lat' dir='ltr'>illarum</span> <span class='ocrx_word' id='word_1_519' title='bbox 1045 4610 1161 4652; x_wconf 84' lang='lat' dir='ltr'>accentus</span> <span class='ocrx_word' id='word_1_520' title='bbox 1180 4602 1233 4652; x_wconf 84' lang='lat' dir='ltr'>dixi</span> <span class='ocrx_word' id='word_1_521' title='bbox 1252 4604 1357 4655; x_wconf 80' lang='lat' dir='ltr'>coniecit</span> <span class='ocrx_word' id='word_1_522' title='bbox 1370 4600 1556 4651; x_wconf 79' lang='lat' dir='ltr'>Lindernauuus</span> 
     </span>
     <span class='ocr_line' id='line_1_46' title="bbox 328 4666 1614 4723; baseline -0.004 -1"><span class='ocrx_word' id='word_1_523' title='bbox 328 4671 363 4722; x_wconf 83' lang='grc'>26</span> <span class='ocrx_word' id='word_1_524' title='bbox 381 4671 459 4721; x_wconf 85' lang='lat' dir='ltr'>habes</span> <span class='ocrx_word' id='word_1_525' title='bbox 477 4672 586 4722; x_wconf 88' lang='lat' dir='ltr'>iambum</span> <span class='ocrx_word' id='word_1_526' title='bbox 612 4680 637 4721; x_wconf 87' lang='lat' dir='ltr'>et</span> <span class='ocrx_word' id='word_1_527' title='bbox 653 4672 781 4722; x_wconf 88' lang='lat' dir='ltr'>trocheum</span> <span class='ocrx_word' id='word_1_528' title='bbox 801 4673 927 4723; x_wconf 88' lang='lat' dir='ltr'>molosum</span> <span class='ocrx_word' id='word_1_529' title='bbox 945 4672 1081 4721; x_wconf 87' lang='lat' dir='ltr'>tribrachin</span> <span class='ocrx_word' id='word_1_530' title='bbox 1105 4672 1129 4721; x_wconf 92' lang='lat' dir='ltr'><em>A</em></span> <span class='ocrx_word' id='word_1_531' title='bbox 1151 4670 1229 4723; x_wconf 86' lang='lat' dir='ltr'>habes</span> <span class='ocrx_word' id='word_1_532' title='bbox 1253 4673 1364 4722; x_wconf 90' lang='lat' dir='ltr'>iambum</span> <span class='ocrx_word' id='word_1_533' title='bbox 1388 4670 1466 4720; x_wconf 88' lang='lat' dir='ltr'>habes</span> <span class='ocrx_word' id='word_1_534' title='bbox 1485 4666 1614 4719; x_wconf 83' lang='lat' dir='ltr'>trocheum</span> 
     </span>
     <span class='ocr_line' id='line_1_47' title="bbox 329 4739 1616 4807; baseline -0.002 -18"><span class='ocrx_word' id='word_1_535' title='bbox 329 4742 408 4791; x_wconf 82' lang='lat' dir='ltr'>habes</span> <span class='ocrx_word' id='word_1_536' title='bbox 426 4741 563 4792; x_wconf 88' lang='lat' dir='ltr'>molossum</span> <span class='ocrx_word' id='word_1_537' title='bbox 579 4741 657 4792; x_wconf 83' lang='lat' dir='ltr'>habes</span> <span class='ocrx_word' id='word_1_538' title='bbox 675 4742 813 4793; x_wconf 87' lang='lat' dir='ltr'>tribmehin</span> <span class='ocrx_word' id='word_1_539' title='bbox 833 4744 906 4792; x_wconf 74' lang='lat' dir='ltr'>nco</span> <span class='ocrx_word' id='word_1_540' title='bbox 971 4742 1001 4793; x_wconf 85' lang='lat'>31</span> <span class='ocrx_word' id='word_1_541' title='bbox 1022 4743 1044 4791; x_wconf 91' lang='lat' dir='ltr'>si</span> <span class='ocrx_word' id='word_1_542' title='bbox 1063 4742 1154 4807; x_wconf 88' lang='lat' dir='ltr'>simpla</span> <span class='ocrx_word' id='word_1_543' title='bbox 1168 4752 1234 4792; x_wconf 87' lang='lat' dir='ltr'>esset</span> <span class='ocrx_word' id='word_1_544' title='bbox 1252 4742 1376 4807; x_wconf 81' lang='lat' dir='ltr'>Csimpla</span> <span class='ocrx_word' id='word_1_545' title='bbox 1394 4746 1461 4790; x_wconf 86' lang='lat' dir='ltr'>essct</span> <span class='ocrx_word' id='word_1_546' title='bbox 1478 4739 1502 4791; x_wconf 87' lang='lat' dir='ltr'><em>B</em></span> <span class='ocrx_word' id='word_1_547' title='bbox 1520 4739 1616 4801; x_wconf 82' lang='lat' dir='ltr'>simpla</span> 
     </span>
     <span class='ocr_line' id='line_1_48' title="bbox 329 4807 1615 4880; baseline -0.002 -21"><span class='ocrx_word' id='word_1_548' title='bbox 329 4826 385 4859; x_wconf 88' lang='lat' dir='ltr'>esse</span> <span class='ocrx_word' id='word_1_549' title='bbox 402 4811 427 4859; x_wconf 90' lang='lat' dir='ltr'><em>A</em></span> <span class='ocrx_word' id='word_1_550' title='bbox 447 4812 538 4878; x_wconf 85' lang='lat' dir='ltr'>simpla</span> <span class='ocrx_word' id='word_1_551' title='bbox 556 4813 579 4863; x_wconf 89' lang='lat' dir='ltr'>si</span> <span class='ocrx_word' id='word_1_552' title='bbox 597 4820 663 4861; x_wconf 87' lang='lat' dir='ltr'>esset</span> <span class='ocrx_word' id='word_1_553' title='bbox 679 4829 696 4861; x_wconf 89' lang='lat' dir='ltr'>a</span> <span class='ocrx_word' id='word_1_554' title='bbox 766 4812 800 4863; x_wconf 88' lang='grc'>32</span> <span class='ocrx_word' id='word_1_555' title='bbox 821 4811 931 4880; x_wconf 87' lang='lat' dir='ltr'>adupla</span> <span class='ocrx_word' id='word_1_556' title='bbox 948 4826 992 4861; x_wconf 85' lang='lat' dir='ltr'>om.</span> <span class='ocrx_word' id='word_1_557' title='bbox 1012 4812 1051 4875; x_wconf 82' lang='lat' dir='ltr'>A,</span> <span class='ocrx_word' id='word_1_558' title='bbox 1067 4812 1128 4863; x_wconf 83' lang='lat' dir='ltr'>add.</span> <span class='ocrx_word' id='word_1_559' title='bbox 1147 4811 1178 4861; x_wconf 75' lang='lat' dir='ltr'>a*¹</span> <span class='ocrx_word' id='word_1_560' title='bbox 1246 4811 1309 4863; x_wconf 85' lang='lat' dir='ltr'>haec</span> <span class='ocrx_word' id='word_1_561' title='bbox 1328 4820 1365 4863; x_wconf 89' lang='lat' dir='ltr'>est</span> <span class='ocrx_word' id='word_1_562' title='bbox 1383 4809 1475 4862; x_wconf 85' lang='lat' dir='ltr'>diuisio</span> <span class='ocrx_word' id='word_1_563' title='bbox 1494 4808 1536 4859; x_wconf 81' lang='lat' dir='ltr'>Oa</span> <span class='ocrx_word' id='word_1_564' title='bbox 1553 4807 1615 4857; x_wconf 85' lang='lat' dir='ltr'>haec</span> 
     </span>
     <span class='ocr_line' id='line_1_49' title="bbox 329 4880 492 4931; baseline 0.012 -2"><span class='ocrx_word' id='word_1_565' title='bbox 329 4880 421 4930; x_wconf 87' lang='lat' dir='ltr'>diuisio</span> <span class='ocrx_word' id='word_1_566' title='bbox 437 4881 492 4931; x_wconf 89' lang='lat' dir='ltr'>AB</span> 
     </span>
    </p>
   </div>
   <div class='ocr_carea' id='block_1_6' title="bbox 0 0 1768 5600">
    <p class='ocr_par' dir='ltr' id='par_1_12' title="bbox 0 0 1768 5600">
     <span class='ocr_line' id='line_1_50' title="bbox 0 0 1768 5600; baseline 0 0"><span class='ocrx_word' id='word_1_567' title='bbox 0 0 1768 5600; x_wconf 95' lang='lat' dir='ltr'> </span> 
     </span>
    </p>
   </div>
  </div>
 </body>
</html>
