3525 5600
526 383 725 445 EXCERPTA
748 383 923 445 PhillSlNh
946 383 1091 444 vut-x
1390 381 1453 444 609

1257 504 1278 545 p.
1293 493 1350 532 1111.
1367 493 1392 531 α
1406 490 1428 531 11.

164 569 231 650 ἔχω
253 579 352 632 autem
373 579 405 631 et
425 566 486 644 ἔξω
502 575 582 632 circa
597 572 807 650 aspirationem
823 580 905 632 certa
928 574 1043 632 rationo
1066 571 1260 642 dissentiunt,
1284 574 1362 651 quia,
1386 590 1453 631 curn

164 674 212 734 las
234 679 314 734 esset
342 675 460 753 utrique
483 676 695 754 aspirationem
717 674 796 744 dari,
827 682 859 734 ut
879 669 966 735 ἕλκω
988 669 1087 754 ἕλξω,
1110 673 1186 736 hanc
1208 673 1255 756 τᾷ
1276 671 1339 753 ἔχω
1362 676 1453 752 assig-

165 778 233 837 nari
262 779 424 837 necessitas
451 775 501 836 illa
529 795 587 836 non
609 795 695 855 passa
725 785 785 845 est,
814 777 882 856 qnia
905 777 1051 837 horinon
1074 784 1172 856 potest
1199 783 1231 837 ut
1259 775 1316 837 olla
1344 777 1455 838 vocalis

165 880 337 959 praeposita
363 898 383 957 χ
409 877 526 940 litterae
560 881 770 958 aspirationem
798 877 916 940 habeat.
961 879 1089 958 denique
1118 899 1156 957 υ,
1190 881 1259 958 quia
1292 896 1453 957 numquam

137 983 232 1041 asine
254 983 436 1060 aspiratione
458 983 577 1061 incipit,
601 1000 761 1060 numquam
784 1001 804 1060 χ
825 980 943 1042 litterae
966 982 1171 1061 praeponitur,
1194 1000 1231 1042 ue
1254 982 1379 1043 alterius
1401 1000 1452 1042 na-

164 1091 234 1143 tura
256 1083 397 1154 violetur,
421 1091 473 1145 aut
492 1081 555 1144 τοῦ
575 1103 609 1162 υ,
633 1086 657 1144 si
681 1086 807 1163 incipiat
827 1085 892 1144 sine
915 1085 1105 1162 aspiratione,
1130 1081 1262 1144 11111τοῦ
1284 1102 1314 1162 χ,
1337 1086 1452 1162 siquam

164 1184 296 1245 vocalem
324 1204 392 1246 cnm
420 1188 599 1265 aspiratione
627 1187 782 1246 sustineat.
826 1187 960 1247 laturum
983 1203 1054 1263 ergo
1075 1180 1149 1263 ἔξω,
1171 1184 1316 1247 subducta
1340 1187 1452 1265 aspira-

163 1289 248 1348 tione
270 1289 447 1348 necessitate
470 1307 489 1366 χ
510 1288 642 1358 litterae,
666 1289 807 1368 spiritum
821 1287 1072 1349 vehementiorem
1088 1294 1138 1348 aut
1155 1289 1268 1366 recepit
1283 1295 1333 1348 aut
1349 1289 1453 1348 tenuit

162 1391 196 1450 in
219 1407 278 1450 non
307 1389 396 1450 nullis
422 1408 492 1450 vero
519 1389 619 1450 verbis
647 1391 678 1450 in
700 1410 737 1470 μι
759 1389 939 1450 exeuntibus
961 1391 994 1450 ut
1015 1391 1129 1468 primae
1152 1389 1281 1469 syllabae
1305 1407 1364 1451 non
1386 1407 1454 1469 per-

124 1493 305 1563 ¹⁰mutatio,
330 1491 382 1552 sed
404 1491 537 1561 amissio,
566 1499 598 1553 ut
620 1489 736 1572 τίθημι
756 1487 873 1574 θήσω,
897 1487 1018 1572 δίδωμι
1040 1485 1150 1570 δώσω,
1172 1491 1308 1572 κίχρημι
1330 1486 1451 1571 χρήσω.

250 1610 293 1671 lle
315 1611 466 1691 praesenti
489 1619 622 1690 temporo
644 1615 771 1692 passivo.
809 1631 896 1673 onme
920 1630 1062 1692 praesens
1085 1619 1202 1690 tempus
1224 1610 1301 1690 apud
1325 1609 1454 1671 Graecos

163 1715 197 1774 in
220 1731 247 1772 ω
269 1713 410 1774 desinens
432 1714 511 1774 modi
534 1713 686 1775 indicativi
707 1717 829 1792 generis
850 1715 939 1776 activi
956 1713 1039 1774 verbi
1062 1715 1277 1794 porlspomeni,
1301 1715 1327 1774 si
1349 1730 1453 1772 secun-

164 1814 221 1875 dae
244 1816 461 1893 coniugationis
488 1817 541 1884 sit,
565 1815 688 1876 adhibet
708 1818 760 1878 sini
781 1836 835 1878 suo
856 1837 916 1898 μαι
939 1816 1080 1898 syllabam
1103 1825 1132 1877 et
1155 1816 1226 1876 lacit
1247 1815 1283 1875 de
1306 1834 1337 1875 se
1360 1816 1454 1895 passi-

164 1935 251 1986 vum,
274 1916 343 1994 βοῶ
364 1915 512 1998 βοοῖμαι,
534 1917 618 1997 τιμῶ
640 1918 798 1999 τιμῶμαιι
822 1921 848 1980 si
871 1938 940 1980 vero
963 1920 1002 1980 sit
1024 1921 1137 1997 primae
1160 1917 1205 1977 vel
1227 1919 1351 1986 tertiae,
1375 1935 1401 1976 ω
1423 1919 1454 1976 111

123 2029 209 2078 15ον
241 2026 354 2080 mutato
386 2026 418 2080 et
450 2026 571 2099 accepta
604 2020 742 2081 similiter
769 2040 829 2100 μαι
856 2022 1006 2101 passivum
1036 2026 1131 2088 creat,
1164 2018 1254 2098 φιλῶ
1280 2016 1454 2098 φιλοῦμαι,

165 2118 283 2200 χρυσοῖ
310 2120 510 2202 χρυσοῦμαι.
553 2123 804 2201 permutationem
831 2130 929 2183 autem
957 2140 983 2181 ω
1011 2123 1041 2182 111
1071 2140 1114 2182 ου
1136 2121 1172 2182 de
1195 2121 1385 2181 circumflexo
1407 2139 1454 2181 ac·

165 2229 257 2282 centu
285 2225 367 2283 nasci
395 2223 508 2283 indicio
535 2231 580 2284 est
606 2225 740 2284 loturum
766 2224 884 2302 linguae
912 2225 1046 2293 doricae,
1063 2223 1140 2304 quod
1164 2223 1240 2283 hanc
1262 2225 1454 2302 permutatio·

164 2342 250 2393 nem,
273 2344 341 2385 cum
363 2327 395 2386 in
416 2325 542 2386 alterum
565 2343 658 2404 genus
680 2328 803 2397 transit,
832 2325 890 2386 sibi
915 2326 1057 2396 vindicat,
1087 2323 1216 2405 ττοιησῶ
1238 2325 1454 2406 αοιησοῦμαι,

165 2421 252 2499 λεξῶ
274 2423 441 2508 λεξοῦμαι.
486 2435 516 2487 at
537 2429 568 2487 in
591 2427 742 2507 barq'tonis
764 2427 903 2488 omuilurs
926 2447 951 2487 ω
975 2430 1046 2488 ino
1074 2435 1186 2488 mutato
1208 2433 1238 2486 et
1260 2427 1373 2488 adiecta
1396 2446 1456 2506 μαι

121 2539 151 2578 ²⁰
165 2529 316 2608 passivum
344 2530 504 2608 liguratur,
535 2525 619 2607 λέγω
649 2526 802 2610 λέγομαι,
831 2522 1146 2609 nemausensem,
1173 2521 1338 2608 ἡνιοχεύω
1360 2519 1454 2609 ἡνιο-

165 2622 314 2709 γεύομαι.
338 2632 381 2691 ita
402 2651 473 2710 ergo
496 2631 628 2692 breviter
649 2632 828 2711 deliniteque
852 2630 1009 2691 dicendum
1032 2639 1091 2702 est:
1115 2649 1202 2691 omne
1225 2648 1367 2710 praeseus
1390 2649 1455 2709 pas-

165 2733 263 2792 sivum
285 2731 376 2793 hahet
397 2735 428 2794 in
450 2733 633 2814 paenultima
648 2741 699 2795 aut
713 2753 739 2793 ω
755 2741 806 2795 aut
827 2753 869 2793 ον
892 2740 942 2794 aut
964 2753 999 2813 ο,
1021 2731 1166 2811 τιμῶμαι
1188 2729 1351 2813 φιλοῦμαι
1373 2727 1454 2810 γρά-

165 2852 291 2914 φομαι,
314 2854 390 2915 quae
412 2836 499 2897 aliter
521 2834 695 2905 habuerint,
719 2836 836 2897 exiliis
860 2836 958 2898 verbis
981 2843 1058 2904 sunt,
1082 2854 1208 2915 quorum
1231 2836 1327 2914 prima
1348 2836 1457 2914 positio

166 2937 198 2996 ln
219 2955 257 3015 μι
278 2938 354 3008 exit,
378 2956 454 3018 quae
468 2957 587 3018 semper
607 2940 717 3018 passivi
739 2938 950 3018 paenultimam
973 2937 1092 2997 brevem
1117 2938 1244 3006 iaciunt,
1268 2943 1300 2997 ut
1322 2934 1472 3016 τίθεμαι,

120 3051 150 3090 25
164 3032 302 3116 ἵσταμαι
333 3034 476 3118 δίδυμαι.
522 3042 593 3101 item
622 3059 657 3099 ex
692 3040 821 3101 secunda
850 3040 895 3100 vel
923 3041 1010 3100 tertia
1038 3040 1246 3115 coniugatione
1276 3038 1380 3098 eadem
1412 3046 1457 3099 est
1545 3040 1550 3053 ’

164 3139 297 3201 secunda
318 3158 446 3219 persona
468 3143 592 3221 passivi,
606 3160 692 3232 ‚quae
715 3143 804 3202 activi
826 3144 930 3211 tertia,
953 3138 1032 3221 νικᾷ
1047 3134 1186 3217 ἐκεῖνος,
1209 3138 1288 3221 νικᾷ
1303 3135 1358 3219 σύ,
1381 3152 1456 3201 στε-

165 3247 277 3319 φανοῖ
299 3236 446 3321 ἐκεῖνος,
476 3250 641 3323 στεφανοῖ
659 3238 714 3304 σύ.
758 3246 831 3305 item
853 3261 997 3323 praesens
1019 3241 1097 3322 quod
1121 3243 1152 3301 in
1174 3260 1233 3321 μαι
1256 3240 1380 3312 desinit,
1405 3262 1457 3303 seu

165 3344 397 3422 perispomenon
423 3362 476 3403 seu
505 3344 667 3425 berytonon
690 3353 722 3406 et
742 3347 953 3424 cuiuscumque
978 3340 982 3424 Ι
1007 3345 1226 3421 coniugationis
1253 3345 1306 3413 sit,
1337 3353 1457 3424 praeter

165 3444 217 3506 illa
246 3464 372 3525 quorum
402 3448 496 3524 prima
524 3450 634 3527 positio
662 3449 693 3508 in
720 3467 757 3528 μι
783 3450 859 3516 exit,
889 3446 1049 3507 secundam
1077 3463 1235 3524 personam
1265 3463 1322 3505 nna
1346 3444 1457 3526 syllaba

120 3558 151 3600 ³⁰
166 3549 315 3608 minorem
336 3548 467 3626 prolert,
491 3546 656 3629 λαλοῦμαι
678 3545 778 3629 λαλῇ,
801 3546 945 3628 τιμῶμαι
966 3544 1061 3628 τιμᾷ,
1084 3544 1315 3627 στεφανοῦμαι
1337 3559 1457 3627 στεφα-

166 3654 235 3728 νοῖ,
259 3642 399 3728 λέγομαι
421 3642 514 3731 λέγη,
536 3646 768 3731 θεραπεύομαι
789 3644 976 3730 θεραπεύῃ.

253 3767 296 3828 lle
320 3776 454 3848 tempore
476 3771 800 3849 minusquamperlocto
822 3770 947 3849 passivo.
985 3752 1341 3848 minusquamperloctum
1365 3768 1457 3847 passi·
1512 3762 1519 3779 ’

165 3888 236 3929 rum
258 3869 336 3949 apud
352 3870 481 3943 Graecos
503 3869 619 3932 duobus
640 3872 774 3931 nascitur
796 3871 902 3931 modis.
933 3878 984 3930 aut
1006 3871 1086 3930 enlm
1109 3888 1195 3930 omne
1217 3888 1360 3949 praesens
1383 3878 1456 3930 tem·

165 3991 223 4051 pus
245 3973 397 4050 passivum
419 3979 530 4032 mutata
554 3974 585 4032 in
606 3974 665 4033 dne
688 3991 723 4033 αι
745 3972 929 4051 diphthongo
951 3974 982 4031 111
1004 3990 1047 4051 ην
1070 3990 1135 4031 ο11111
1153 3970 1320 4031 adiectione
1344 3979 1457 4050 tempo·

119 4085 149 4124 ³⁵
165 4076 211 4133 ris
233 4075 399 4134 crescentis
426 4074 458 4133 in
485 4076 581 4153 capite
609 4076 681 4135 lacit
707 4093 742 4133 ex
771 4091 802 4132 se
831 4074 1199 4152 minusquamperloctum,
1229 4064 1351 4151 ἄγομαι
1377 4065 1457 4152 ἠγό-

164 4193 251 4254 μην,
285 4168 451 4255 τρὲφομαι
489 4170 695 4256 ἐτρεφόμηνι
739 4184 790 4236 aut
827 4176 1184 4254 minusquamperloctum
1224 4176 1352 4235 activum
1390 4181 1457 4235 ante

165 4275 303 4337 ultimam
335 4276 465 4337 litteram
498 4296 581 4338 suam
613 4279 720 4337 inserit
752 4296 796 4356 pq
829 4284 860 4337 et
895 4278 966 4337 lacit
994 4295 1029 4336 ex
1058 4295 1090 4336 se
1122 4276 1284 4354 passivum,
1318 4271 1459 4336 ἐαοιόνν

167 4371 373 4459 ἐποιούμην,
407 4375 558 4458 ἔγραφον
587 4372 794 4459 ἐγραφόμην.
838 4378 917 4457 apud
946 4378 1074 4438 Graecos
1104 4379 1458 4457 minusquamperloctum

164 4481 318 4559 passivum
340 4480 486 4541 minorem
507 4479 619 4564 syllaba
640 4483 672 4541 111
694 4480 794 4541 verbis
816 4478 955 4539 omnibns
981 4481 1097 4559 prolcrt
1119 4478 1276 4541 secundam
1300 4496 1458 4558 personam

234 4734 252 4783 4
268 4732 366 4782 litterae
380 4750 399 4797 p
417 4732 500 4783 littera
518 4748 548 4783 ea
561 4735 586 4784 P
651 4732 668 4783 6
684 4736 784 4796 siquam
801 4734 911 4785 coniecit
927 4732 1075 4798 Opoopoem
1091 4734 1166 4794 siqua
1183 4732 1208 4781 P
1273 4732 1289 4781 8
1307 4732 1399 4797 recipit
1415 4740 1460 4782 out

163 4800 249 4850 tenuit
260 4801 286 4850 P
301 4801 392 4867 recipit
408 4810 452 4850 ant
468 4802 552 4850 renuit
563 4804 672 4853 coniecit
684 4802 831 4867 Opaopoeus
843 4802 933 4867 recipit
945 4812 989 4851 aot
1005 4809 1092 4851 tenuat
1104 4802 1236 4852 Pantanus
1294 4802 1324 4851 l'l
1337 4800 1459 4851 indicium

163 4870 244 4918 estP
312 4870 344 4919 19
356 4880 382 4919 at
393 4869 505 4934 lapaut
517 4870 580 4919 inP
645 4871 775 4921 381111111111
788 4869 938 4937 perlectoP
1003 4872 1036 4921 39
1048 4870 1145 4935 syllaba
1159 4870 1267 4921 Zeuniue
1279 4868 1401 4935 syllabam
1413 4870 1448 4937 Ρη
