3525 5600
758 377 829 440 ans
1292 355 1295 360 ’
1374 371 1437 434 403

187 509 202 536 ι.
215 493 290 534 ιι-ιι.
1264 495 1284 536 p.
1298 484 1374 525 ιιι-ιι
1388 483 1411 527 s.

163 593 248 638 remus
288 589 347 632 non
384 588 502 650 semper
544 567 655 648 ubique
697 566 808 630 babere
851 573 1027 648 potestatem
1063 574 1166 648 poetas
1202 564 1436 648 corrumpendae

164 681 323 756 scripturae.

235 778 266 838 ln
293 777 340 836 bis
369 775 484 836 duobus
506 775 708 854 metaplasmis
736 775 917 854 relinquitur
945 775 1032 836 nobis
1053 794 1132 836 nuuc
1155 781 1187 834 ut
1208 775 1436 854 praecipiamur,

163 902 212 964 quo
239 878 389 940 intellectu
417 882 567 958 scriptura
595 881 711 956 integra
738 878 870 955 legatur,
900 882 947 940 vel
968 897 1056 957 quem
1078 877 1114 938 ad
1137 877 1257 940 modum
1279 877 1436 956 metaplas-

143 1003 232 1048 smum
251 983 399 1062 possimus
423 981 573 1042 inducere.
619 981 686 1042 ideo
714 983 757 1040 sic
786 981 1055 1042 animadvertemus
1076 980 1283 1060 metaplasmos
1305 980 1373 1048 hos,
1398 982 1436 1039 si·

162 1095 205 1148 eut
224 1086 364 1146 diximus:
394 1093 444 1144 aut
472 1085 603 1146 vocalem
631 1083 762 1146 litteram
785 1083 946 1145 excludunt
968 1081 1183 1162 autlsyllabam
1205 1102 1240 1144 ex
1264 1101 1322 1142 uua
1344 1080 1437 1142 vocali

163 1197 204 1252 aut
223 1205 261 1248 cx
283 1184 413 1257 duabus,
443 1195 493 1248 aut
516 1190 588 1248 item
611 1187 751 1268 syllabam
774 1205 811 1248 ex
832 1205 892 1248 una
913 1185 1007 1246 vocali
1035 1194 1066 1247 et
1085 1206 1115 1246 m
1137 1193 1187 1247 aut
1209 1185 1436 1265 semisyllabam,

162 1300 189 1352 ut
208 1291 374 1369 ‘puerum
390 1289 608 1351 Astiauacta
631 1288 837 1350 trahebat’.
869 1291 913 1348 sic
929 1291 1008 1350 euim
1024 1289 1223 1349 scandendum
1246 1295 1307 1357 est,
1330 1290 1437 1357 rastia;

163 1397 196 1454 ita
217 1411 270 1452 non
293 1399 353 1452 tota
376 1395 454 1471 perit
477 1411 552 1452 rum.
582 1391 637 1452 hoc
661 1392 831 1471 exemplum
852 1399 1031 1471 oportunum
1054 1398 1099 1452 est
1122 1391 1171 1450 hic
1193 1391 1285 1460 adici,
1309 1393 1378 1472 quia
1401 1390 1437 1449 de

133 1494 356 1574 pauperioribus
378 1495 474 1556 modis
495 1513 585 1574 supra
608 1493 679 1556 dixi.
726 1496 861 1556 annotari
884 1497 973 1555 etiam
996 1495 1051 1554 boc
1073 1495 1138 1556 loco
1160 1501 1257 1574 potest
1285 1494 1363 1573 quod
1392 1495 1437 1552 in-

161 1598 266 1659 terdum
289 1597 362 1657 duae
386 1615 445 1658 urm
468 1603 596 1676 pereunt
618 1615 684 1658 eum
707 1596 800 1658 vocali
823 1616 899 1666 una,
923 1605 956 1656 ut
979 1605 1023 1657 est

299 1707 503 1762 extremum
524 1699 634 1770 hunc,
658 1700 857 1769 Arethusa,
881 1699 972 1760 milvi
994 1700 1154 1760 concede
1179 1700 1353 1762 laborem.

162 1822 220 1863 nam
256 1801 426 1864 scandimus
463 1805 520 1872 sic,
554 1810 637 1863 extre
666 1804 807 1864 huncare.
851 1802 958 1881 quodsi
990 1803 1058 1881 quis
1091 1803 1229 1863 maluerit
1268 1803 1437 1870 mbuncare,

161 1923 213 1966 non
232 1911 290 1964 tota
313 1903 425 1984 syllaba
447 1907 540 1984 perit,
571 1908 648 1967 sicut
674 1907 775 1966 vastia.
821 1923 893 1982 ergo
915 1905 946 1964 bi
969 1911 1107 1983 quattuor
1130 1906 1209 1964 modi
1233 1909 1276 1965 sic
1299 1907 1440 1965 eveniunt

133 2017 202 2078 unt,
228 2001 368 2088 qllldquid
397 2007 458 2067 illic
487 2010 579 2086 perit,
608 2009 655 2069 vel
684 2011 763 2069 inter
791 2008 864 2068 vittas
893 2007 1010 2066 vocales
1038 2009 1166 2085 positum
1191 2006 1197 2089 1
1221 2010 1260 2090 sit
1288 2009 1333 2067 vel
1362 2009 1439 2067 inter

162 2109 278 2170 vocalem
301 2119 331 2170 et
354 2118 563 2170 consonantem
593 2111 638 2171 vel
663 2114 745 2176 iuter
774 2118 985 2170 consonantem
1007 2117 1036 2168 ct
1056 2112 1190 2170 vocalem
1204 2110 1251 2169 vol
1273 2113 1351 2170 iuter
1368 2109 1441 2179 duas

162 2219 361 2273 consonantes:
401 2213 480 2272 inter
509 2213 582 2274 duas
611 2213 739 2282 vocaleS,
769 2219 801 2272 ut
834 2214 1028 2289 ‘coniugio
1062 2212 1273 2281 Anchisae',
1311 2212 1439 2291 ‘atque

162 2334 195 2375 ea
216 2314 398 2375 diversa’:
421 2316 501 2374 inter
522 2314 653 2376 vocalem
676 2321 707 2374 et
728 2333 903 2384 consonam,
927 2321 960 2374 ut

301 2415 453 2477 Tiberis
476 2437 516 2477 ea
538 2418 696 2478 lluvium
719 2436 823 2496 quam
847 2417 956 2494 longa
980 2424 1036 2476 est
1058 2424 1167 2476 nocte
1189 2425 1403 2486 tumenteut;

131 2526 217 2596 ogast
238 2521 315 2580 enim
343 2518 468 2580 dicendo
498 2539 513 2579 e
543 2519 741 2590 excludimus;
772 2519 829 2581 tale
859 2527 903 2580 est
926 2521 1074 2596 ‘regina
1097 2538 1112 2578 e
1135 2520 1338 2598 speculis',
1362 2523 1440 2580 iuter

160 2621 279 2682 vocalem
308 2640 325 2682 a
353 2628 384 2681 et
409 2630 621 2682 consonantem
651 2641 665 2680 s
693 2625 773 2702 perit
800 2641 831 2682 e:
869 2623 949 2681 iuter
984 2639 1142 2682 consonam
1170 2628 1201 2681 et
1228 2622 1373 2689 vocalem,
1407 2629 1440 2681 nt
1469 2661 1472 2668 -

161 2724 265 2783 ‘nunc
287 2726 365 2784 scio
388 2723 473 2805 quid
496 2727 548 2784 sit
570 2726 687 2785 amor'
717 2733 746 2784 et
777 2723 918 2805 [puerum
947 2721 1129 2803 Astianacta]
1159 2724 1243 2803 ‘per
1270 2722 1439 2784 duodena

161 2828 283 2902 regit’:
307 2828 387 2887 inter
411 2828 483 2889 duas
505 2846 663 2897 consonaS,
687 2835 720 2889 ut
742 2835 787 2888 est

301 2928 342 2990 ad
366 2947 516 2991 soceros
539 2937 648 3009 atque
672 2950 734 2991 avo
756 2948 911 3010 puerum
934 2930 1156 2991 Astiauacta
1178 2928 1369 3012 trahebat3

130 3030 319 3092 escendimus
341 3034 420 3093 enirn
444 3035 502 3101 sic,
526 3039 679 3112 rostquea,
705 3052 741 3093 ex
763 3052 822 3113 quo
844 3041 968 3113 apparet
990 3036 1070 3093 inter
1092 3032 1165 3091 duas
1187 3050 1331 3091 consonas
1352 3052 1369 3093 a
1391 3048 1440 3091 vo-

161 3132 244 3193 calem
274 3137 403 3213 perisse:
439 3139 559 3195 ‘mene
592 3136 705 3213 iugis,
740 3154 805 3215 per
837 3154 905 3213 ego
935 3135 1000 3196 bas
1032 3135 1238 3203 lacrimas',
1273 3135 1442 3196 scandimus
1483 3208 1488 3219 .

161 3235 286 3311 gaslacri.

237 3338 317 3399 Nunc
346 3338 419 3401 illud
448 3340 742 3402 animadvertendum
770 3346 828 3410 est,
866 3340 945 3419 quod
973 3342 1004 3399 iu
1032 3339 1088 3399 hoc
1121 3341 1227 3401 damno
1260 3339 1441 3419 syllabarum

161 3456 228 3516 quac
251 3442 459 3512 excluduntur,
483 3442 536 3502 ubi
558 3461 616 3504 una
639 3443 748 3504 vocalis
770 3445 865 3523 perit,
896 3444 1023 3503 manime
1046 3446 1129 3521 prior
1151 3444 1245 3521 perit,
1270 3442 1359 3521 idque
1383 3444 1440 3502 iam

131 3543 311 3604 uscandeudi
335 3547 410 3605 ratio
433 3544 538 3613 babet,
568 3553 597 3605 et
619 3564 712 3625 paene
736 3546 771 3605 ad
795 3546 851 3605 hoc
874 3564 929 3604 vvis
952 3544 1158 3605 scandentium
1180 3545 1312 3623 proclive
1335 3545 1440 3604 decur-

162 3642 208 3711 rit,
231 3652 262 3703 ut
283 3648 404 3723 'regina
427 3667 443 3707 e
467 3646 623 3726 speculis'.
658 3650 726 3727 quis
749 3650 828 3708 civim
851 3667 910 3707 nnn
933 3650 977 3707 sic
1000 3647 1130 3714 scandit,
1154 3649 1218 3723 regi
1240 3648 1389 3726 uespecul
1412 3653 1442 3706 et

303 3756 402 3817 ante,
426 3750 559 3827 pudor,
583 3768 686 3828 quam
708 3758 745 3809 te
769 3750 867 3810 violo
891 3757 952 3810 aut
974 3759 1034 3810 tua
1057 3752 1137 3809 iura
1159 3733 1320 3809 resolvo.

161 3848 221 3923 quis
243 3866 299 3909 non
322 3851 364 3909 sic
393 3850 523 3920 scandit,
547 3859 581 3912 ut
602 3872 619 3907 o
642 3854 741 3930 potius
763 3860 882 3929 pereat,
906 3871 981 3931 quae
1004 3852 1170 3931 praecedit,
1195 3860 1223 3910 et
1246 3853 1286 3910 sit
1309 3851 1441 3910 lauttua?

161 3948 231 4025 quod
254 3970 317 4011 eum
340 3954 380 4012 ita
404 3955 457 4021 sit,
481 3960 578 4013 tamen
599 3949 604 4028 l
626 3954 773 4013 interdum
797 3957 897 4015 evcnit
912 3955 1052 4033 quiddam
1076 3962 1128 4014 aut
1149 3974 1222 4013 sulio
1250 3955 1364 4030 gratius
1393 3960 1442 4012 arrt

131 4053 328 4113 successitate
357 4054 538 4123 districtius,
568 4062 599 4114 ut
628 4058 776 4133 posterior
802 4064 922 4134 pereat,
946 4062 978 4115 ut
999 4057 1124 4134 ‘isque
1148 4056 1211 4116 ubi
1234 4053 1442 4115 Dardanios
1469 4052 1485 4079 ’

162 4147 332 4213 babitus'.
377 4174 464 4217 nemo
486 4159 566 4217 enim
589 4156 784 4226 scuriensis,
808 4156 944 4236 isquubi,
968 4147 1036 4236 quia
1060 4157 1118 4217 duo
1139 4176 1159 4216 u
1181 4164 1248 4235 post
1269 4177 1288 4237 q
1311 4157 1441 4218 litteram

163 4304 453 4319 Ἢ

241 4391 256 4442 3
275 4392 444 4459 percipiamus
464 4395 498 4445 M
582 4398 598 4445 4
618 4394 711 4460 legitur
733 4394 955 4457 quemammodum
973 4394 1170 4458 metaplasmum
1187 4408 1324 4458 possumus
1343 4396 1376 4443 M

162 4456 297 4511 dexclndit
314 4462 347 4512 M
399 4465 414 4513 'l
433 4474 476 4513 aut
491 4466 591 4515 duabus
609 4474 652 4513 aut
674 4466 732 4513 item
751 4464 874 4528 syllabam
895 4479 927 4512 ex
942 4479 992 4513 nno
1006 4465 1086 4514 vocali
1106 4467 1140 4513 at.
1158 4480 1222 4514 man.
1241 4467 1267 4514 in
1281 4480 1361 4529 mmp.
1380 4465 1440 4514 add.

163 4527 192 4577 M
237 4530 384 4599 8puerum]
406 4536 484 4599 Verp.
505 4535 571 4589 Aen.
590 4534 679 4584 11457
748 4536 780 4585 12
799 4531 952 4598 extremum]
975 4535 1054 4598 Vcrp.
1073 4534 1153 4585 bucol.
1174 4533 1250 4593 10,1
1323 4535 1354 4584 ta
1371 4534 1440 4599 uam]

162 4601 329 4653 autinlitura
348 4604 382 4654 M
433 4606 466 4655 15
485 4603 549 4672 illie]
571 4603 683 4653 illudM
736 4603 769 4655 ld
787 4603 826 4652 vel
847 4605 912 4653 inter
930 4615 1110 4653 consonantem
1130 4612 1155 4653 et
1171 4601 1297 4669 vocalem]
1319 4615 1361 4651 alit
1378 4606 1442 4654 intcr

163 4682 330 4721 consonantem
347 4674 381 4724 M
450 4674 483 4726 19
501 4674 642 4733 Tiberis,et
661 4675 765 4723 liuvinm
784 4674 863 4723 edidit
876 4673 1057 4725 Burmannus:
1079 4675 1157 4738 Verp.
1178 4673 1244 4727 Aen.
1265 4672 1323 4722 Vlll
1340 4673 1374 4723 86

162 4738 192 4787 ‘20
206 4738 267 4789 iuter
284 4743 394 4794 uocalem
410 4758 425 4791 s
444 4746 508 4811 perit
526 4760 539 4793 e
557 4752 581 4794 et
599 4752 778 4795 consonantem
795 4760 807 4791 s
827 4744 857 4793 M
944 4746 978 4793 22
995 4740 1072 4809 nunc]
1099 4746 1177 4807 Verp,
1196 4744 1275 4795 bucol.
1294 4744 1320 4800 8,
1339 4743 1372 4793 43

162 4807 192 4855 ts
206 4810 238 4857 ad
255 4810 362 4880 soceros]
387 4815 465 4878 Verp.
485 4815 551 4868 Aen.
569 4814 654 4863 11457
707 4814 741 4865 26
760 4811 844 4879 mene]
872 4814 1034 4879 Verqden.
1055 4812 1162 4863 1111314
1222 4810 1341 4877 32sute]
1361 4815 1440 4877 Vera.

161 4876 222 4929 Aen.
241 4879 328 4931 111127
398 4882 432 4935 33
449 4885 481 4933 sit
502 4886 587 4933 lantun
606 4885 639 4933 M
707 4883 740 4936 35
758 4879 842 4949 isque]
865 4886 944 4950 Verp.
964 4885 1029 4937 Aen.
1052 4881 1149 4933 111596
