3525 5600
314 373 357 438 aa
444 343 448 350 ’
875 373 1051 438 cinnami

339 497 362 538 p.
375 485 505 527 11192981).

315 572 366 625 ton
389 565 468 642 quod
489 585 581 627 unum
604 584 703 626 casum
724 572 839 625 muitum
861 563 952 626 habet
975 565 1056 623 etin
1079 562 1152 624 alios
1175 581 1260 624 casus
1282 581 1342 624 non
1359 570 1499 624 mutatur.
1537 582 1604 625 nam

315 667 382 728 dieo
405 669 454 729 hie
477 676 506 729 et
527 667 601 730 haec
623 675 653 728 et
674 667 730 727 boc
752 668 846 745 irugi,
875 667 963 728 hrrius
985 667 1075 745 lrugi,
1105 665 1172 727 huic
1201 665 1294 744 lrugi,
1323 665 1403 726 hunc
1426 675 1456 726 et
1476 665 1555 726 hanc
1577 672 1606 725 et

314 769 371 830 hoc
394 770 489 849 lrugi,
512 789 531 830 o
553 770 644 848 lrugi,
668 769 785 830 abhoc
808 778 837 830 et
859 767 897 828 ab
920 770 974 829 lrac
991 777 1020 830 et
1041 769 1080 829 ab
1101 771 1157 831 boc
1179 770 1270 846 lrugi,
1295 769 1373 829 sicut
1394 767 1490 828 nihili.
1529 771 1605 828 inter

313 880 435 952 aptoton
458 882 488 933 et
508 879 702 952 monoptoton
724 872 781 932 boc
803 874 941 934 interest:
962 867 967 954 Ι
995 897 1014 932 a
1036 878 1230 954 monoptoton
1253 880 1298 932 est
1318 870 1370 932 ubi
1393 889 1496 931 omnes
1518 887 1605 932 casus

196 975 426 1044 ato,1asimiles
448 959 530 1036 sunt.
562 1009 604 1018 -
631 975 843 1044 Commune,
873 981 913 1034 ut
939 973 1109 1054 pumilio:
1140 974 1186 1034 vel
1213 975 1308 1055 pusio.
1346 972 1469 1054 pumilio
1497 973 1630 1036 diciturs

134 1061 141 1080 ’
312 1076 410 1138 brevis
432 1085 570 1140 staturae.
599 1077 678 1138 inter
700 1094 823 1157 parvum
847 1085 878 1137 et
899 1075 1090 1156 pumilionem
1113 1077 1171 1137 boe
1192 1078 1333 1138 interest:
1358 1093 1466 1155 parvus
1489 1077 1606 1155 estqui

267 1189 300 1238 20
312 1187 411 1260 potest
425 1190 455 1242 et
477 1201 496 1238 a
512 1215 553 1225 -
574 1179 731 1241 Tantum
754 1186 926 1238 neutrum
950 1186 1019 1240 est:
1044 1186 1073 1240 et
1094 1179 1168 1240 haee
1184 1185 1282 1259 aptota
1298 1186 1381 1249 sunt,
1396 1197 1489 1240 unum
1505 1196 1606 1238 casum

314 1281 425 1344 babent
445 1284 478 1343 in
499 1282 642 1361 singulari
665 1299 791 1344 numero
812 1287 943 1355 tanturm,
967 1283 998 1341 in
1020 1279 1129 1362 plurali
1150 1301 1204 1363 per
1227 1301 1331 1342 omnes
1353 1299 1438 1343 casus
1453 1279 1606 1341 declinan-

313 1392 372 1446 tur.
398 1419 431 1429 —
458 1386 502 1445 Vt
534 1403 651 1446 cornu
686 1401 780 1462 genu
814 1382 914 1460 gelu:
949 1385 1018 1462 quia
1046 1382 1266 1446 indeclinabilia
1295 1390 1365 1445 sunt
1391 1385 1421 1444 in
1451 1381 1603 1461 singulari.

310 1505 391 1561 penu
412 1489 483 1548 iacit
504 1505 613 1566 genua,
637 1487 715 1547 sicut
735 1503 809 1548 veru
830 1502 920 1546 verua
937 1494 966 1547 et
981 1504 1073 1566 specu
1088 1505 1206 1567 specus.
1245 1484 1312 1565 gelu
1328 1485 1412 1565 gelua
1428 1486 1530 1547 lacere
1545 1504 1605 1546 non
1620 1507 1643 1546 ro

313 1596 423 1669 potest,
452 1591 520 1670 quia
541 1587 648 1670 plurali
670 1607 796 1649 numero
825 1597 915 1649 earet.
954 1607 1022 1651 nam
1049 1590 1161 1650 tonitru
1189 1589 1258 1650 lacit
1280 1592 1413 1650 tonitrua
1442 1591 1606 1650 tonitruum

314 1691 487 1764 tonitribus
511 1693 589 1754 sicut
609 1707 726 1753 cornua
749 1709 895 1751 cornuum
919 1691 1068 1752 cornibus.

398 1796 475 1856 Sunt
496 1797 616 1856 nomina
644 1812 719 1874 quae
747 1794 778 1855 in
801 1811 925 1854 numero
949 1793 1100 1864 deliciunt,
1130 1811 1206 1874 quae
1228 1791 1373 1874 plural'em
1396 1792 1521 1863 habent,
1545 1794 1605 1854 sin·

282 1909 285 1912 ’
313 1896 445 1975 gulanam
468 1915 528 1958 non
551 1897 676 1966 babent;
706 1913 783 1974 quae
805 1895 987 1974 singularem
1015 1895 1140 1966 babent,
1170 1895 1314 1976 pluralem
1337 1915 1396 1956 non
1419 1895 1538 1958 habeut.
1563 1929 1607 1938 —

267 2007 300 2055 24
313 1999 405 2060 Sunt
427 2001 537 2060 etiam
560 2017 713 2060 numero
729 1999 951 2060 eommunia:
974 2000 1005 2058 in
1021 2000 1106 2058 tertia
1124 2005 1224 2078 quarta
1242 2006 1270 2058 et
1289 2000 1391 2076 quinta
1407 1996 1605 2058 declinatione
1620 2017 1643 2057 rs

312 2104 478 2163 communis
505 2118 649 2164 numerus
670 2102 827 2162 invenitur.
849 2135 892 2144 -
914 2100 1164 2177 Communia]
1194 2109 1231 2162 ut
1262 2119 1323 2162 rea
1355 2099 1474 2162 uubes
1507 2100 1604 2160 dies:

312 2203 386 2265 haec
413 2222 461 2265 res
487 2204 544 2265 hae
571 2223 628 2265 res.
674 2205 809 2282 quotiens
836 2199 1050 2284 nomilnativus
1077 2191 1192 2264 numeri
1227 2203 1385 2282 singularis
1419 2211 1449 2263 et
1481 2201 1604 2282 pluralis

267 2313 399 2386 repares
420 2312 503 2376 suut,
530 2309 695 2368 communis
722 2314 767 2367 est
795 2323 945 2366 numerus.
975 2337 1017 2348 —
1044 2306 1195 2384 Semper
1217 2303 1424 2384 singularia
1451 2306 1604 2383 generis

312 2407 527 2478 masculini,
549 2418 588 2470 ut
610 2407 745 2490 pulvis:
768 2407 906 2488 pulveres
928 2407 1006 2486 apud
1029 2406 1197 2478 Horatium,

408 2537 411 2542 ’
464 2497 707 2572 novendiales
729 2511 916 2591 dissipare
938 2509 1120 2589 pulverea.
1618 2523 1643 2564 aa

254 2620 354 2682 ,nt-
385 2615 537 2694 Semper
565 2612 743 2692 pluralia,
772 2621 810 2674 ut
837 2629 961 2673 manes
988 2611 1167 2683 Quirites:
1195 2612 1265 2674 licet
1291 2611 1431 2673 Horatius
1459 2609 1605 2689 singulari

312 2733 438 2776 numero
461 2717 604 2788 Quiritem
627 2715 735 2778 dixerit
758 2713 906 2794 [quamvis
927 2712 1072 2776 luvenalis
1095 2715 1262 2776 ‘donavit
1284 2712 1522 2795 Quiritem'],
1551 2713 1604 2774 sed

313 2821 485 2899 usurpative
506 2838 577 2881 usus
600 2824 657 2888 est,
682 2820 774 2880 etsie
795 2817 974 2888 declinatur,
1004 2817 1052 2878 hic
1075 2818 1172 2889 Quiris
1194 2818 1280 2879 huius
1302 2817 1432 2890 Quiritis.
1471 2827 1501 2878 et
1523 2833 1605 2877 conr·

311 2921 418 3001 pedem
441 2920 600 3000 singularis
622 2921 738 2981 numeri
761 2920 847 2990 (linit,
871 2938 940 2980 curn
964 2920 1001 2979 sit
1016 2918 1145 2999 pluralis.
1165 2954 1200 2965 —
1219 2920 1371 3000 Semper
1393 2918 1603 2999 singularia
1736 2991 1737 3007 χ

313 3024 464 3102 generis
486 3024 673 3093 feminini,
696 3030 828 3102 utpax:
853 3024 1004 3102 usurpavit
1018 3022 1183 3092 Sallustius,
1200 3024 1250 3102 qui
1265 3020 1470 3083 dirit‘bella
1493 3030 1643 3102 atquem
1736 3010 1737 3089 }

311 3144 423 3205 paces
448 3124 701 3187 exercebant'.
737 3126 778 3185 ita
800 3132 829 3185 et
850 3144 958 3204 scopae
981 3122 1040 3184 dici
1055 3123 1156 3193 debet,
1181 3126 1248 3201 quia
1264 3144 1312 3185 res
1327 3142 1401 3203 quae
1416 3124 1453 3185 de
1468 3123 1607 3204 pluribus

268 3232 300 3283 28
314 3236 429 3289 constat
451 3226 609 3307 singularis
632 3245 696 3288 esse
718 3245 778 3287 non
801 3235 908 3306 potest.
947 3228 990 3287 sic
1013 3224 1108 3288 scalae
1124 3244 1248 3306 mappae
1264 3227 1433 3305 quadrigae.
1457 3262 1500 3271 —
1522 3228 1605 3288 Sin·

313 3328 455 3408 gularia
478 3332 630 3408 generis
652 3330 790 3398 neutri,
813 3336 851 3390 ut
871 3346 938 3408 pus
959 3330 1073 3391 virus:
1097 3328 1280 3409 superfluum
1304 3338 1348 3391 est
1368 3331 1399 3390 in
1421 3330 1477 3391 hae
1499 3348 1533 3390 re
1549 3348 1605 3391 nu·
1680 3364 1683 3373 =
1736 3316 1737 3335 ³

242 3489 244 3493 ,
314 3449 427 3491 merum
450 3449 610 3510 quaerere,
634 3434 702 3511 quia
724 3428 933 3492 indeclinabile
950 3438 1011 3499 est;
1033 3432 1039 3505 Ι
1058 3429 1109 3491 sed
1132 3439 1232 3492 tamen
1253 3430 1379 3510 legimus
1401 3431 1478 3513 apud
1494 3431 1607 3493 Luere-

267 3536 386 3593 aetium
423 3534 531 3595 ‘tetri
564 3533 769 3613 primordia
802 3534 900 3594 viri'.
923 3567 964 3576 -·
993 3532 1275 3606 consuetudine,
1297 3543 1475 3615 usurpata
1503 3544 1644 3604 suut,ao

312 3643 350 3694 ut
377 3636 474 3695 vina:
509 3638 574 3696 vina
601 3634 680 3715 apud
707 3635 835 3697 Tullium
862 3637 894 3695 in
917 3636 1067 3709 VerriniS,
1100 3636 1198 3695 ‘vina
1228 3636 1366 3697 Graeca
1403 3644 1603 3717 ceteraque

382 3837 443 3889 Qud.
465 3839 546 3889 Beana.
565 3839 611 3889 Vll
630 3836 751 3894 2*-3*.
840 3840 965 3892 llmbeat
1052 3838 1108 3889 3et
1126 3840 1157 3890 ab
1176 3839 1282 3892 liueorn.
1371 3839 1434 3891 nihil
1507 3842 1605 3890 interea

312 3913 415 3974 aptoton
486 3910 545 3959 but
559 3909 678 3975 pumilius
697 3909 736 3959 uel
794 3911 884 3962 dsunt
898 3910 924 3959 in
942 3913 967 3959 in
985 3908 1110 3977 singulari
1128 3908 1187 3959 lacit
1202 3926 1285 3977 genua
1303 3912 1368 3961 sieut
1387 3910 1465 3961 uerba
1483 3920 1507 3960 et
1524 3924 1604 3977 specu

384 3978 414 4029 ll
432 3993 489 4029 narn
505 3988 603 4029 tonetru
620 3982 699 4041 (corr.
717 3982 751 4034 al.
765 3996 831 4031 man.
856 3980 961 4043 tonitru)
982 3980 1042 4031 lacit
1057 3980 1133 4029 uerba
1154 3986 1234 4042 (corr,
1254 3985 1288 4034 al.
1308 3998 1374 4033 maa.
1391 3978 1482 4045 nerva)
1500 3990 1524 4031 et
1544 3982 1605 4033 iacit

312 4049 451 4099 tonitruum
511 4051 542 4100 12
561 4064 655 4099 cornua
671 4066 716 4100 om.
771 4050 818 4119 „13
838 4050 957 4101 deliciunt
975 4052 1055 4116 (carr.
1076 4052 1110 4102 al.
1130 4065 1196 4105 man,
1215 4050 1286 4115 -untl
1306 4066 1370 4115 quae
1388 4051 1498 4117 plurales
1571 4054 1603 4104 15

312 4117 397 4187 tertia]
420 4120 453 4169 lll
518 4119 550 4170 it
568 4128 652 4169 utres
671 4136 718 4172 om.
777 4120 809 4172 19
825 4132 868 4171 aut
887 4118 968 4183 (corr.
988 4122 1082 4172 receuti
1093 4136 1166 4169 muna
1184 4120 1259 4187 aput)
1277 4123 1382 4171 oratiam
1447 4120 1481 4171 20
1499 4123 1605 4188 puluere

311 4205 380 4242 corr.
397 4190 433 4240 al.
452 4204 517 4238 maa.
535 4204 588 4241 -res
658 4191 689 4241 21
710 4192 804 4241 oratius
875 4190 909 4241 23
928 4192 1092 4257 usurpatiuse
1161 4192 1194 4242 25
1210 4192 1292 4254 adque
1352 4191 1385 4243 26
1401 4205 1494 4256 scopae
1511 4192 1605 4243 debeat

381 4259 413 4309 de
432 4260 572 4324 pluralibus
642 4261 676 4311 27
691 4270 764 4325 potes
817 4261 969 4328 quadrigrae
1039 4260 1074 4311 29
1092 4272 1154 4326 aput
1224 4260 1337 4326 disput
1393 4271 1542 4326 caeteraque

381 4450 399 4499 4
418 4451 511 4498 lamma
528 4464 601 4513 quanm
621 4449 733 4501 iudicavi
747 4451 798 4502 alsia
815 4452 927 4515 delinitio
949 4452 1053 4503 nominis
1075 4453 1155 4514 aptati
1170 4450 1298 4501 excidisse
1315 4450 1414 4503 uidetur
1484 4450 1516 4502 19
1535 4452 1604 4518 apud

313 4518 454 4586 Horatium]
478 4520 550 4581 epod.
571 4520 613 4581 17,
632 4519 667 4570 48
737 4521 768 4571 21
789 4518 919 4587 Horatius]
938 4537 1015 4571 carru.
1036 4521 1056 4569 ll
1077 4522 1101 4581 7,
1120 4518 1136 4571 3
1154 4520 1212 4583 quis
1231 4528 1255 4569 te
1271 4520 1403 4571 redonavit
1421 4520 1543 4581 Quiritem

313 4591 348 4638 22
364 4585 504 4654 iuvenalia]
523 4596 574 4638 aut.
594 4587 621 4649 8,
638 4592 671 4640 47
690 4597 772 4639 tanuen
789 4592 840 4640 irna
851 4591 924 4655 plebe
940 4592 1062 4650 Quiritem
1080 4589 1216 4641 ineundum
1233 4591 1358 4641 invenies.
1375 4590 1502 4641 quenalis
1519 4606 1605 4641 exem-

308 4659 377 4721 plum
398 4674 449 4707 una
469 4674 522 4708 ewa
543 4676 618 4710 amau
641 4659 749 4711 Horatii
770 4670 860 4723 postea
877 4662 1033 4724 adscriptam
1050 4674 1106 4712 ease
1121 4662 1220 4712 uidetur
1306 4659 1340 4711 23
1359 4658 1517 4727 compedem]
1537 4662 1602 4711 Hor.

312 4743 389 4777 carna
412 4728 455 4777 llll
475 4729 522 4791 11,
538 4731 571 4779 24
591 4731 713 4796 compede
733 4731 843 4781 vinetum
862 4730 936 4796 epod.
954 4733 979 4793 d,
1000 4732 1094 4781 ldura
1114 4732 1236 4797 compede
1324 4731 1358 4781 25
1376 4728 1523 4795 Sallustius]
1544 4731 1602 4795 Iup.

312 4798 354 4859 31,
377 4794 413 4846 20
480 4797 514 4847 26
535 4814 627 4864 scopae
651 4815 708 4849 esse
734 4801 827 4850 debent
845 4800 978 4851 Prataebius
1048 4800 1081 4855 29
1103 4802 1170 4869 apud
1186 4798 1341 4867 Lucretium]
1364 4801 1385 4852 ll
1402 4800 1455 4852 476
1523 4800 1556 4853 31
1577 4802 1603 4855 in

312 4864 438 4939 verrinis]
457 4874 507 4925 ucat,
527 4884 578 4928 sec,
596 4871 606 4921 l
624 4870 667 4935 36,
682 4870 715 4925 til
