3525 5600
1416 389 1456 454 21

1264 516 1285 558 p.
1301 503 1356 544 rars.
1370 503 1395 544 rs
1408 499 1432 542 r.

165 583 275 654 verbia,
298 586 375 646 sient
396 590 427 644 et
447 586 577 646 nomina.
609 585 654 646 sie
675 586 766 646 etiam
788 593 1006 667 conponuntur.
1039 583 1176 648 similiter
1198 591 1227 645 et
1248 584 1279 644 in
1302 583 1404 661 liguris
1427 589 1457 642 et

162 689 192 747 in
224 688 438 768 conparatione
470 687 619 750 deficiunt.
664 687 802 790 adperbia
834 691 898 769 ipsa
933 707 1009 768 quae
1042 695 1124 750 extra
1153 686 1286 768 exempla
1320 686 1458 748 lectionis

161 791 246 850 istius
268 791 461 870 reperiuntur
481 807 572 852 seusu
586 789 751 868 colligenda
773 799 856 858 sunt,
880 799 914 851 ut
936 791 1206 870 deprehendantur,
1232 787 1235 870 Ι
1260 791 1343 850 onius
1365 789 1456 866 sigui·

69 932 74 942 -
162 893 307 953 icationis
327 895 396 953 sint.
422 925 459 936 -
485 891 698 954 lltnrulturn
721 911 862 971 parum:
886 891 1024 954 adverbia
1048 895 1117 962 isla,
1142 891 1265 953 multum
1290 901 1573 971 superuenerunt

139 1007 222 1054 ⁵non
250 996 413 1074 iunguntur
443 995 499 1054 nisi
526 997 663 1073 genetiuo
691 1001 805 1054 tantum
832 993 990 1072 singulari,
1021 1003 1053 1055 ut
1075 995 1198 1056 multum
1221 992 1279 1054 olei
1302 1001 1330 1054 et
1352 1011 1455 1072 parum

162 1098 247 1158 aceti.
278 1129 314 1140 -
344 1096 483 1157 Forsitan
513 1104 542 1156 et
569 1099 695 1158 tortasse
723 1115 814 1157 unum
842 1104 898 1156 est.
929 1131 964 1140 —
996 1097 1037 1157 Vt
1059 1097 1141 1156 lreu:
1172 1095 1230 1156 heu
1254 1094 1502 1176 quaerendumne

162 1205 208 1259 est
228 1197 349 1277 quando
372 1197 544 1260 adverbium
566 1200 605 1260 sit
626 1198 843 1279 respondendi,
867 1198 984 1278 quando
1006 1200 1183 1260 interiectio.
1218 1199 1242 1258 si
1266 1197 1387 1258 verbnm
1411 1215 1455 1256 se·

161 1302 275 1380 quitur,
299 1299 486 1370 adverbium,
510 1302 535 1361 si
557 1301 680 1362 alteram
696 1311 810 1381 partem
826 1301 984 1370 orationis,
1001 1301 1168 1361 interiectio
1185 1307 1238 1360 est.
1263 1335 1297 1344 —
1324 1297 1456 1360 Iler-cle
1469 1307 1502 1356 30

161 1402 310 1462 medius
335 1403 469 1464 fidius:
498 1402 603 1481 edepol
632 1413 662 1464 et
691 1404 895 1464 mediusfidius
923 1403 1055 1481 singulae
1083 1411 1182 1482 partes
1211 1402 1352 1462 orationis
1378 1407 1455 1470 sunt,

128 1521 150 1557 ιο
162 1506 214 1565 etsi
236 1504 369 1566 habeant
390 1504 571 1566 intellectum
594 1506 729 1566 duarum.
755 1541 794 1550 -
818 1507 860 1566 Vt
874 1505 1106 1566 doctissime:
1130 1506 1155 1564 si
1179 1505 1291 1564 nomini
1313 1504 1453 1580 iungitur,
1467 1513 1552 1572 sonu

163 1626 272 1668 nomen
296 1615 344 1668 est
363 1608 482 1685 generis
504 1609 603 1668 neutri
625 1607 756 1676 doctius,
784 1616 817 1668 ut
838 1607 954 1667 doctius
977 1608 1170 1686 mancipiurn;
1201 1607 1225 1666 si
1248 1604 1338 1665 verbo
1360 1606 1456 1682 iungi·

161 1719 224 1779 tur,
247 1708 421 1770 adverbium
444 1718 489 1771 est
510 1712 700 1789 comparativi
722 1708 845 1788 gradus,
875 1718 908 1770 ut
929 1709 1044 1771 doctius
1066 1709 1148 1769 dixit.
1179 1741 1214 1752 -
1245 1709 1372 1786 blagis:
1397 1717 1455 1768 tam

162 1821 190 1872 et
211 1813 320 1890 magis,
343 1813 417 1872 istae
439 1811 515 1872 duae
537 1811 700 1891 particulae
720 1831 735 1871 a
758 1815 883 1892 positivo
907 1831 966 1872 non
989 1811 1144 1872 recedunt:
1169 1812 1218 1890 qni
1240 1809 1365 1870 voluerit
1385 1811 1456 1870 istos

162 1914 361 1993 comparativo
377 1921 407 1974 et
420 1914 599 1994 superlativo
621 1917 745 1992 iungere
768 1916 869 1974 vitium
886 1932 946 1974 nou
963 1912 1074 1974 vitabit.
1094 1947 1129 1958 -
1147 1913 1189 1974 Et
1211 1931 1314 1992 quani
1338 1913 1481 1990 magist

126 2029 149 2067 ιε’»
162 2017 324 2093 figurae:
355 2013 430 2097 ibis
457 2015 548 2076 rebus
576 2025 794 2095 componuntur
822 2015 977 2084 adverbia,
1007 2013 1115 2094 quibus
1143 2021 1172 2074 ot
1193 2015 1324 2076 uomina.
1349 2049 1387 2058 -
1410 2014 1480 2076 Adt
1513 2038 1517 2047 ·
1547 2075 1554 2090 ‚

161 2117 259 2180 locum
282 2116 423 2179 adverbia
445 2117 518 2178 baeo
539 2127 623 2185 sunt,
647 2117 705 2178 buo
727 2117 796 2179 illue
818 2117 868 2178 illo
892 2119 978 2186 istoc:
1003 2119 1032 2177 in
1055 2115 1120 2176 lor-o
1142 2117 1197 2178 ista
1220 2124 1302 2185 sunt,
1326 2115 1373 2177 bie
1396 2115 1456 2176 illie

160 2320 275 2392 loourn,
305 2323 380 2384 istae
401 2320 469 2382 illae
490 2321 555 2390 illa;
586 2321 623 2382 de
653 2321 719 2382 loeo
747 2322 843 2382 ‘unde
874 2322 1031 2390 venisti?’;
1055 2339 1109 2399 per
1131 2318 1227 2380 loeurn
1250 2320 1324 2400 ‘qua
1348 2322 1454 2381 transi-

162 2425 273 2486 musi'.
319 2423 356 2484 ad
385 2422 482 2484 locum
505 2425 593 2486 etiam
615 2422 665 2484 illa
688 2422 828 2485 adverbia
850 2426 1027 2502 iunguntur,
1057 2423 1135 2483 intro
1159 2431 1188 2483 et
1210 2423 1303 2491 iuras,
1329 2431 1362 2483 ut
1383 2422 1456 2482 vade

126 2528 258 2597 wintro,
282 2528 332 2587 exi
354 2527 448 2594 loras;
470 2528 501 2586 in
523 2525 590 2586 loeo
612 2527 701 2587 etiam
722 2527 793 2595 ista,
816 2528 898 2586 intus
921 2533 950 2585 et
972 2525 1055 2593 loris,
1080 2523 1147 2584 ‘ubi
1170 2525 1284 2584 luistil’
1309 2525 1388 2584 intus
1410 2522 1455 2583 vul

160 2628 241 2689 ioris.
277 2627 316 2688 de
338 2627 405 2689 loeo
427 2630 516 2689 etiam
537 2627 687 2698 similiter,
711 2628 809 2689 ‘unde
831 2628 950 2688 eristil'
975 2629 1063 2696 intus
1089 2626 1186 2688 ‘unde
1210 2627 1348 2687 venistil'
1372 2627 1454 2686 loris.

160 2765 202 2775 —
223 2730 295 2791 ldeo
319 2729 440 2790 deintus
463 2738 492 2790 et
514 2729 625 2792 deforis
647 2749 708 2792 non
730 2730 866 2801 dicimus,
891 2731 960 2811 qnia
982 2731 1162 2811 praepositio
1185 2727 1333 2790 adverbiis
1356 2725 1501 2790 locali-10

161 2833 217 2895 bus
231 2834 355 2894 minime
378 2836 517 2895 sociatur.
546 2835 590 2895 sie
611 2833 739 2894 dicimus
761 2840 792 2893 et
806 2833 898 2895 lloma
923 2852 996 2894 ereo
1019 2841 1048 2893 et
1063 2834 1174 2894 Rornae
1197 2850 1262 2893 surn
1286 2844 1315 2891 et
1331 2822 1454 2893 liom'am

161 2935 246 3005 vado,
269 2937 340 3015 quia
362 2938 542 3015 praepositio
558 2936 725 2997 civitatibus
740 2954 800 2996 non
822 2938 965 3014 iungitur,
989 2935 1040 2997 sed
1063 2935 1232 3016 provinciis.
1264 2935 1306 2994 sic
1322 2941 1352 2993 et
1367 2933 1455 2995 durno

126 3050 251 3107 nereo,
275 3037 358 3098 dorni
378 3056 458 3107 sum,
481 3038 601 3099 domurn
624 3038 707 3099 rado.
753 3046 823 3097 tunc
850 3038 1001 3115 iungimus
1029 3039 1292 3117 praepositionem,
1314 3040 1319 3110 Ι
1338 3036 1455 3116 quando

118 3140 123 3149 '
162 3158 330 3219 pronomen
357 3141 490 3201 iunctum
517 3142 622 3210 luerit,
650 3149 682 3200 ut
703 3138 740 3201 de
762 3139 851 3200 domo
873 3156 939 3199 mea
963 3141 1047 3201 venio
1069 3139 1115 3200 vel
1137 3139 1173 3200 de
1197 3146 1260 3209 tua,
1291 3148 1323 3199 ut
1344 3138 1379 3199 ad
1404 3137 1455 3199 du·

162 3261 245 3302 mum
273 3260 369 3302 meam
398 3240 472 3303 varlo
500 3250 550 3302 aut
578 3242 614 3302 ad
643 3242 763 3302 domum
790 3250 880 3302 tuam.
926 3244 968 3302 sie
992 3250 1094 3303 etrus
1117 3242 1204 3312 vado,
1228 3260 1298 3303 rure
1322 3243 1415 3312 venio,
1440 3236 1444 3323 Ι

162 3346 226 3405 ruri
256 3362 341 3404 sum:
376 3345 401 3403 si
431 3343 507 3403 addo
534 3362 717 3423 pronomen,
746 3345 836 3423 iungo
864 3344 1131 3424 praepositionem,
1163 3353 1195 3405 ut
1222 3342 1258 3405 de
1288 3362 1359 3403 rure
1389 3362 1455 3403 meo

161 3448 251 3506 venio
273 3444 319 3505 rel
342 3445 379 3505 ad
400 3464 451 3506 rus
474 3464 571 3506 meum
595 3446 679 3505 vado.

127 3562 150 3600 ω
246 3547 391 3609 Adverbia
419 3566 494 3627 quae
522 3550 678 3627 conparari
706 3556 832 3627 possunt
857 3550 888 3607 in
917 3548 1041 3627 positivo
1068 3547 1161 3626 gradu
1189 3548 1290 3607 autin
1314 3566 1330 3607 e
1353 3550 1455 3609 autin

163 3657 209 3711 ter
238 3650 320 3711 exire
347 3658 487 3729 possunt,
517 3659 550 3711 ut
577 3650 664 3711 docte
691 3647 920 3717 admirabiliter:
951 3652 1167 3729 comparativus
1194 3668 1265 3710 vero
1291 3648 1400 3727 gradus
1424 3650 1454 3709 irr

162 3749 312 3812 adverbiis
333 3738 453 3830 semper
475 3752 506 3811 in
528 3753 574 3813 ius
596 3754 668 3821 erit,
694 3760 725 3811 ut
747 3751 862 3811 doctius
883 3751 1104 3819 admirabilius;
1127 3750 1322 3831 superlativus
1337 3770 1407 3812 vero
1424 3753 1454 3812 in

163 3872 179 3914 e
201 3872 322 3933 semper
344 3856 420 3921 exit,
444 3861 477 3913 ut
491 3852 663 3915 doctissime
677 3853 944 3915 admirabilissime.
976 3852 1119 3914 adverbia
1134 3862 1205 3914 tunc
1220 3855 1250 3913 in
1274 3862 1319 3914 ter
1336 3861 1454 3924 exeunt,

167 3992 288 3999 .-.----
316 3992 334 3997 -

233 4058 293 4110 eod.
314 4057 395 4111 Bern.
413 4058 445 4107 lll
464 4056 550 4107 4-6.
623 4057 1172 4124 lsimplicitercorr.a1.mun.simlliter
1240 4040 1455 4122 brepperiuutur

231 4129 380 4180 isimon.
449 4128 555 4177 multum
575 4128 582 4175 i
604 4143 687 4177 rernm
758 4128 863 4177 multum
881 4137 1004 4178 etrnrrrrn
1023 4140 1073 4177 non
1092 4130 1205 4234 iuppitnp·
1273 4126 1414 4179 diorsitan
1432 4139 1456 4179 et

1135 4204 1277 4235 wihmu-

163 4247 508 4311 nominenominee.
528 4246 626 4313 forsan)
649 4258 673 4298 et
693 4248 801 4299 fortasse
877 4258 905 4298 ut
929 4248 1018 4309 henm;
1041 4248 1105 4311 heu;
1131 4249 1285 4312 querendum
1356 4248 1454 4299 Betele

232 4318 368 4383 ueruepol
388 4331 412 4367 er
481 4316 513 4369 10
525 4318 616 4369 babeat
630 4319 783 4368 inrelteorurn
798 4318 952 4371 intellectum
965 4320 1073 4369 duarum
1139 4318 1283 4369 ltdocrior
1353 4328 1403 4369 tam
1416 4318 1450 4387 et]

164 4400 248 4439 tamen
318 4388 351 4439 15
363 4386 450 4454 rebus]
466 4390 551 4439 uerbis
622 4387 742 4455 ldbnec]
758 4389 801 4438 hic
867 4390 899 4440 17
919 4390 950 4439 ds
968 4390 1023 4440 loca
1077 4390 1124 4439 stiu
1194 4389 1259 4439 stine
1326 4388 1358 4439 18
1377 4388 1452 4456 istae]

164 4459 251 4509 esruac
317 4457 350 4509 19
363 4460 429 4509 unde
446 4458 479 4508 de
496 4460 560 4509 intro
630 4461 664 4508 22
681 4460 854 4525 praepositius
869 4459 1021 4521 (eom-tio)
1073 4458 1201 4509 aduerbils
1218 4458 1349 4509 rrucalibua
1419 4462 1453 4509 24

164 4528 318 4595 praepositio
338 4544 370 4578 ne
389 4529 534 4579 ciuitatibus
604 4528 690 4594 domo]
714 4530 789 4579 modo
810 4545 880 4582 corr.
899 4532 933 4581 nl.
953 4546 1017 4580 anon.
1043 4528 1117 4579 domo
1187 4528 1280 4581 aunei
1300 4529 1331 4578 de
1353 4530 1454 4581 tundis

164 4602 284 4662 rerr'ptron
298 4606 337 4649 eat
406 4596 441 4647 ‘28
459 4600 568 4649 addomo
587 4614 735 4706 pmwffl,
748 4600 985 4706 mprnepositione
1056 4598 1090 4651 30
1109 4599 1133 4647 ἰη
1152 4598 1264 4663 positivo
1282 4597 1374 4667 gradu]
1396 4616 1452 4649 curn

166 4720 275 4786 positiuo
293 4718 418 4783 singulari
488 4720 520 4769 32
538 4735 639 4787 semper
657 4722 681 4771 .”ι.
696 4737 728 4770 us

168 4842 377 4849 ——---——
384 4842 448 4847 -.-.-
457 4842 466 4847 .

235 4890 270 4941 ’28
286 4892 309 4940 si
326 4890 394 4941 addo
411 4892 487 4941 modo
506 4906 644 4959 pronomen
663 4891 796 4943 Pntscdiua
