3525 5600
609 429 846 492 COMMENTVM
1339 426 1396 490 147

1214 549 1234 590 p.
1249 538 1337 578 lta-te
1351 536 1372 576 l..

120 631 207 684 autem
233 621 263 680 in
291 627 352 680 tres
381 619 500 698 regulas
528 627 650 688 exeunt,
680 626 709 679 et
730 637 835 678 erunes
856 619 930 683 istae
952 615 1074 696 regulae
1097 616 1255 678 femininae
1278 618 1398 677 veniunt

119 724 151 783 ad
176 722 360 782 latinitatem:
395 722 426 780 in
454 721 502 790 is,
522 727 554 780 ut
580 721 692 788 Atreis:
721 721 751 780 in
778 722 838 789 ias,
866 728 899 780 ut
925 721 1054 788 Atreias:
1083 721 1114 780 in
1144 737 1194 788 ne,
1227 727 1259 780 ut
1285 721 1397 788 Atrine,

120 824 188 886 uude
209 825 365 885 ‘Nerine
387 819 561 883 Galatea’
589 823 763 883 invenimus.
809 839 880 882 eece
907 822 980 884 istae
1009 831 1069 883 tres
1089 821 1217 905 regrina
1240 821 1398 882 femininae

119 945 279 986 ceremunes
294 932 363 984 sunt
384 933 414 984 et
427 923 540 985 Latinis
560 932 590 984 et
605 923 739 992 Graecis:
761 923 829 984 illae
844 923 1025 986 masculinae
1046 923 1180 1002 regulae,
1205 941 1279 1001 quae
1305 920 1309 1005 l
1331 931 1400 984 seint

100 1041 185 1096 atres,
201 1028 275 1088 duae
289 1027 327 1088 ad
343 1045 398 1086 nes
414 1027 551 1096 veniunt,
574 1034 604 1086 et
618 1045 676 1086 una
697 1026 929 1106 remanetapnd
945 1027 1083 1088 Graecos.
1114 1026 1165 1086 sed
1182 1027 1269 1086 etiam
1285 1027 1321 1086 ele
1337 1027 1399 1086 istis

120 1131 222 1191 riuales
237 1137 281 1190 est
295 1128 391 1209 aliqua
408 1124 588 1199 dillere'ntia,
609 1128 689 1209 qued
704 1128 777 1190 illud
793 1129 873 1207 qued
895 1131 924 1190 iu
940 1128 992 1189 des
1008 1131 1068 1189 exit
1083 1147 1201 1208 semper
1218 1130 1397 1208 patreuyrui·

120 1252 167 1292 cen
180 1240 236 1301 est,
256 1229 331 1291 illud
345 1229 424 1310 qued
442 1231 472 1290 in
487 1231 535 1291 ius
550 1231 656 1291 enitet
670 1233 895 1310 patronymiceu
912 1239 957 1292 est
972 1240 1002 1291 et
1017 1233 1159 1300 euticen,
1178 1231 1207 1290 id
1225 1237 1271 1290 est
1285 1249 1400 1309 pusses-

119 1337 211 1394 sircm.
239 1335 265 1394 si
281 1333 378 1394 dicant
392 1331 521 1402 Atrides,
543 1351 602 1394 neu
623 1352 745 1412 pessum
766 1332 941 1412 intellegere
958 1334 1013 1392 nisi
1029 1333 1066 1394 de
1082 1333 1141 1393 ldie
1157 1333 1236 1400 cius:
1255 1333 1279 1392 si
1302 1340 1399 1392 auteru

119 1437 202 1496 dicam
215 1437 348 1505 Atreius,
365 1433 535 1513 ambiguum
552 1443 610 1504 est,
628 1443 727 1496 utrum
744 1435 781 1495 de
796 1435 856 1496 lrlie
871 1445 922 1496 aut.
938 1435 979 1494 ale
990 1432 1087 1512 gladie
1103 1436 1182 1494 Atrei
1199 1435 1304 1496 (licam.
1328 1452 1400 1512 erge

93 1538 168 1598 vrlree
185 1539 322 1606 interest,
345 1537 422 1618 qued
439 1536 486 1597 illa
504 1537 622 1598 nentina
638 1539 668 1598 in
684 1536 736 1598 des
751 1545 866 1598 tanturn
889 1538 1022 1606 ruittnnt,
1045 1543 1074 1596 et
1093 1519 1160 1598 dice
1175 1537 1309 1598 ‘Atrides
1325 1537 1400 1596 (lve-

119 1645 192 1708 stes’;
208 1641 324 1701 tttreius
339 1658 410 1699 vere
425 1648 583 1718 utrumque
598 1639 681 1708 dieu,
698 1647 728 1699 et
742 1641 876 1700 ‘Atreius
891 1639 1030 1700 Orestes’
1053 1648 1083 1698 et
1105 1639 1240 1700 ‘Atreius
1255 1636 1398 1715 gladius’.

193 1742 265 1802 Suut
292 1742 381 1802 ctiam
409 1743 527 1802 nemina
557 1759 632 1820 quae
654 1741 840 1821 appellantur
862 1741 1018 1808 arliectira,
1047 1759 1123 1821 quae
1146 1741 1314 1801 adiciuntur
1337 1739 1472 1812 aliistad,
1488 1753 1518 1800 ta

122 1843 213 1912 rebus,
236 1853 268 1905 ut
289 1845 315 1902 si
338 1841 420 1902 dicas
442 1843 528 1902 lectis
551 1852 581 1902 et
602 1861 735 1920 magnus.
767 1843 824 1903 hec
846 1842 925 1922 qued
949 1842 1074 1902 dicimus
1096 1843 1180 1904 lertis
1204 1861 1325 1920 maguus
1347 1861 1402 1921 per
1598 1831 1605 1842 ’

121 1965 149 2005 se
167 1953 262 2006 nutum
286 1951 331 2004 est
352 1943 488 2023 quidem,
511 1944 564 2004 sed
587 1945 708 2025 plenum
725 1963 784 2005 nen
799 1946 856 2005 erit
870 1947 926 2006 nisi
942 1944 1103 2006 accedente
1118 1961 1255 2024 persona,
1279 1963 1401 2022 maguus

95 2050 172 2116 urir,
197 2047 279 2107 tertis
302 2047 459 2106 exercitus.
502 2065 573 2126 erge
601 2046 741 2108 allectiva
769 2055 839 2108 sunt
867 2047 916 2107 illa
945 2065 1021 2127 quae
1049 2047 1194 2108 accedunt
1215 2045 1251 2106 ad
1275 2045 1401 2126 aliquam

123 2169 176 2210 reru
197 2156 223 2209 et
252 2167 306 2228 per
329 2147 504 2228 sequidem
527 2147 639 2210 lvalreut
660 2168 794 2220 sensum,
822 2147 875 2208 sed
899 2149 1020 2228 plenum
1043 2155 1163 2209 sumunt
1185 2149 1350 2210 coniunctis
1373 2157 1402 2208 rt

124 2250 317 2310 accedentibus
339 2251 487 2330 persenis:
516 2257 549 2310 ut
570 2252 595 2311 si
617 2249 698 2312 dieas
719 2268 857 2329 maguus,
888 2269 996 2329 perse
1019 2249 1235 2328 intellegimus,
1264 2251 1333 2330 ‹qrviel
1358 2259 1403 2309 est

124 2369 248 2429 maguus:
271 2349 323 2412 sed
348 2370 407 2412 nen
430 2348 436 2434 Ι
459 2352 550 2413 habet
571 2351 691 2432 plenum
714 2370 850 2423 sensum,
873 2353 931 2413 nisi
953 2369 1097 2432 personae
1120 2353 1345 2430 coniungantur,
1371 2360 1402 2412 nt

124 2456 143 2513 si
163 2453 238 2514 dieas
259 2471 386 2532 magnus
413 2454 471 2523 vir,
495 2471 618 2532 magnus
646 2456 808 2523 exercitus,
831 2471 955 2532 magnus
983 2451 1107 2531 gladius.
1159 2453 1294 2514 similiter
1317 2455 1402 2514 lertis

96 2563 148 2614 net
166 2554 226 2616 alia.
268 2557 323 2616 ista
346 2555 488 2616 adieetiva
511 2553 649 2618 dicuntur
671 2555 775 2632 latine,
799 2573 907 2634 graece
930 2556 1056 2635 epitheta
1079 2553 1272 2636 appellantur.

196 2657 269 2718 Sunt
296 2656 352 2718 alia
381 2675 457 2735 quae
485 2657 671 2736 appellantur
694 2657 858 2738 qualitatis:
887 2657 982 2738 qualis
1005 2667 1049 2718 est
1070 2655 1137 2717 illei
1165 2657 1273 2728 lienus,
1297 2657 1401 2719 malus.
1414 2673 1472 2733 430,
1489 2673 1518 2720 tt

125 2761 243 2820 cerintus
265 2756 436 2838 qualitatem
459 2777 476 2820 a
499 2758 593 2822 tribus
613 2759 705 2822 rebus
726 2760 871 2831 ordinari,
896 2760 932 2823 ab
956 2761 1068 2827 anime,
1093 2778 1108 2821 a
1130 2778 1265 2841 corpere,
1290 2763 1400 2822 extrin-

126 2880 211 2921 secus:
234 2861 271 2923 alr
294 2863 408 2932 auiuve,
437 2862 542 2923 dectus
564 2862 685 2932 stultus;
713 2882 729 2923 a
752 2882 893 2942 corpere,
918 2864 1002 2941 niger
1025 2861 1182 2932 candidus:
1207 2864 1400 2935 extrinsecus,

126 2964 273 3025 lertuuatus
288 2964 379 3024 dives.
411 2973 481 3024 sunt
494 2966 668 3044 quantitatis
682 2966 817 3035 nemina,
839 2984 965 3044 magnus
988 2984 1107 3045 parvus;
1131 2967 1156 3025 si
1176 2964 1257 3026 dicas
1279 2984 1403 3044 magnus

99 3067 173 3133 zarir,
193 3084 299 3145 parvus
324 3066 376 3125 vir.
422 3073 451 3125 et
473 3064 547 3127 haec
569 3084 618 3148 res
644 3086 661 3127 a
683 3084 822 3129 mensura
847 3066 1017 3137 deducitur,
1041 3070 1162 3146 proprie
1185 3069 1209 3128 si
1233 3066 1288 3127 hec
1312 3068 1400 3135 dicas,

126 3168 327 3245 ‘quantitatis’z
364 3168 487 3247 preprie
514 3168 572 3229 hec
598 3186 614 3228 a
643 3188 781 3229 mensura
808 3168 951 3230 trahitur:
991 3170 1015 3229 si
1044 3176 1141 3229 aretem
1165 3168 1400 3237 cataclrrestices,

127 3270 201 3329 etiam
227 3269 359 3350 qualitati
392 3269 478 3331 datur
510 3288 659 3331 mensura.
705 3270 829 3349 legimus
862 3272 941 3333 enirn
974 3270 1221 3349 ‘magnanime
1253 3274 1400 3339 denea',

127 3388 184 3431 eum
209 3388 330 3449 magnus
355 3390 418 3433 nen
447 3374 541 3452 pessit
569 3392 633 3433 esse
660 3374 717 3433 nisi
738 3374 770 3433 in
792 3390 941 3433 mensura.
985 3374 1075 3433 animi
1102 3380 1201 3435 autern
1231 3392 1402 3435 mensuram

128 3492 201 3533 neme
225 3480 323 3553 petest
350 3475 438 3535 scire.
483 3494 542 3555 que
569 3474 658 3537 mede
686 3494 758 3554 erge
785 3474 859 3535 dixit
887 3476 1092 3554 magnanime?
1125 3474 1177 3537 sed
1199 3475 1318 3537 abusive
1342 3484 1401 3543 est;

103 3574 175 3634 nhec
203 3578 315 3655 pectice
349 3577 434 3645 lecit,
468 3578 545 3637 sicut
577 3585 606 3637 et
627 3576 733 3639 Graeci
764 3576 868 3637 dicunt
895 3572 1084 3657 μεγάθυμοι
1109 3570 1245 3657 Ἀχαιοί,
1275 3576 1279 3659 Ι
1310 3586 1339 3638 et
1367 3594 1401 3636 ex

129 3680 286 3739 auctoritate
313 3676 483 3739 deseendit:
512 3696 619 3756 graeca
641 3685 687 3739 est
707 3678 791 3740 ratio.
836 3678 889 3739 sed
913 3697 972 3739 nen
995 3680 1125 3758 pertinet
1147 3680 1182 3739 ael
1208 3698 1276 3739 nes:
1307 3678 1401 3759 plrile·

130 3778 271 3857 sephorum
295 3788 350 3841 est.
395 3780 451 3841 ista
473 3798 545 3858 erge
566 3789 650 3849 stunt,
673 3798 748 3860 quae
770 3776 919 3859 qualitatis
940 3789 1010 3841 suut
1032 3787 1061 3841 et
1082 3782 1261 3861 quantitatis.

199 3883 271 3943 Sunt
291 3883 404 3960 gentis,
428 3880 559 3942 Graecus
581 3882 619 3943 de
641 3882 778 3950 Graecia,
801 3882 948 3963 llispanus
970 3881 1007 3943 de
1028 3882 1177 3963 lliapania.
1212 3884 1242 3945 in
1264 3885 1328 3943 istis
1350 3902 1473 3957 umiae,
1489 3902 1519 3949 18

131 3983 243 4045 minibus
269 3984 490 4064 provinciarum
517 3986 684 4045 invenimus
710 3986 741 4043 in
768 3983 879 4061 regulis
908 3986 1008 4044 uescie
1036 4002 1093 4064 qua
1120 3988 1234 4047 ratione
1262 3984 1401 4046 derivata.

184 4221 298 4271 lactem
316 4236 363 4271 em.
385 4222 423 4281 A,
442 4222 503 4274 add.
523 4238 541 4271 a
610 4224 673 4271 istae
692 4222 796 4288 regulae
813 4220 879 4273 Ba:
903 4222 1008 4288 regulae
1027 4238 1072 4274 em.
1091 4224 1146 4273 AG
1214 4223 1336 4274 3ucrine
1355 4223 1405 4272 BG

134 4290 199 4337 nirine
215 4292 252 4341 A:
272 4293 351 4357 Ver-g.
370 4291 451 4343 tacet
471 4292 499 4353 i,
516 4292 550 4343 37
620 4291 738 4357 galathea
755 4291 840 4342 ABG
907 4294 970 4341 istae
989 4302 1040 4344 tres
1059 4294 1161 4359 regulae
1179 4292 1316 4343 femininae
1334 4309 1404 4343 cem-

134 4373 207 4407 nunes
223 4372 280 4411 sunt
299 4362 325 4411 B
348 4362 412 4411 istae
431 4370 483 4409 tres
502 4360 638 4411 femininae
655 4377 802 4411 communes
819 4370 879 4411 snut
899 4362 1002 4429 regulae
1016 4363 1067 4414 AO
1151 4364 1209 4413 iet
1225 4364 1316 4413 tctieen
1338 4364 1361 4411 B
1380 4370 1404 4411 et

135 4426 235 4479 dieucum
249 4432 303 4482 AO
371 4432 398 4481 id
416 4439 494 4479 estet
513 4433 688 4497 possessiuum
708 4432 733 4481 A
816 4431 924 4481 lldiras
942 4448 1004 4497 erge
1023 4433 1105 4484 ABG
1187 4434 1219 4485 ld
1237 4435 1282 4483 sed
1300 4433 1402 4497 plenum

137 4496 192 4547 lide
213 4502 256 4551 sed
279 4516 329 4551 nen
349 4500 453 4567 plenum
472 4501 498 4550 A
586 4500 618 4552 tt
637 4504 699 4566 quid
718 4510 756 4551 est
774 4500 832 4550 AB
850 4501 951 4565 quidem
968 4503 988 4553 G
1078 4502 1109 4553 18
1127 4504 1312 4569 coniungantur
1330 4501 1403 4551 BCe

136 4570 282 4637 coniungatur
296 4573 321 4622 A
392 4573 426 4621 24
442 4586 552 4637 magnus
568 4586 665 4636 paruus
685 4572 709 4621 Il
726 4586 822 4638 paruus
836 4586 945 4636 magnus
960 4572 1012 4623 Ae
1080 4573 1115 4625 ‘te
1132 4574 1279 4637 quantitatis
1299 4574 1403 4639 proprie

137 4636 173 4685 lrec
192 4656 206 4689 a
224 4658 339 4693 mensura
358 4641 431 4692 Rea
455 4645 584 4705 quantitas
606 4642 709 4707 proprie
726 4658 742 4690 a
760 4656 879 4691 mensura
897 4640 922 4689 A
1009 4643 1042 4691 27
1059 4641 1174 4706 qualitati
1192 4643 1265 4691 datur
1285 4658 1404 4691 merrsura

73 4732 74 4762 r
137 4706 195 4757 BGe
206 4712 331 4774 qualitatis
348 4726 469 4761 menstrua
488 4714 512 4761 A
581 4708 754 4777 magnanime]
777 4712 856 4776 Verg.
877 4712 942 4761 Aen.
963 4713 984 4760 V
1004 4712 1036 4765 17
1107 4712 1141 4762 28
1160 4710 1285 4761 animia*
1303 4714 1403 4761 animae

137 4776 205 4829 ABG
266 4783 301 4833 ad
318 4783 515 4847 magatlrumpee
533 4782 629 4831 nehaee
642 4783 667 4831 A
684 4780 805 4847 magatlru
825 4795 899 4845 mgee
918 4782 996 4845 (ruiee
1016 4782 1053 4847 B)
1070 4782 1149 4832 aelree
1168 4783 1220 4832 Be
1271 4783 1303 4833 at
1321 4782 1404 4848 phile-

137 4847 253 4911 seplmmm
270 4853 305 4901 iu
323 4867 386 4917 erge
405 4852 430 4900 A
500 4850 534 4902 ³4
551 4853 654 4903 diriuat.
671 4853 695 4901 A
714 4852 880 4901 diriuaterum
900 4850 940 4901 Oe
958 4852 1151 4903 diriuatiuerum
1172 4852 1205 4907 B.
1225 4855 1310 4903 vrescie
1327 4867 1403 4916 quem

138 4918 248 4980 ntieurm,
266 4922 380 4971 ilerivata
399 4938 477 4986 quare
497 4924 531 4972 ita
551 4920 656 4971 iecerint
672 4924 778 4973 coniecit
794 4922 980 4971 Lindemeuuaa

1139 5006 1202 5071 10*
