3525 5600
753 352 824 416 ARS
1390 347 1432 416 63

1240 473 1262 514 p.
1276 461 1332 502 1920.
1346 461 1370 501 21
1384 459 1407 500 P.

144 554 188 606 tur
215 563 232 604 a
260 544 418 624 participio
440 561 519 612 esse,
548 541 601 602 sed
628 560 645 602 a
673 541 794 602 nornine
821 539 870 602 iric
897 539 1077 620 indulgens.x
1108 549 1228 620 accepta
1250 541 1341 618 igitur
1362 559 1433 602 con·

142 647 295 726 paratione
316 646 472 726 participia
495 645 569 704 iiunt
590 645 720 705 nomina.
752 644 851 704 omnia
867 641 1006 704 adverbia
1029 661 1045 703 a
1068 645 1223 704 terminata
1245 642 1332 722 ionga
1354 653 1432 713 suut,

143 748 193 828 {ut
209 766 269 808 uua
293 754 411 816 contra,
434 755 468 809 ut
491 745 614 807 ‘ilium
635 745 764 824 aspice
785 749 947 806 contro'.
966 778 1003 788 -
1019 747 1087 807 dut
1108 747 1143 806 iu
1165 747 1189 816 i,
1213 752 1251 806 ut
1271 745 1505 825 vespernam,
1520 757 1551 806 18

143 858 201 910 aut
228 850 267 909 iu
295 867 313 909 o
342 848 577 929 productam,
606 854 645 908 ut
671 846 782 916 ialso;
811 853 872 908 aut
900 847 936 906 in
964 855 1230 926 ooorreptam,
1254 855 1293 907 ut
1314 845 1432 916 modo;

121 960 201 1010 aaut
221 952 261 1011 in
282 969 318 1019 u,
346 958 385 1010 ut
411 957 540 1017 noctu;
568 956 631 1010 aut
656 949 692 1008 iu
715 967 758 1018 m,
787 956 825 1008 ut
845 949 1031 1026 scriptim;
1055 957 1117 1010 aut
1137 951 1174 1010 in
1196 967 1225 1021 r,
1250 956 1287 1010 ut
1309 947 1434 1010 brevi-

143 1060 212 1120 ter;
236 1060 299 1112 aut
319 1053 355 1112 in
378 1071 406 1122 s,
431 1059 470 1112 ut
492 1049 663 1112 iuuditus
686 1051 807 1131 (exeunt
829 1052 976 1120 atinam,
1000 1060 1031 1111 ut
1051 1049 1232 1132 perperam).
1256 1049 1433 1112 adverbia

144 1172 237 1232 quae
260 1155 298 1214 in
321 1172 337 1213 e
360 1160 496 1214 exeunt
519 1152 678 1232 produci
706 1152 843 1213 debent
869 1159 1024 1231 praeter
1051 1151 1115 1212 ilia
1138 1171 1228 1232 quae
1250 1159 1432 1213 nou'con·

144 1262 322 1336 parantur
350 1255 457 1335 (‘rite
484 1255 737 1315 secundarent
764 1256 899 1324 risus',
929 1262 959 1315 ct
979 1255 1066 1316 ritius
1087 1273 1146 1315 non
1169 1255 1263 1330 iacit),
1286 1260 1324 1315 ut
1346 1256 1433 1322 rita,

144 1366 201 1418 aut
224 1357 515 1436 cooperationis
538 1355 704 1435 reguiam
720 1375 792 1418 nou
808 1365 969 1424 servant,
989 1355 1134 1416 utbene
1156 1356 1265 1418 maie:
1288 1357 1435 1418 iaciunt

115 1462 243 1520 neuim
268 1458 361 1520 bene
384 1459 498 1540 (bonius
520 1476 580 1520 uon
601 1459 681 1536 iacit)
704 1457 839 1519 meiius
859 1459 998 1537 optime
1023 1457 1136 1538 (meiius
1158 1476 1218 1520 nou
1239 1457 1318 1538 iacit)
1342 1456 1434 1518 maia

145 1565 249 1642 peius
271 1563 449 1641 pessime:
473 1570 535 1622 aut
558 1579 597 1621 ea
620 1579 711 1640 quae
732 1579 749 1620 a
776 1561 926 1620 nomine
954 1559 1127 1624 verbone:
1156 1577 1359 1640 quaecumque
1381 1578 1433 1621 no·

146 1666 220 1724 mina
243 1662 418 1744 appellativa
442 1661 581 1724 adverbia
604 1681 640 1722 ex
661 1680 694 1722 se
717 1662 831 1723 iaciunt
852 1670 882 1723 et
910 1662 1007 1722 dativo
1030 1680 1100 1722 casu
1123 1680 1140 1722 o
1163 1661 1259 1724 iittera
1282 1663 1432 1731 liniuntur,

146 1765 319 1846 appellativa
340 1783 427 1834 saue,
450 1784 469 1824 o
490 1766 521 1824 in
545 1782 561 1824 e
583 1769 772 1834 convertunt,
796 1773 829 1825 ut
844 1764 914 1824 huic
930 1763 1016 1824 docto
1032 1762 1127 1833 docte,
1150 1766 1190 1824 ita
1213 1773 1242 1825 et
1263 1764 1434 1825 doctissimo

146 1867 321 1928 doctissime.
368 1874 436 1927 sunt
463 1865 519 1926 alia
547 1884 623 1946 quae
646 1873 750 1926 contra
772 1864 904 1944 reguiam
928 1867 1063 1936 veniunt,
1091 1866 1143 1928 sad
1166 1847 1234 1927 rara
1257 1873 1286 1926 et
1308 1867 1434 1926 auctori·

115 1978 200 2031 uuo
221 1977 380 2049 usurpata,
403 1975 438 2027 ut
457 1966 550 2029 durus
572 1967 699 2038 duriter,
724 1965 729 2049 i
752 1966 933 2028 inhumanus
954 1967 1165 2030 inhumaniter.
1195 1971 1266 2030 item
1289 1975 1357 2028 suut
1378 1967 1434 2028 aiia

146 2091 217 2151 quae
244 2091 263 2132 o
289 2073 322 2131 iu
351 2089 385 2131 er
411 2069 745 2162 litteras'conrertuot‚
775 2077 809 2130 ut
835 2068 964 2130 violento
993 2069 1144 2131 violenter.
1189 2071 1273 2131 inter
1297 2077 1383 2132 nocte
1407 2079 1436 2130 et

149 2182 233 2234 noctu
255 2173 314 2233 hoc
336 2174 477 2233 interest:
506 2173 532 2233 si
553 2174 632 2233 ‘tota
655 2175 759 2233 nocte’
781 2174 916 2234 iunctum
939 2172 1019 2244 dico,
1042 2189 1151 2232 nomeu
1174 2171 1264 2242 facio:
1293 2172 1434 2234 sisoium

147 2285 246 2345 noctu,
275 2273 459 2336 adverbium.
503 2277 623 2336 nomina
654 2275 818 2336 communis
847 2281 877 2333 et
898 2277 994 2336 omnis
1015 2276 1133 2353 generis
1155 2294 1273 2356 semper
1294 2277 1325 2336 iu
1346 2294 1362 2334 r
1384 2293 1434 2335 er·

147 2385 230 2448 euut,
252 2383 285 2438 ut
299 2376 398 2438 brevis
413 2377 561 2447 breviter,
584 2379 756 2439 misericors
770 2376 1014 2437 misericorditer.
1043 2385 1073 2438 et
1087 2396 1209 2456 magne,
1227 2379 1293 2456 quia
1309 2394 1434 2455 magnus

114 2481 237 2540 nmaior
263 2481 410 2540 maximus
436 2479 515 2540 iacit.
561 2481 649 2540 etiam
676 2482 739 2560 ipsa
768 2478 907 2540 adverbia
935 2477 1112 2559 aliquotiens
1134 2481 1262 2550 iaciunt,
1286 2487 1319 2540 ut
1340 2497 1434 2560 paena

146 2584 284 2662 paenitus.
316 2581 395 2643 bene
417 2588 447 2642 et
468 2579 545 2642 maie
567 2584 725 2661 conparari
741 2601 775 2643 er
790 2601 824 2642 se
839 2601 898 2642 uon
920 2591 1058 2663 possuut;
1082 2582 1150 2643 ideo
1171 2572 1202 2643 in
1225 2603 1242 2642 e
1264 2588 1433 2662 correptum

149 2693 261 2746 exeunt.
292 2686 350 2745 rite
365 2685 511 2761 originem
527 2686 574 2744 sui
596 2682 765 2744 nonhabet
787 2689 816 2743 et
837 2685 868 2744 in
892 2686 1104 2764 conparatione
1127 2685 1239 2754 deficit,
1265 2685 1332 2761 quia
1348 2685 1434 2744 ritius

148 2806 231 2848 nemo
245 2787 324 2848 dicit.
357 2807 446 2867 saepe
467 2787 602 2865 quamvis
623 2787 864 2867 conparationem
888 2793 986 2847 servet
1008 2787 1085 2864 (nam
1109 2786 1234 2849 dicimus
1257 2791 1347 2867 saepe
1370 2806 1434 2849 sae·

147 2892 208 2967 pius
230 2892 426 2971 saepissime),
451 2897 564 2957 nmen,
588 2890 657 2969 quia
679 2890 826 2968 originem
842 2908 877 2949 er
893 2890 1014 2950 nomine
1036 2908 1095 2950 uon
1118 2886 1222 2961 habet,
1245 2890 1313 2951 ideo
1337 2888 1434 2949 brevis

116 2999 198 3052 nost.
242 2990 404 3053 notandum
426 3011 497 3053 sane
519 2990 627 3052 horum
650 2992 858 3054 adverbiorum
880 2990 1013 3070 reguiam
1036 2991 1125 3053 talem
1149 3012 1223 3065 esse,
1246 3002 1279 3054 ut
1301 3011 1335 3054 ea
1359 3010 1434 3072 quae

149 3093 153 3171 i
181 3112 197 3153 a
225 3091 346 3154 diversis
373 3092 534 3172 generibus
560 3093 606 3155 vei
633 3113 650 3155 a
683 3096 803 3155 nominc
831 3096 966 3164 veniunt,
1001 3100 1034 3153 ut
1067 3096 1225 3156 auctoritas
1258 3095 1434 3155 elocutionis

149 3198 288 3266 exercuit,
311 3197 352 3257 ita
375 3203 405 3255 et
426 3194 565 3255 adverbia
588 3196 706 3258 iaciant.
751 3196 854 3275 regula
876 3194 1008 3257 adverbii
1038 3196 1155 3274 quaudo
1172 3196 1267 3293 debet
1287 3198 1318 3257 in
1341 3215 1357 3257 e
1379 3198 1432 3267 ire,

149 3296 261 3373 quando
280 3299 313 3358 in
335 3317 354 3359 o
377 3305 407 3357 et
429 3316 470 3357 or.
507 3298 669 3359 masculina
692 3301 791 3360 omnia
814 3300 949 3369 uomina,
973 3315 1047 3376 quae
1069 3299 1181 3360 tuerint
1203 3300 1322 3379 propria
1346 3306 1432 3358 etex

148 3419 177 3459 se
197 3399 309 3460 iaciunt
329 3400 487 3470 feminina,
510 3401 542 3461 in
565 3420 581 3460 e
601 3401 777 3481 productam
799 3403 920 3463 mittunt
935 3400 1087 3469 adverbia,
1112 3408 1145 3462 ut
1159 3398 1275 3461 Tullius
1289 3399 1433 3471 Tulliana,

118 3499 300 3563 oSaiiustius
322 3501 516 3571 Sallustiana,
540 3502 685 3582 Vergilius
707 3503 883 3583 Vargiiiane.
929 3522 1005 3584 quae
1027 3522 1097 3565 vero
1125 3502 1300 3584 appellativa
1322 3504 1434 3563 tuerint

55 3648 61 3657 .
151 3611 177 3663 et
197 3622 232 3663 ex
252 3623 283 3665 se
305 3603 503 3665 masculinum
526 3612 556 3665 et
577 3612 716 3667 oeutmm
739 3607 865 3675 iaciunt,
890 3607 1004 3685 etipsa
1026 3607 1057 3667 iu
1079 3624 1095 3667 e
1115 3602 1233 3687 exedunt
1247 3605 1431 3686 productam,

150 3713 178 3765 ot
199 3704 301 3767 doctus
328 3706 415 3767 docta
436 3708 570 3778 doctum,
599 3709 669 3769 iacit
691 3708 786 3770 docte.
832 3706 885 3767 sed
907 3710 962 3769 ista
986 3715 1184 3787 conparantur
1207 3726 1281 3788 quae
1303 3704 1433 3788 appella-

150 3809 202 3867 tira
224 3816 291 3869 sunt
311 3808 466 3880 adverbia,
489 3812 612 3890 propria
634 3811 792 3890 conparari
813 3828 873 3871 non
896 3816 1035 3889 possunt,
1065 3812 1141 3873 sicut
1164 3817 1192 3870 et
1214 3812 1335 3871 uomina
1356 3812 1430 3891 ipsa.

149 3909 196 3969 ilia
215 3928 283 3971 vero
305 3930 381 3991 quae
403 3930 421 3972 a
443 3914 593 3973 communi
614 3932 724 3992 genere
747 3914 868 3974 reuiuut
889 3910 934 3972 vei
957 3912 994 3973 ab
1017 3914 1098 3973 omni
1119 3931 1236 3993 semper
1258 3914 1288 3973 in
1311 3931 1344 3973 er
1366 3930 1431 3973 cor·

213 4150 421 4204 Codssenoxl
443 4149 545 4203 1*-a.
617 4150 717 4219 iesse]
740 4160 793 4202 eote
846 4148 1052 4219 iriciuduigens]
1073 4151 1115 4201 hic
1133 4152 1222 4218 legens
1284 4151 1429 4203 dutitiam

152 4220 232 4285 aspice
253 4230 279 4270 ut
305 4221 373 4271 falso
401 4229 445 4270 aut
469 4222 637 4287 incorreptum
660 4233 704 4273 aot
727 4222 752 4270 in
772 4223 810 4275 .i.
835 4231 862 4270 ut
883 4224 984 4287 uesperi
1008 4233 1051 4271 aut
1075 4223 1100 4271 in
1123 4238 1137 4271 o
1161 4224 1284 4288 producta
1308 4230 1351 4271 aut
1370 4223 1395 4270 in
1414 4238 1430 4270 u

152 4298 260 4340 utuocm
326 4294 388 4344 det
405 4292 431 4339 iu
451 4291 504 4357 arn]
524 4293 600 4341 etiam
671 4288 759 4358 rina]
780 4292 840 4340 iliae
911 4291 1058 4341 Bascauda
1074 4310 1129 4347 ‚re.
1146 4294 1217 4341 uisus
1236 4302 1260 4341 et
1279 4294 1361 4343 tritius

155 4359 382 4411 incommune
454 4363 485 4412 11
503 4359 624 4428 aerbone]
645 4364 723 4412 uerbo
739 4377 799 4414 .ae.
873 4364 905 4413 12
924 4362 1017 4412 tiuotur
1087 4362 1119 4413 13
1137 4360 1267 4429 huioiirio
1337 4362 1369 4413 14
1384 4363 1430 4411 aii-

153 4445 212 4490 qoae
225 4442 308 4481 contra
378 4430 411 4481 16
430 4447 494 4495 quae
512 4434 538 4481 iu
558 4447 574 4481 o
592 4433 619 4480 in
636 4447 647 4480 r
665 4434 773 4481 litteram
791 4441 971 4483 conuertuntur
1026 4431 1057 4483 17
1077 4440 1154 4483 totam
1214 4433 1246 4481 22
1265 4435 1344 4482 artius
1360 4448 1429 4484 corr.

153 4502 182 4549 ni.
199 4518 260 4551 narr.
277 4503 349 4552 ritino
419 4503 453 4552 25
472 4499 559 4569 tatem]
583 4510 667 4552 tamen
737 4504 770 4551 27
789 4498 895 4566 iaciant]
915 4502 1031 4552 iacienda
1101 4502 1194 4553 deueot
1263 4502 1339 4552 281ιι
1359 4512 1430 4553 oter

214 4572 247 4623 29
263 4572 349 4622 tuiiiue
419 4570 451 4622 31
471 4582 496 4621 et
514 4574 553 4626 .i.
572 4572 629 4638 ipso
647 4573 672 4620 in
697 4579 834 4622 censeam
852 4572 1003 4638 productum

216 4777 325 4845 3iiiuro]
349 4778 510 4845 Ver-prtem
529 4778 631 4830 111374
708 4777 800 4846 Brite]
826 4781 1010 4845 Vappeorp.
1031 4778 1116 4829 11135
1200 4780 1232 4829 14
1250 4778 1376 4833 carnaiis
1394 4807 1428 4819 -

158 4846 315 4900 inhumaniter
331 4853 440 4914 repetita
456 4856 514 4900 aunt
529 4850 599 4915 infra
615 4847 662 4912 23,
682 4852 699 4901 2
771 4852 803 4901 19
820 4848 925 4917 magne]
946 4850 980 4915 cs.
997 4850 1067 4915 infra
1085 4850 1128 4913 64,
1147 4848 1182 4901 28
