3525 5600
735 453 806 515 ΑΒΕ
1350 451 1410 518 531

128 639 184 704 bac
213 659 291 702 vero
317 645 387 702 arte
415 636 521 702 aliena
548 644 622 702 sunt
651 637 766 702 omnia.
811 660 915 726 neque
941 637 1010 703 ulla
1037 640 1107 704 cius
1136 639 1295 705 memoria
1322 649 1414 706 extat

128 749 254 828 praeter
276 739 405 806 codices
427 748 564 826 excepto
586 763 651 806 uno
667 739 896 827 Neapolitano,
912 763 1009 828 quem
1024 743 1059 805 in
1073 741 1284 807 adnotatione
1303 765 1335 829 p.
1351 744 1413 808 527

127 841 282 926 indicavi,
305 842 366 908 sub
389 841 484 906 finem
508 841 612 928 quinti
634 841 752 906 decimi
774 842 898 908 saeculi
920 844 1069 930 scriptos.
1106 845 1236 909 etiamsi
1257 845 1359 929 igitur
1380 853 1414 909 et

126 945 191 1031 ipsc
225 943 309 1010 libor
340 951 373 1009 et
405 965 525 1010 nomen
553 945 695 1008 auctoris
723 946 775 1008 cui
802 944 999 1010 adscribitur
1026 945 1192 1033 aliquanto
1219 947 1413 1032 antiquioris

127 1046 241 1111 aetatis
263 1045 361 1111 fidem
387 1045 523 1126 habeat,
553 1065 650 1132 quam
672 1044 876 1111 Palaemonis
899 1069 969 1129 ars,
998 1069 1081 1134 quae
1108 1071 1175 1112 una
1196 1070 1270 1113 cum
1291 1047 1348 1114 illo
1371 1048 1414 1114 ab

128 1147 215 1213 Italis
240 1157 273 1212 ct
294 1147 417 1234 scripta
439 1156 472 1211 et
493 1145 582 1212 edita
604 1156 669 1231 est,
695 1157 807 1213 tamen
834 1171 874 1214 no
901 1149 978 1214 huic
999 1150 1131 1236 quidam
1153 1148 1236 1216 libro
1259 1151 1414 1216 maiorem

127 1251 350 1315 auctoritatem
372 1248 492 1314 tribuo.
523 1260 589 1315 tam
613 1248 715 1314 multa
737 1251 823 1314 enim
845 1259 877 1315 et
899 1252 933 1314 in
956 1251 1198 1318 definitionibus
1222 1262 1255 1317 ot
1275 1253 1309 1317 in
1332 1251 1413 1317 divi-

129 1352 274 1418 sionibus
302 1353 445 1438 partium
472 1351 627 1416 orationis
657 1362 690 1418 ot
710 1351 745 1415 in
767 1352 876 1418 verbis
899 1352 1017 1440 quibus
1040 1364 1215 1441 praccepta
1236 1356 1318 1419 artis
1341 1353 1415 1418 effo-

127 1463 241 1518 runtur
267 1462 301 1518 ot
327 1454 362 1516 in
389 1475 507 1537 genere
535 1453 697 1518 tractandi
723 1477 743 1519 a
771 1477 860 1521 more
895 1457 1101 1542 antiquorum
1130 1457 1416 1540 grammaticorum

128 1555 338 1636 dissentiunt,
361 1565 399 1620 ut
420 1555 560 1620 recentis
583 1558 692 1641 potius
715 1579 813 1642 quam
840 1558 962 1624 veteris
989 1557 1156 1645 scriptoris
1185 1579 1316 1622 manum
1341 1579 1417 1644 pro-

128 1659 214 1723 dant.
260 1655 349 1744 quod
381 1679 576 1743 quamquam
608 1657 817 1723 manifestum
848 1681 922 1725 esse
953 1669 1034 1747 puto
1063 1663 1119 1736 uni
1152 1661 1283 1746 cuique,
1314 1659 1416 1744 siqms

128 1760 205 1824 haec
226 1780 300 1824 eum
321 1758 362 1824 iis
384 1781 469 1844 quae
491 1758 532 1822 de
554 1759 671 1824 iisdem
693 1760 790 1826 rebus
818 1783 837 1826 a
858 1762 1024 1827 veteribus
1052 1761 1275 1848 grammaticis
1296 1761 1418 1827 tradita

128 1873 202 1926 sunt
228 1881 407 1947 conparare
434 1860 599 1944 voluerit,
629 1872 739 1926 tamen
766 1885 831 1929 non
858 1862 948 1928 nulla
973 1886 1057 1952 quae
1084 1863 1148 1929 buc
1169 1863 1331 1951 pertinent
1352 1886 1417 1928 non

128 1965 289 2030 distinctis
311 1961 497 2047 generibus,
520 1963 579 2028 sad
602 1965 748 2033 ordinem
769 1964 845 2030 libri
868 1975 999 2030 occutus
1021 1966 1055 2030 in
1076 1987 1140 2031 uno
1163 1975 1339 2052 conspectu
1361 1987 1416 2051 po-

126 2090 217 2147 nam,
240 2089 273 2152 p.
298 2063 381 2130 1725
403 2071 466 2128 alia
489 2069 573 2130 uobis
595 2075 764 2146 porcaritia
791 2075 933 2141 namium
962 2068 1008 2134 ib.
1031 2073 1149 2150 syllaba
1175 2079 1220 2133 est
1246 2073 1417 2132 litterarum

127 2177 205 2232 irater
233 2189 264 2232 se
291 2173 459 2232 coeuntium
487 2188 551 2232 uua
578 2174 738 2242 tunctura,·
766 2178 797 2256 p.
822 2170 904 2235 1726
932 2170 1083 2256 exempla
1105 2169 1307 2255 syllabarum
1330 2170 1417 2254 posi·

127 2274 213 2336 tione
245 2267 415 2354 longarum
449 2271 625 2334 maximam
653 2281 780 2358 partem
807 2271 939 2336 diversa
965 2272 1007 2338 ab
1034 2271 1074 2336 iis
1102 2295 1183 2359 quos
1211 2271 1418 2356 grammatici

127 2394 245 2458 ponere
268 2381 506 2436 consueverunt
528 2371 639 2455 (certis
663 2374 749 2438 enim
770 2383 803 2438 et
824 2395 887 2438 usu
908 2374 1037 2439 traditis
1052 2372 1209 2461 exemplis
1231 2374 1266 2436 in
1281 2372 1342 2438 boc
1363 2396 1417 2457 go·

127 2497 202 2540 nore
223 2473 274 2538 uti
296 2470 428 2556 solent),
452 2496 517 2539 non
540 2473 629 2538 nullo
651 2495 727 2540 vero
751 2477 849 2541 etiam
869 2473 966 2562 plane
988 2498 1142 2565 perversa
1164 2484 1256 2560 sunt3
1278 2500 1311 2564 p.
1336 2475 1417 2540 1728

127 2581 286 2656 inquibus
314 2579 426 2639 duobus
450 2577 697 2654 frequentissime
725 2585 916 2658 comparatio
942 2591 971 2643 et
996 2585 1163 2660 superlatio
1184 2589 1355 2659 spectatum
1384 2601 1416 2665 p.

129 2679 210 2743 1729
236 2699 277 2743 ex
305 2681 361 2742 boc
388 2698 475 2742 sensu
502 2689 562 2751 est,·
591 2678 722 2744 ibana
750 2686 955 2760 appellatione
975 2702 1036 2760 per
1058 2702 1157 2746 omues
1178 2685 1325 2746 articulos
1345 2687 1417 2760 effe·

126 2793 252 2855 rantum
275 2804 307 2868 p.
333 2779 415 2845 1730
431 2785 545 2860 positio
565 2793 608 2846 ast
630 2802 690 2861 qua
712 2792 877 2863 spectatur,
900 2794 1000 2849 utriau
1022 2789 1244 2862 iuterroaatiaa
1266 2788 1327 2848 siut
1342 2804 1417 2863 pro

127 2890 248 2949 nomina
270 2918 311 2930 —
334 2893 387 2947 aut
406 2890 582 2963 responsiva
603 2922 646 2931 -
667 2896 721 2949 aut
741 2892 935 2965 seareaatiua
956 2924 998 2935 -
1020 2897 1074 2951 aut
1089 2892 1264 2967 priuatiua;
1285 2907 1318 2971 p.
1336 2887 1415 2950 1731

123 2994 245 3064 sicurae
266 2996 334 3050 suut
354 2998 482 3065 septem,
506 2991 649 3066 simplex,
675 2998 706 3051 ut
726 2993 809 3070 lepa,
833 2995 1071 3071 compositast
1092 2995 1210 3066 releao,
1234 2993 1416 3063 inchoativa,

127 3098 158 3151 ut
180 3092 314 3165 calesco,
335 3090 578 3167 frequentativa,
603 3100 635 3153 ut
656 3095 773 3167 lectito,
804 3094 1023 3169 desiderativa,
1047 3101 1081 3155 ut
1101 3095 1245 3167 dormito,
1270 3096 1417 3170 imperso-

127 3196 223 3269 nalis,
247 3198 279 3253 ut
297 3195 381 3268 pipat
403 3195 518 3269 taedet,
547 3200 576 3254 et
598 3196 724 3255 alterius
743 3194 883 3271 famae,
913 3203 946 3257 ut
966 3202 1079 3269 statur,
1105 3211 1287 3271 paraqoaa,
1311 3202 1343 3255 ut
1360 3194 1418 3268 fa-

126 3314 210 3356 cesso
230 3297 345 3355 lacesso
366 3312 508 3371 capesso;
535 3292 582 3357 ib.
604 3303 715 3371 quarta
744 3294 975 3378 (coniugatio),
1002 3314 1070 3359 maa
1098 3300 1159 3358 alio
1180 3298 1309 3373 qualibet
1329 3299 1418 3358 motio

126 3399 248 3459 uerbum
280 3400 423 3473 effertur,
458 3404 491 3457 ut
524 3399 615 3459 calisti
644 3402 818 3469 meministi,·
851 3418 883 3482 p.
909 3396 990 3460 1732
1018 3400 1165 3460 adverbia
1189 3404 1267 3473 fiunt
1297 3434 1331 3445 —
1365 3407 1419 3462 aut

126 3501 258 3574 electiva,
283 3506 315 3559 ut
331 3502 443 3575 potiris,
468 3506 521 3559 aut
542 3501 713 3575 discretive,
739 3511 770 3563 ut
791 3518 939 3575 seorsum,
964 3510 1018 3563 aut
1038 3504 1268 3578 concrepatiae,
1297 3509 1330 3565 ut
1355 3520 1418 3565 uua

121 3604 245 3678 pariter
265 3602 369 3677 simul,
392 3612 445 3661 aut
467 3604 661 3681 declinatiue,
689 3610 722 3664 ut
738 3601 899 3676 sanctitum
922 3600 966 3665 ib.
991 3608 1122 3680 qualitas
1143 3615 1171 3665 et
1192 3607 1344 3680 quantitas
1367 3622 1418 3665 ac-

93 3780 100 3791 ·
126 3705 234 3763 eiciunt
256 3704 408 3778 cavalio,
432 3720 499 3765 cum
521 3714 575 3765 aut
597 3706 734 3766 absolata
748 3713 818 3767 suut
837 3708 998 3781 adaucta,
1022 3713 1055 3767 ut
1076 3707 1149 3767 bene
1170 3709 1241 3780 ulte,
1266 3715 1319 3767 aut
1339 3723 1417 3768 cam-

122 3806 279 3881 parativa,
304 3812 336 3865 ut
357 3807 461 3867 melius
483 3809 588 3879 altius,
614 3814 668 3868 aut
688 3811 890 3885 superlativa,
914 3816 948 3869 ut
968 3811 1077 3885 optime
1099 3810 1257 3878 altissime,·
1279 3826 1311 3890 p.
1336 3805 1418 3870 1733

127 3911 171 3967 ais
193 3913 252 3980 est,
275 3923 341 3966 eum
363 3916 417 3968 aut
438 3910 655 3985 complectendi
673 3918 742 3971 sunt
763 3914 988 3972 coniunctiones
1006 3944 1040 3953 —
1058 3918 1113 3971 aut
1133 3912 1291 3987 repetendi
1303 3944 1346 3956 -
1365 3920 1421 3972 aut

126 4013 250 4069 vincuat
270 4041 314 4055 -
335 4016 389 4071 aut
409 4015 596 4073 consentiunt
619 4046 659 4055 -
681 4019 734 4073 aut
760 4015 946 4074 conuexiaae
966 4021 1037 4073 suut
1057 4016 1282 4074 coniunctiones
1307 4048 1342 4057 -
1366 4021 1421 4075 aut

125 4114 364 4187 saumaricum
392 4130 424 4195 p.
450 4110 532 4173 1734
559 4108 598 4174 de
627 4110 924 4197 praepositionibus
952 4118 1125 4176 accusativo
1151 4124 1251 4176 autem
1278 4118 1419 4177 adsuesce

122 4215 302 4289 plerumque
331 4216 540 4277 adverbiorum
569 4219 626 4276 aim
655 4216 780 4285 aalma
807 4234 839 4298 p.
865 4213 946 4277 1736
974 4219 1140 4278 interiectio
1162 4223 1205 4278 est
1225 4248 1267 4260 —
1290 4226 1343 4279 aut
1365 4235 1419 4279 re-

122 4315 276 4388 sectionis,
301 4323 334 4376 ut
355 4334 443 4379 evae.
488 4314 523 4377 in
550 4314 611 4378 hoc
638 4314 738 4398 igitur
764 4314 807 4379 ab
836 4314 1075 4400 antiquioribus
1102 4314 1324 4400 grammaticis
1353 4314 1418 4379 dis-

127 4436 231 4478 sensu
252 4434 318 4478 non
340 4416 437 4480 debet
458 4437 610 4501 magnam
631 4417 700 4482 vim
721 4415 842 4481 habere
864 4414 954 4501 quod
975 4418 1136 4503 quaedam
1158 4440 1247 4501 sano,
1271 4440 1354 4504 quac
1376 4417 1417 4481 ab

126 4514 313 4600 antiquiore
338 4519 494 4583 memoria
522 4518 649 4604 possint
674 4526 853 4605 propagata
879 4518 1002 4604 videri,
1029 4521 1064 4583 in
1090 4518 1152 4585 hoc
1183 4519 1266 4586 libro
1296 4521 1418 4606 scripta

126 4626 218 4680 sunt.
246 4640 321 4683 nam
343 4618 423 4683 nihil
447 4642 487 4685 ex
514 4620 575 4685 hoc
596 4643 715 4705 genere
737 4630 799 4701 est,
822 4620 909 4707 qnod
932 4644 999 4686 non
1015 4620 1057 4686 ab
1073 4620 1146 4686 aliis
1162 4642 1289 4709 quoquc
1311 4643 1417 4705 gram·

125 4719 270 4801 maticis,
292 4721 327 4785 in
349 4722 462 4809 primis
478 4722 584 4787 Mario
606 4732 640 4787 et
654 4722 798 4787 Maximo
814 4722 1001 4806 Victorino,
1024 4746 1104 4809 quos
1127 4724 1266 4811 scriptor
1287 4733 1417 4788 secutus

125 4843 202 4885 osse
231 4823 374 4907 videtur,
402 4824 555 4889 traditum
584 4825 636 4890 sit.
683 4846 760 4910 ergo
790 4826 818 4889 si
845 4846 959 4891 verum
987 4834 1053 4907 est,
1080 4825 1169 4912 qnod
1196 4825 1326 4912 quidem
1352 4848 1417 4891 uno

124 4921 337 5009 Neapolitani
364 4926 482 4991 codicis
509 4928 693 4993 testimonio
722 4935 864 5010 constat,
892 4928 959 4993 iam
985 4926 1156 4994 undecimo
1185 4927 1314 4994 saeculo
1342 4930 1418 4997 huic
