3525 5600
612 348 662 411 DE
685 349 832 412 NOMINE
857 354 990 410 11-22
1380 352 1443 418 559

1251 472 1273 512 p.
1287 463 1376 502 rar-ss
1390 462 1416 501 v.

236 536 341 598 01111113
371 555 403 596 01
431 540 606 606 terminata,
635 557 702 598 oum
732 539 839 599 amissa
861 557 877 598 e
901 539 965 598 sine
988 541 1173 599 incremento
1195 544 1357 617 genitivum
1380 545 1440 603 sin·

152 637 285 716 gularenr
320 659 373 718 per
405 641 446 700 ris
482 639 622 719 syllabam
655 641 824 721 proterant,
854 643 883 701 in
913 641 989 702 hanc
1016 649 1195 703 commutata
1224 644 1304 704 finali
1332 643 1441 722 syllaba

151 760 239 801 rasus
261 743 449 812 nominativi,
473 741 632 804 ablativum
649 741 827 820 singularem
843 742 932 803 modo
953 761 970 802 e
992 743 1098 804 tinient
1119 763 1211 824 eaque
1235 748 1266 806 in
1290 765 1338 806 um
1362 765 1441 806 eonv-

152 849 265 904 mutata
288 845 398 904 lactent
420 846 583 922 genitivum
605 842 765 924 pluralem,
795 850 827 904 111
849 844 899 904 hic
920 851 1006 924 pater
1027 844 1116 905 huius
1138 848 1232 925 patris
1254 847 1290 907 ab
1313 847 1369 907 boc
1390 868 1442 928 pa·

124 957 196 1006 alre
227 945 334 1006 borum
362 953 496 1026 patrum,
525 945 598 1006 haee
627 955 721 1008 mater
748 946 838 1006 huius
865 948 971 1006 matris
998 946 1036 1006 ab
1059 947 1113 1007 bac
1135 955 1230 1008 matre
1252 948 1357 1009 barum
1380 969 1440 1012 ma-

151 1056 245 1108 trum:
276 1047 362 1107 modo
392 1050 416 1117 i,
446 1056 475 1108 et
503 1047 657 1127 adsumpta
687 1067 736 1108 um
764 1046 876 1128 syllaba
899 1048 1010 1109 sacient
1031 1051 1193 1126 genitivum
1220 1051 1380 1129 pluralem,
1409 1061 1442 1112 ut

149 1151 198 1210 bic
228 1149 326 1210 imber
353 1151 441 1211 buius
469 1149 576 1211 imbris
603 1149 640 1211 ab
668 1150 724 1211 hoc
753 1149 842 1211 imbri
871 1150 978 1210 horum
1005 1150 1161 1221 imbrium,
1191 1152 1241 1212 hio
1264 1163 1331 1213 uter
1352 1153 1441 1216 huius

148 1255 228 1312 utris
256 1251 293 1313 ab
322 1253 377 1312 boe
406 1253 465 1312 utri
493 1251 599 1313 borum
628 1255 750 1314 utrium.
795 1271 863 1312 oum
886 1270 955 1311 vero
977 1272 1010 1312 er
1032 1261 1170 1315 manente
1192 1255 1274 1315 finali
1296 1257 1440 1316 is'adsci·

149 1357 249 1415 verint
270 1353 429 1433 syllabam,
459 1353 620 1417 ablativum
649 1352 832 1432 singularem
859 1371 875 1413 e
905 1354 1108 1415 terminabunt
1129 1374 1222 1436 eaque
1245 1358 1276 1417 in
1299 1375 1441 1418 111113011-

114 1478 135 1516 11
150 1475 236 1516 versa
266 1457 377 1518 lanient
406 1453 578 1538 gelnitivum
606 1456 768 1535 pluralem,
798 1462 829 1515 ut
856 1473 960 1534 passer
981 1459 1113 1536 passeris
1133 1475 1255 1537 passere
1277 1477 1440 1538 passerum,

148 1577 241 1618 anser
264 1561 380 1619 anseris
403 1577 508 1619 ansere
532 1577 685 1628 ansermn,
709 1575 823 1638 pauper
845 1560 988 1637 pauperis
1009 1576 1140 1638 paupere
1162 1578 1337 1639 pauperum,
1360 1560 1442 1622 celer

147 1661 258 1721 celeris
280 1661 379 1722 celere
402 1661 548 1730 celerum;
576 1662 620 1721 sic
643 1667 674 1720 et
700 1659 775 1720 uber
799 1647 942 1740 [οὖθαρ]
965 1658 1054 1720 tuber
1078 1654 1214 1741 [ὕδνον]
1239 1661 1325 1740 giber
1347 1658 1441 1743 [κύρ-

147 1761 257 1844 τωμα]
283 1771 312 1824 et
328 1782 396 1823 acer
413 1758 673 1843 [σφὲνὸαμνος],
697 1763 814 1842 quando
830 1760 968 1823 arborem
988 1764 1149 1841 significat,
1174 1764 1244 1824 licet
1265 1764 1441 1843 quibusdam

147 1865 222 1926 baec
251 1883 356 1926 acerns
384 1867 565 1926 nominativo
592 1864 651 1925 dici
675 1863 785 1924 debere
808 1864 939 1944 placeat;
968 1866 1012 1924 sic
1034 1872 1064 1923 et
1085 1867 1172 1944 piper
1194 1867 1274 1925 cicer
1299 1862 1440 1946 [doeder-

112 1987 134 2026 rs
146 1966 225 2048 θος]
252 1967 354 2028 aether
375 1968 450 2028 siser
472 1985 533 2037 aer,
557 1973 588 2026 et
610 1968 694 2046 siqua
718 1965 836 2028 similia.
880 1968 978 2027 omnia
1002 1969 1091 2028 etiam
1113 1985 1189 2045 quae
1213 1969 1442 2030 cacuminibus

147 2070 283 2130 derivata
311 2076 356 2128 ter
385 2069 496 2149 syllaba
525 2070 722 2154 terminantur
750 2077 780 2128 et
808 2069 951 2129 leminina
978 2087 1015 2128 ex
1044 2087 1076 2128 se
1104 2069 1219 2130 iaciunt
1246 2071 1300 2130 tris
1329 2070 1441 2150 syllaba

148 2174 322 2241 terminata,
347 2177 379 2230 ut
402 2171 449 2231 bie
472 2177 611 2250 equester
633 2171 707 2230 haec
723 2172 883 2251 equestris,
908 2179 1074 2249 campester
1094 2174 1285 2250 campestris,
1311 2172 1441 2251 paluster

145 2275 306 2352 palustris,
331 2272 458 2333 ablativo
481 2291 552 2332 casu
579 2273 723 2351 singulari
746 2275 756 2333 i
784 2273 927 2333 liniuntur
950 2280 981 2332 et
1003 2271 1100 2332 addita
1124 2291 1173 2332 um
1196 2272 1306 2352 syllaba
1329 2276 1442 2336 iaciunt

145 2377 312 2452 genitivum
341 2375 497 2454 pluralem,
528 2374 565 2435 ab
598 2376 666 2444 boc¹
681 2377 813 2453 equestri
841 2374 947 2434 horum
969 2376 1164 2452 equestrium.
1200 2393 1269 2434 acor
1291 2384 1320 2436 et
1343 2375 1441 2439 alacer

110 2469 182 2558 told
206 2471 396 2556 πρόθυμος]
422 2475 548 2538 ablativo
571 2476 808 2554 casu'siogulari
831 2478 840 2535 1
864 2477 1007 2536 finiuntur
1023 2482 1053 2536 et
1075 2475 1172 2537 addita
1188 2495 1237 2536 um
1259 2478 1369 2537 facient
1390 2495 1440 2556 ge·

146 2582 275 2640 nitivum
298 2578 459 2658 pluralem,
489 2578 526 2638 ab
549 2579 604 2638 hoo
627 2581 689 2638 aeri
712 2578 817 2638 horum
841 2579 969 2648 aerium,
997 2577 1034 2638 ab
1062 2577 1118 2637 hoc
1141 2578 1230 2638 alacri
1252 2578 1357 2640 borum
1380 2580 1440 2641 ala·

147 2683 261 2750 crium,
286 2681 358 2741 licet
379 2680 426 2738 hio
450 2678 556 2740 alacris
580 2680 690 2740 lectum
714 2681 768 2740 sit:
791 2678 940 2757 Vergilius

1008 2793 1045 2842 ut
1068 2781 1169 2842 videt

302 2886 464 2955 bernean,
491 2885 630 2947 alacris
653 2884 793 2964 palmas
816 2892 994 2963 utrasque
1016 2884 1191 2945 tetendit.

111 2988 201 3049 assed
224 2988 333 3048 melius
356 2994 415 3056 est,
440 2990 530 3048 immo
553 2988 679 3055 rectius,
703 2986 752 3047 bic
775 2987 873 3048 alacer
896 2985 1020 3046 ethaeo
1042 2985 1163 3055 alacris,
1195 2994 1229 3046 111
1249 2986 1299 3046 hie
1321 3005 1390 3047 acer
1411 2997 1443 3049 et

147 3092 223 3151 baec
247 3092 335 3149 acris.
381 3089 449 3149 inde
473 3090 553 3149 enim
576 3090 665 3149 etiarn
688 3097 793 3149 neutra
815 3087 871 3148 hoe
895 3107 964 3148 acre
986 3094 1017 3147 et
1037 3087 1094 3147 boc
1116 3088 1227 3156 alacre,
1257 3090 1335 3149 sicut
1362 3108 1440 3150 cam·

147 3199 252 3273 paster
275 3192 451 3271 campestris
474 3198 655 3269 campestre,
680 3196 819 3271 equester
834 3191 984 3269 equestris
1001 3196 1152 3268 equestre.
1181 3196 1338 3269 praeterea
1353 3192 1440 3252 etiam

147 3294 326 3374 superlativi
348 3292 458 3370 gradus
480 3293 584 3370 regula
606 3292 685 3352 hunc
707 3294 800 3369 exigit
822 3293 1051 3361 nominativum,
1080 3293 1132 3371 qui
1155 3290 1299 3351 detractis
1316 3292 1442 3371 syllabis

148 3396 263 3457 ultimis
291 3394 404 3455 duabus
432 3394 467 3455 ad
496 3396 654 3474 positivum
684 3394 776 3463 redit,
806 3401 838 3453 ut
860 3394 1025 3453 acerrimus
1048 3410 1131 3461 acer,
1160 3394 1237 3451 siout
1260 3396 1442 3473 asperrimus

112 3514 254 3577 aoasper,
278 3498 460 3573 nigerrimus
482 3498 583 3573 niger,
612 3497 822 3575 pauperrimus
843 3514 967 3576 pauper.
1012 3494 1158 3573 luppiter,
1183 3512 1250 3554 cum
1273 3497 1313 3555 sit
1334 3489 1442 3573 ἑτερό·

147 3600 282 3667 κλιτον,
312 3597 432 3676 regulae
467 3600 588 3658 minime
616 3597 795 3665 subicietur,
824 3598 958 3677 luppiter
985 3596 1062 3656 lovis
1095 3596 1153 3655 lovi
1188 3596 1286 3655 lovem
1314 3594 1351 3656 ab
1385 3596 1442 3657 hoc

146 3702 227 3763 love.
260 3702 356 3761 omnia
379 3718 413 3759 or
436 3702 593 3761 terminata
610 3698 737 3760 ablativo
759 3699 904 3776 singulari
927 3720 943 3758 e
966 3699 1108 3759 finiuntur
1130 3716 1222 3777 eaque
1246 3699 1276 3756 111
1300 3715 1348 3757 11111
1371 3715 1441 3758 con·

147 3804 361 3864 versataeient
380 3804 544 3879 genitivum
560 3802 720 3882 pluralem,
739 3808 859 3880 praetor
875 3808 1014 3880 praetore
1034 3808 1220 3878 praetorum,
1244 3805 1326 3859 actor
1341 3806 1441 3859 actore

148 3914 295 3974 actorum,
309 3904 415 3965 Nestor
429 3904 553 3965 Nestore
568 3904 734 3984 Nestorum,
747 3902 837 3965 arbor
850 3902 957 3963 arbore
973 3901 1123 3971 arborum,
1141 3920 1193 3962 cor
1208 3900 1296 3961 corde
1308 3899 1440 3969 cordum,

112 4022 280 4069 amarmor
304 4024 449 4067 marmore
472 4024 668 4075 marmorum,
692 4024 804 4085 aequor
826 4023 954 4083 aequore
977 4022 1149 4083 aequorum.
1186 4001 1260 4063 nihil
1282 4004 1441 4081 excipitur.

148 4110 249 4171 omnia
271 4111 361 4191 etlam
385 4127 421 4169 ur
442 4110 599 4169 terminata
623 4108 719 4169 eidem
739 4108 859 4185 regulae
875 4109 1023 4175 serviunt,
1048 4114 1080 4165 ut
1101 4113 1199 4165 11111111
1215 4112 1330 4165 turture
1344 4111 1442 4164 turtu-

148 4230 231 4280 rum,
249 4228 343 4288 augur
359 4228 470 4288 augure
486 4228 640 4287 augurum,
656 4211 705 4270 lur
719 4212 785 4270 l'ure
801 4212 910 4279 lurum,
930 4226 1065 4268 murmur
1079 4226 1232 4268 murmure
1245 4223 1440 4266 murmurum.

235 4312 342 4374 01111113
365 4333 396 4373 as
420 4316 577 4373 terminata
601 4310 727 4373 ablativo
750 4331 819 4371 casu
849 4311 993 4387 singulari
1017 4330 1033 4369 e
1055 4312 1200 4370 finiuntur
1222 4325 1315 4386 eaque
1337 4309 1369 4366 111
1391 4325 1442 4366 11111

150 4434 293 4476 conversa
323 4416 436 4477 l'acinnt
463 4416 626 4492 genitivum
654 4413 815 4494 pluralem,
840 4432 893 4473 seu
916 4430 1021 4490 graeca
1043 4413 1155 4471 luerint
1177 4405 1365 4484 seu-labina,
1389 4426 1442 4467 seu

114 4518 315 4579 romasculina
344 4536 395 4577 seu
423 4519 582 4586 feminina,
612 4524 646 4575 ut
673 4514 770 4576 Thoas
798 4514 931 4575 Thoante
966 4513 1147 4580 Thoantum,
1181 4512 1285 4572 dorcas
1314 4509 1441 4571 dorcade

151 4619 328 4687 dorcadum,
353 4637 423 4679 anas
448 4610 482 4697 [ἡ
499 4614 621 4697 arione]
639 4624 725 4677 anate
741 4626 873 4685 anatum,
891 4636 954 4677 mas
968 4634 1050 4676 mare
1066 4633 1197 4687 marum,
1220 4631 1252 4674 as
1277 4605 1311 4691 [ἡ
1329 4608 1458 4691 ttvpay.
1531 4647 1535 4655 ι

90 2549 104 2588 b

222 4774 255 4823 14
274 4786 413 4822 erraveras
432 4772 456 4821 B
527 4771 559 4821 lb
578 4772 642 4820 siser
659 4778 808 4835 expunctum
826 4778 863 4819 eat
880 4770 905 4819 in
924 4768 949 4817 B
1021 4764 1098 4819 ’23111
1122 4764 1201 4832 videt]
1227 4766 1306 4829 Vera.
1322 4764 1388 4816 Aen.
1408 4763 1442 4811 Vl

152 4841 201 4893 1181
273 4834 466 4911 41ἡνήσσα]
486 4854 584 4891 uvncca
604 4840 628 4889 B
