<?xml version="1.0" encoding="UTF-8"?>
<!DOCTYPE html PUBLIC "-//W3C//DTD XHTML 1.0 Transitional//EN"
    "http://www.w3.org/TR/xhtml1/DTD/xhtml1-transitional.dtd">
<html xmlns="http://www.w3.org/1999/xhtml" xml:lang="en" lang="en">
 <head>
  <title>
</title>
<meta http-equiv="Content-Type" content="text/html;charset=utf-8" />
  <meta name='ocr-system' content='tesseract 3.04.00' />
  <meta name='ocr-capabilities' content='ocr_page ocr_carea ocr_par ocr_line ocrx_word'/>
</head>
<body>
  <div class='ocr_page' id='page_1' title='image "./grammaticilatin03hagagoog_0429.png"; bbox 0 0 3525 5600; ppageno 0'>
   <div class='ocr_carea' id='block_1_1' title="bbox 665 377 1442 444">
    <p class='ocr_par' dir='ltr' id='par_1_1' title="bbox 665 377 1442 444">
     <span class='ocr_line' id='line_1_1' title="bbox 665 377 1442 444; baseline -0.003 -1"><span class='ocrx_word' id='word_1_1' title='bbox 665 383 736 444; x_wconf 78' lang='lat' dir='ltr'><strong>nus</strong></span> <span class='ocrx_word' id='word_1_2' title='bbox 766 381 928 444; x_wconf 79' lang='lat' dir='ltr'><strong>tle—13</strong></span> <span class='ocrx_word' id='word_1_3' title='bbox 1380 377 1442 441; x_wconf 77' lang='lat'><strong>417</strong></span> 
     </span>
    </p>
   </div>
   <div class='ocr_carea' id='block_1_2' title="bbox 190 487 1443 655">
    <p class='ocr_par' dir='ltr' id='par_1_2' title="bbox 190 487 1443 655">
     <span class='ocr_line' id='line_1_2' title="bbox 190 487 1418 551; baseline -0.007 -15"><span class='ocrx_word' id='word_1_4' title='bbox 190 493 354 551; x_wconf 67' lang='lat' dir='ltr'><strong>praes-sar.</strong></span> <span class='ocrx_word' id='word_1_5' title='bbox 1263 487 1418 542; x_wconf 61' lang='lat' dir='ltr'><strong>osacen.</strong></span> 
     </span>
     <span class='ocr_line' id='line_1_3' title="bbox 243 566 1443 655; baseline -0.005 -19"><span class='ocrx_word' id='word_1_6' title='bbox 243 577 279 636; x_wconf 86' lang='lat' dir='ltr'><strong>Es</strong></span> <span class='ocrx_word' id='word_1_7' title='bbox 307 573 418 655; x_wconf 77' lang='lat' dir='ltr'>syllaba</span> <span class='ocrx_word' id='word_1_8' title='bbox 446 581 585 654; x_wconf 90' lang='lat' dir='ltr'><strong>quattuor</strong></span> <span class='ocrx_word' id='word_1_9' title='bbox 619 573 714 632; x_wconf 92' lang='lat' dir='ltr'><strong>modis</strong></span> <span class='ocrx_word' id='word_1_10' title='bbox 743 572 863 630; x_wconf 90' lang='lat' dir='ltr'><strong>nomina</strong></span> <span class='ocrx_word' id='word_1_11' title='bbox 897 566 1108 639; x_wconf 69' lang='lat' dir='ltr'><strong>terminantnr&#39;,</strong></span> <span class='ocrx_word' id='word_1_12' title='bbox 1142 571 1174 628; x_wconf 94' lang='lat' dir='ltr'><strong>in</strong></span> <span class='ocrx_word' id='word_1_13' title='bbox 1204 587 1237 628; x_wconf 92' lang='lat' dir='ltr'><strong>es</strong></span> <span class='ocrx_word' id='word_1_14' title='bbox 1270 568 1443 647; x_wconf 89' lang='lat' dir='ltr'><strong>productam</strong></span> 
     </span>
    </p>
   </div>
   <div class='ocr_carea' id='block_1_3' title="bbox 135 671 1446 3922">
    <p class='ocr_par' dir='ltr' id='par_1_3' title="bbox 135 671 1446 3922">
     <span class='ocr_line' id='line_1_4' title="bbox 167 671 1443 760; baseline -0.008 -20"><span class='ocrx_word' id='word_1_15' title='bbox 167 680 324 760; x_wconf 90' lang='lat' dir='ltr'><strong>praeposita</strong></span> <span class='ocrx_word' id='word_1_16' title='bbox 348 682 542 744; x_wconf 82' lang='lat' dir='ltr'>consonante,</span> <span class='ocrx_word' id='word_1_17' title='bbox 574 677 604 734; x_wconf 93' lang='lat' dir='ltr'><strong>in</strong></span> <span class='ocrx_word' id='word_1_18' title='bbox 628 693 660 734; x_wconf 90' lang='lat' dir='ltr'><strong>es</strong></span> <span class='ocrx_word' id='word_1_19' title='bbox 683 681 850 752; x_wconf 79' lang='lat' dir='ltr'><strong>correptam</strong></span> <span class='ocrx_word' id='word_1_20' title='bbox 872 673 1012 733; x_wconf 86' lang='lat' dir='ltr'><strong>similiter</strong></span> <span class='ocrx_word' id='word_1_21' title='bbox 1033 679 1196 750; x_wconf 89' lang='lat' dir='ltr'><strong>praeeunte</strong></span> <span class='ocrx_word' id='word_1_22' title='bbox 1218 671 1351 750; x_wconf 90' lang='lat' dir='ltr'><strong>qualibet</strong></span> <span class='ocrx_word' id='word_1_23' title='bbox 1373 691 1443 731; x_wconf 90' lang='lat' dir='ltr'><strong>con·</strong></span> 
     </span>
     <span class='ocr_line' id='line_1_5' title="bbox 167 773 1443 857; baseline -0.006 -15"><span class='ocrx_word' id='word_1_24' title='bbox 167 789 293 848; x_wconf 90' lang='lat' dir='ltr'><strong>sonante,</strong></span> <span class='ocrx_word' id='word_1_25' title='bbox 323 781 353 838; x_wconf 93' lang='lat' dir='ltr'><strong>in</strong></span> <span class='ocrx_word' id='word_1_26' title='bbox 383 797 414 838; x_wconf 92' lang='lat' dir='ltr'><strong>es</strong></span> <span class='ocrx_word' id='word_1_27' title='bbox 442 797 545 857; x_wconf 89' lang='lat' dir='ltr'><strong>puram</strong></span> <span class='ocrx_word' id='word_1_28' title='bbox 575 777 748 855; x_wconf 90' lang='lat' dir='ltr'><strong>productam</strong></span> <span class='ocrx_word' id='word_1_29' title='bbox 770 778 779 835; x_wconf 96' lang='lat' dir='ltr'><strong>i</strong></span> <span class='ocrx_word' id='word_1_30' title='bbox 803 775 896 834; x_wconf 88' lang='lat' dir='ltr'><strong>vocali</strong></span> <span class='ocrx_word' id='word_1_31' title='bbox 924 777 1109 854; x_wconf 88' lang='lat' dir='ltr'><strong>praeposita,</strong></span> <span class='ocrx_word' id='word_1_32' title='bbox 1138 775 1169 834; x_wconf 93' lang='lat' dir='ltr'><strong>in</strong></span> <span class='ocrx_word' id='word_1_33' title='bbox 1192 773 1316 834; x_wconf 87' lang='lat' dir='ltr'><strong>eandem</strong></span> <span class='ocrx_word' id='word_1_34' title='bbox 1338 793 1443 854; x_wconf 82' lang='lat' dir='ltr'><strong>puram</strong></span> 
     </span>
     <span class='ocr_line' id='line_1_6' title="bbox 167 876 1442 962; baseline -0.006 -18"><span class='ocrx_word' id='word_1_35' title='bbox 167 889 334 962; x_wconf 76' lang='lat' dir='ltr'><strong>correptam.</strong></span> <span class='ocrx_word' id='word_1_36' title='bbox 376 883 496 940; x_wconf 91' lang='lat' dir='ltr'><strong>nomina</strong></span> <span class='ocrx_word' id='word_1_37' title='bbox 526 881 618 956; x_wconf 88' lang='lat' dir='ltr'><strong>igitur</strong></span> <span class='ocrx_word' id='word_1_38' title='bbox 650 897 726 958; x_wconf 92' lang='lat' dir='ltr'><strong>quac</strong></span> <span class='ocrx_word' id='word_1_39' title='bbox 759 879 790 937; x_wconf 95' lang='lat' dir='ltr'><strong>in</strong></span> <span class='ocrx_word' id='word_1_40' title='bbox 829 895 860 936; x_wconf 91' lang='lat' dir='ltr'><strong>es</strong></span> <span class='ocrx_word' id='word_1_41' title='bbox 888 877 1061 956; x_wconf 87' lang='lat' dir='ltr'><strong>productam</strong></span> <span class='ocrx_word' id='word_1_42' title='bbox 1090 876 1230 937; x_wconf 90' lang='lat' dir='ltr'><strong>desinunt</strong></span> <span class='ocrx_word' id='word_1_43' title='bbox 1263 885 1442 936; x_wconf 84' lang='lat' dir='ltr'>consonante</span> 
     </span>
     <span class='ocr_line' id='line_1_7' title="bbox 135 974 1444 1066; baseline -0.007 -19"><span class='ocrx_word' id='word_1_44' title='bbox 135 1011 146 1048; x_wconf 80' lang='lat' dir='ltr'><strong>s</strong></span> <span class='ocrx_word' id='word_1_45' title='bbox 167 986 323 1066; x_wconf 89' lang='lat' dir='ltr'><strong>praeposita</strong></span> <span class='ocrx_word' id='word_1_46' title='bbox 346 984 464 1060; x_wconf 94' lang='lat' dir='ltr'><strong>generis</strong></span> <span class='ocrx_word' id='word_1_47' title='bbox 491 988 561 1042; x_wconf 92' lang='lat' dir='ltr'><strong>sunt</strong></span> <span class='ocrx_word' id='word_1_48' title='bbox 586 981 723 1040; x_wconf 87' lang='lat' dir='ltr'><strong>seminini</strong></span> <span class='ocrx_word' id='word_1_49' title='bbox 745 981 851 1039; x_wconf 75' lang='lat' dir='ltr'><strong>tertiae</strong></span> <span class='ocrx_word' id='word_1_50' title='bbox 875 974 1101 1060; x_wconf 77' lang='lat' dir='ltr'><strong>declinalltionis</strong></span> <span class='ocrx_word' id='word_1_51' title='bbox 1123 985 1154 1038; x_wconf 91' lang='lat' dir='ltr'><strong>et</strong></span> <span class='ocrx_word' id='word_1_52' title='bbox 1175 979 1300 1039; x_wconf 90' lang='lat' dir='ltr'><strong>totidem</strong></span> <span class='ocrx_word' id='word_1_53' title='bbox 1321 978 1444 1057; x_wconf 79' lang='lat' dir='ltr'>syllabis</span> 
     </span>
     <span class='ocr_line' id='line_1_8' title="bbox 165 1080 1442 1164; baseline -0.007 -15"><span class='ocrx_word' id='word_1_54' title='bbox 165 1093 192 1150; x_wconf 92' lang='lat' dir='ltr'><strong>in</strong></span> <span class='ocrx_word' id='word_1_55' title='bbox 218 1088 345 1164; x_wconf 84' lang='lat' dir='ltr'><strong>genitivo</strong></span> <span class='ocrx_word' id='word_1_56' title='bbox 373 1092 404 1145; x_wconf 92' lang='lat' dir='ltr'><strong>et</strong></span> <span class='ocrx_word' id='word_1_57' title='bbox 430 1086 539 1144; x_wconf 87' lang='lat' dir='ltr'><strong>ceteris</strong></span> <span class='ocrx_word' id='word_1_58' title='bbox 567 1081 684 1143; x_wconf 77' lang='lat' dir='ltr'><strong>ensibus</strong></span> <span class='ocrx_word' id='word_1_59' title='bbox 712 1089 784 1160; x_wconf 91' lang='lat' dir='ltr'><strong>quot</strong></span> <span class='ocrx_word' id='word_1_60' title='bbox 810 1083 840 1141; x_wconf 93' lang='lat' dir='ltr'><strong>in</strong></span> <span class='ocrx_word' id='word_1_61' title='bbox 870 1084 1050 1142; x_wconf 80' lang='lat' dir='ltr'><strong>nominativo</strong></span> <span class='ocrx_word' id='word_1_62' title='bbox 1077 1083 1284 1161; x_wconf 82' lang='lat' dir='ltr'><strong>proteruntur,</strong></span> <span class='ocrx_word' id='word_1_63' title='bbox 1315 1089 1347 1140; x_wconf 90' lang='lat' dir='ltr'><strong>ut</strong></span> <span class='ocrx_word' id='word_1_64' title='bbox 1369 1080 1442 1141; x_wconf 86' lang='lat' dir='ltr'><strong>haec</strong></span> 
     </span>
     <span class='ocr_line' id='line_1_9' title="bbox 166 1183 1440 1262; baseline -0.005 -12"><span class='ocrx_word' id='word_1_65' title='bbox 166 1189 250 1250; x_wconf 91' lang='lat' dir='ltr'><strong>nubes</strong></span> <span class='ocrx_word' id='word_1_66' title='bbox 273 1187 377 1256; x_wconf 76' lang='lat' dir='ltr'><strong>nubiS,</strong></span> <span class='ocrx_word' id='word_1_67' title='bbox 408 1186 514 1246; x_wconf 86' lang='lat' dir='ltr'><strong>caedes</strong></span> <span class='ocrx_word' id='word_1_68' title='bbox 541 1183 656 1254; x_wconf 63' lang='lat' dir='ltr'><strong>calidis,</strong></span> <span class='ocrx_word' id='word_1_69' title='bbox 687 1183 785 1262; x_wconf 83' lang='lat' dir='ltr'><strong>proles</strong></span> <span class='ocrx_word' id='word_1_70' title='bbox 807 1183 914 1262; x_wconf 90' lang='lat' dir='ltr'><strong>prolis,</strong></span> <span class='ocrx_word' id='word_1_71' title='bbox 944 1185 1036 1244; x_wconf 89' lang='lat' dir='ltr'><strong>moles</strong></span> <span class='ocrx_word' id='word_1_72' title='bbox 1058 1184 1160 1251; x_wconf 89' lang='lat' dir='ltr'><strong>molis,</strong></span> <span class='ocrx_word' id='word_1_73' title='bbox 1184 1195 1300 1262; x_wconf 90' lang='lat' dir='ltr'><strong>strages</strong></span> <span class='ocrx_word' id='word_1_74' title='bbox 1322 1186 1440 1261; x_wconf 90' lang='lat' dir='ltr'><strong>stragis,</strong></span> 
     </span>
     <span class='ocr_line' id='line_1_10' title="bbox 164 1285 1440 1368; baseline -0.005 -16"><span class='ocrx_word' id='word_1_75' title='bbox 164 1292 239 1352; x_wconf 90' lang='lat' dir='ltr'><strong>labes</strong></span> <span class='ocrx_word' id='word_1_76' title='bbox 259 1289 348 1358; x_wconf 87' lang='lat' dir='ltr'><strong>labis,</strong></span> <span class='ocrx_word' id='word_1_77' title='bbox 372 1287 467 1368; x_wconf 85' lang='lat' dir='ltr'><strong>pubes</strong></span> <span class='ocrx_word' id='word_1_78' title='bbox 481 1287 585 1367; x_wconf 86' lang='lat' dir='ltr'><strong>pubis,</strong></span> <span class='ocrx_word' id='word_1_79' title='bbox 609 1285 712 1365; x_wconf 91' lang='lat' dir='ltr'><strong>plebes</strong></span> <span class='ocrx_word' id='word_1_80' title='bbox 734 1285 847 1364; x_wconf 91' lang='lat' dir='ltr'><strong>plebis,</strong></span> <span class='ocrx_word' id='word_1_81' title='bbox 871 1288 1005 1364; x_wconf 87' lang='lat' dir='ltr'><strong>exceptis</strong></span> <span class='ocrx_word' id='word_1_82' title='bbox 1020 1286 1125 1356; x_wconf 91' lang='lat' dir='ltr'><strong>tribus,</strong></span> <span class='ocrx_word' id='word_1_83' title='bbox 1142 1305 1217 1365; x_wconf 90' lang='lat' dir='ltr'><strong>quae</strong></span> <span class='ocrx_word' id='word_1_84' title='bbox 1233 1286 1368 1346; x_wconf 90' lang='lat' dir='ltr'><strong>eiusdem</strong></span> <span class='ocrx_word' id='word_1_85' title='bbox 1390 1305 1440 1363; x_wconf 91' lang='lat' dir='ltr'><strong>ge·</strong></span> 
     </span>
     <span class='ocr_line' id='line_1_11' title="bbox 165 1388 1442 1470; baseline -0.004 -16"><span class='ocrx_word' id='word_1_86' title='bbox 165 1396 237 1454; x_wconf 89' lang='lat' dir='ltr'><strong>neris</strong></span> <span class='ocrx_word' id='word_1_87' title='bbox 251 1400 328 1462; x_wconf 90' lang='lat' dir='ltr'><strong>sunt,</strong></span> <span class='ocrx_word' id='word_1_88' title='bbox 345 1391 396 1454; x_wconf 92' lang='lat' dir='ltr'><strong>sed</strong></span> <span class='ocrx_word' id='word_1_89' title='bbox 411 1393 532 1470; x_wconf 79' lang='lat' dir='ltr'><strong>quintae</strong></span> <span class='ocrx_word' id='word_1_90' title='bbox 548 1389 762 1456; x_wconf 79' lang='lat' dir='ltr'><strong>declinationis,</strong></span> <span class='ocrx_word' id='word_1_91' title='bbox 779 1395 811 1448; x_wconf 89' lang='lat' dir='ltr'><strong>ut</strong></span> <span class='ocrx_word' id='word_1_92' title='bbox 825 1388 899 1448; x_wconf 90' lang='lat' dir='ltr'><strong>haec</strong></span> <span class='ocrx_word' id='word_1_93' title='bbox 915 1388 989 1448; x_wconf 83' lang='lat' dir='ltr'><strong>fides</strong></span> <span class='ocrx_word' id='word_1_94' title='bbox 1005 1388 1082 1457; x_wconf 88' lang='lat' dir='ltr'><strong>tidci,</strong></span> <span class='ocrx_word' id='word_1_95' title='bbox 1100 1407 1168 1468; x_wconf 89' lang='lat' dir='ltr'><strong>spes</strong></span> <span class='ocrx_word' id='word_1_96' title='bbox 1183 1390 1257 1468; x_wconf 89' lang='lat' dir='ltr'><strong>spei,</strong></span> <span class='ocrx_word' id='word_1_97' title='bbox 1274 1407 1323 1448; x_wconf 92' lang='lat' dir='ltr'><strong>res</strong></span> <span class='ocrx_word' id='word_1_98' title='bbox 1338 1391 1393 1458; x_wconf 90' lang='lat' dir='ltr'><strong>rei,</strong></span> <span class='ocrx_word' id='word_1_99' title='bbox 1411 1395 1442 1449; x_wconf 89' lang='lat' dir='ltr'><strong>et</strong></span> 
     </span>
     <span class='ocr_line' id='line_1_12' title="bbox 135 1490 1442 1574; baseline -0.005 -17"><span class='ocrx_word' id='word_1_100' title='bbox 135 1498 262 1563; x_wconf 78' lang='lat' dir='ltr'><strong>oderes,</strong></span> <span class='ocrx_word' id='word_1_101' title='bbox 277 1494 356 1574; x_wconf 92' lang='lat' dir='ltr'><strong>quod</strong></span> <span class='ocrx_word' id='word_1_102' title='bbox 378 1497 408 1553; x_wconf 96' lang='lat' dir='ltr'><strong>in</strong></span> <span class='ocrx_word' id='word_1_103' title='bbox 424 1495 554 1570; x_wconf 88' lang='lat' dir='ltr'><strong>genitivo</strong></span> <span class='ocrx_word' id='word_1_104' title='bbox 576 1499 679 1551; x_wconf 89' lang='lat' dir='ltr'><strong>contra</strong></span> <span class='ocrx_word' id='word_1_105' title='bbox 701 1509 814 1550; x_wconf 91' lang='lat' dir='ltr'><strong>morem</strong></span> <span class='ocrx_word' id='word_1_106' title='bbox 837 1493 970 1550; x_wconf 91' lang='lat' dir='ltr'><strong>omnium</strong></span> <span class='ocrx_word' id='word_1_107' title='bbox 990 1491 1057 1568; x_wconf 92' lang='lat' dir='ltr'><strong>plns</strong></span> <span class='ocrx_word' id='word_1_108' title='bbox 1077 1510 1135 1550; x_wconf 93' lang='lat' dir='ltr'><strong>una</strong></span> <span class='ocrx_word' id='word_1_109' title='bbox 1157 1490 1269 1570; x_wconf 82' lang='lat' dir='ltr'><strong>syllaba</strong></span> <span class='ocrx_word' id='word_1_110' title='bbox 1290 1492 1442 1571; x_wconf 83' lang='lat' dir='ltr'><strong>protertur</strong></span> 
     </span>
     <span class='ocr_line' id='line_1_13' title="bbox 167 1591 1442 1676; baseline -0.004 -18"><span class='ocrx_word' id='word_1_111' title='bbox 167 1596 237 1670; x_wconf 76' lang='lat' dir='ltr'><strong>(narn</strong></span> <span class='ocrx_word' id='word_1_112' title='bbox 247 1596 364 1657; x_wconf 81' lang='lat' dir='ltr'><strong>Cereris</strong></span> <span class='ocrx_word' id='word_1_113' title='bbox 375 1596 468 1676; x_wconf 88' lang='lat' dir='ltr'><strong>lacit),</strong></span> <span class='ocrx_word' id='word_1_114' title='bbox 484 1603 514 1654; x_wconf 86' lang='lat' dir='ltr'><strong>et</strong></span> <span class='ocrx_word' id='word_1_115' title='bbox 527 1612 642 1654; x_wconf 90' lang='lat' dir='ltr'><strong>merces</strong></span> <span class='ocrx_word' id='word_1_116' title='bbox 651 1593 808 1654; x_wconf 84' lang='lat' dir='ltr'><strong>mercedis.</strong></span> <span class='ocrx_word' id='word_1_117' title='bbox 824 1594 855 1651; x_wconf 94' lang='lat' dir='ltr'><strong>in</strong></span> <span class='ocrx_word' id='word_1_118' title='bbox 867 1591 923 1652; x_wconf 89' lang='lat' dir='ltr'><strong>hac</strong></span> <span class='ocrx_word' id='word_1_119' title='bbox 938 1595 1125 1653; x_wconf 86' lang='lat' dir='ltr'><strong>extremitate</strong></span> <span class='ocrx_word' id='word_1_120' title='bbox 1137 1599 1275 1672; x_wconf 90' lang='lat' dir='ltr'><strong>quattuor</strong></span> <span class='ocrx_word' id='word_1_121' title='bbox 1287 1595 1442 1672; x_wconf 88' lang='lat' dir='ltr'><strong>reperiun-</strong></span> 
     </span>
     <span class='ocr_line' id='line_1_14' title="bbox 166 1694 1443 1778; baseline -0.003 -18"><span class='ocrx_word' id='word_1_122' title='bbox 166 1709 209 1761; x_wconf 90' lang='lat' dir='ltr'><strong>tur</strong></span> <span class='ocrx_word' id='word_1_123' title='bbox 228 1701 346 1778; x_wconf 90' lang='lat' dir='ltr'><strong>propria</strong></span> <span class='ocrx_word' id='word_1_124' title='bbox 364 1697 520 1758; x_wconf 89' lang='lat' dir='ltr'><strong>masculini</strong></span> <span class='ocrx_word' id='word_1_125' title='bbox 533 1698 653 1774; x_wconf 91' lang='lat' dir='ltr'><strong>generis</strong></span> <span class='ocrx_word' id='word_1_126' title='bbox 665 1695 799 1756; x_wconf 88' lang='lat' dir='ltr'><strong>eiusdem</strong></span> <span class='ocrx_word' id='word_1_127' title='bbox 813 1695 942 1765; x_wconf 89' lang='lat' dir='ltr'><strong>ordinis,</strong></span> <span class='ocrx_word' id='word_1_128' title='bbox 958 1695 1007 1755; x_wconf 91' lang='lat' dir='ltr'><strong>hic</strong></span> <span class='ocrx_word' id='word_1_129' title='bbox 1018 1695 1161 1755; x_wconf 90' lang='lat' dir='ltr'><strong>llercules</strong></span> <span class='ocrx_word' id='word_1_130' title='bbox 1173 1695 1325 1764; x_wconf 89' lang='lat' dir='ltr'><strong>Herculis,</strong></span> <span class='ocrx_word' id='word_1_131' title='bbox 1340 1694 1443 1756; x_wconf 86' lang='lat' dir='ltr'><strong>Cocles</strong></span> 
     </span>
     <span class='ocr_line' id='line_1_15' title="bbox 166 1797 1442 1880; baseline -0.005 -16"><span class='ocrx_word' id='word_1_132' title='bbox 166 1803 269 1870; x_wconf 76' lang='lat' dir='ltr'><strong>coctis,</strong></span> <span class='ocrx_word' id='word_1_133' title='bbox 291 1799 400 1880; x_wconf 75' lang='lat' dir='ltr'><strong>Verres</strong></span> <span class='ocrx_word' id='word_1_134' title='bbox 422 1798 533 1867; x_wconf 90' lang='lat' dir='ltr'><strong>Verris,</strong></span> <span class='ocrx_word' id='word_1_135' title='bbox 556 1797 656 1858; x_wconf 85' lang='lat' dir='ltr'><strong>Vlixes</strong></span> <span class='ocrx_word' id='word_1_136' title='bbox 678 1798 780 1868; x_wconf 88' lang='lat' dir='ltr'><strong>Vlixis,</strong></span> <span class='ocrx_word' id='word_1_137' title='bbox 804 1805 834 1857; x_wconf 91' lang='lat' dir='ltr'><strong>et</strong></span> <span class='ocrx_word' id='word_1_138' title='bbox 855 1817 932 1877; x_wconf 89' lang='lat' dir='ltr'><strong>quae</strong></span> <span class='ocrx_word' id='word_1_139' title='bbox 954 1807 1172 1878; x_wconf 91' lang='lat' dir='ltr'><strong>componuntnr</strong></span> <span class='ocrx_word' id='word_1_140' title='bbox 1193 1817 1210 1857; x_wconf 93' lang='lat' dir='ltr'><strong>a</strong></span> <span class='ocrx_word' id='word_1_141' title='bbox 1231 1797 1306 1876; x_wconf 90' lang='lat' dir='ltr'><strong>pede</strong></span> <span class='ocrx_word' id='word_1_142' title='bbox 1329 1797 1404 1858; x_wconf 91' lang='lat' dir='ltr'><strong>nihil</strong></span> <span class='ocrx_word' id='word_1_143' title='bbox 1426 1817 1442 1857; x_wconf 92' lang='lat' dir='ltr'><strong>a</strong></span> 
     </span>
     <span class='ocr_line' id='line_1_16' title="bbox 166 1897 1442 1980; baseline -0.005 -16"><span class='ocrx_word' id='word_1_144' title='bbox 166 1904 355 1964; x_wconf 87' lang='lat' dir='ltr'><strong>declinatione</strong></span> <span class='ocrx_word' id='word_1_145' title='bbox 378 1900 523 1980; x_wconf 91' lang='lat' dir='ltr'><strong>simplicis</strong></span> <span class='ocrx_word' id='word_1_146' title='bbox 544 1900 759 1978; x_wconf 89' lang='lat' dir='ltr'><strong>discrepantia,</strong></span> <span class='ocrx_word' id='word_1_147' title='bbox 782 1907 814 1960; x_wconf 90' lang='lat' dir='ltr'><strong>ut</strong></span> <span class='ocrx_word' id='word_1_148' title='bbox 832 1899 835 1980; x_wconf 81' lang='lat' dir='ltr'><strong>l</strong></span> <span class='ocrx_word' id='word_1_149' title='bbox 854 1899 939 1979; x_wconf 87' lang='lat' dir='ltr'><strong>bipes</strong></span> <span class='ocrx_word' id='word_1_150' title='bbox 960 1902 1054 1979; x_wconf 87' lang='lat' dir='ltr'><strong>tripes</strong></span> <span class='ocrx_word' id='word_1_151' title='bbox 1068 1899 1237 1980; x_wconf 85' lang='lat' dir='ltr'><strong>quadrupes</strong></span> <span class='ocrx_word' id='word_1_152' title='bbox 1254 1897 1338 1977; x_wconf 85' lang='lat' dir='ltr'><strong>(haec</strong></span> <span class='ocrx_word' id='word_1_153' title='bbox 1353 1900 1442 1958; x_wconf 88' lang='lat' dir='ltr'><strong>etiam</strong></span> 
     </span>
     <span class='ocr_line' id='line_1_17' title="bbox 135 2001 1443 2082; baseline -0.002 -17"><span class='ocrx_word' id='word_1_154' title='bbox 135 2007 323 2067; x_wconf 71' lang='lat' dir='ltr'><strong>excommunis</strong></span> <span class='ocrx_word' id='word_1_155' title='bbox 351 2022 415 2064; x_wconf 90' lang='lat' dir='ltr'><strong>esse</strong></span> <span class='ocrx_word' id='word_1_156' title='bbox 444 2005 563 2081; x_wconf 91' lang='lat' dir='ltr'><strong>generis</strong></span> <span class='ocrx_word' id='word_1_157' title='bbox 591 2002 675 2063; x_wconf 92' lang='lat' dir='ltr'><strong>multi</strong></span> <span class='ocrx_word' id='word_1_158' title='bbox 705 2001 870 2082; x_wconf 83' lang='lat' dir='ltr'><strong>adfirmant)</strong></span> <span class='ocrx_word' id='word_1_159' title='bbox 906 2005 1026 2081; x_wconf 90' lang='lat' dir='ltr'><strong>sonipes</strong></span> <span class='ocrx_word' id='word_1_160' title='bbox 1054 2003 1157 2081; x_wconf 88' lang='lat' dir='ltr'><strong>alipes.</strong></span> <span class='ocrx_word' id='word_1_161' title='bbox 1202 2002 1260 2062; x_wconf 92' lang='lat' dir='ltr'><strong>duo</strong></span> <span class='ocrx_word' id='word_1_162' title='bbox 1287 2009 1443 2080; x_wconf 86' lang='lat' dir='ltr'><strong>praeterea</strong></span> 
     </span>
     <span class='ocr_line' id='line_1_18' title="bbox 166 2103 1443 2184; baseline -0.004 -17"><span class='ocrx_word' id='word_1_163' title='bbox 166 2109 321 2168; x_wconf 89' lang='lat' dir='ltr'><strong>communis</strong></span> <span class='ocrx_word' id='word_1_164' title='bbox 344 2113 412 2166; x_wconf 91' lang='lat' dir='ltr'><strong>sunt</strong></span> <span class='ocrx_word' id='word_1_165' title='bbox 434 2107 567 2184; x_wconf 91' lang='lat' dir='ltr'><strong>generis,</strong></span> <span class='ocrx_word' id='word_1_166' title='bbox 591 2123 666 2184; x_wconf 89' lang='lat' dir='ltr'><strong>quae</strong></span> <span class='ocrx_word' id='word_1_167' title='bbox 690 2107 719 2164; x_wconf 95' lang='lat' dir='ltr'><strong>in</strong></span> <span class='ocrx_word' id='word_1_168' title='bbox 742 2107 873 2182; x_wconf 84' lang='lat' dir='ltr'><strong>genitivo</strong></span> <span class='ocrx_word' id='word_1_169' title='bbox 901 2123 958 2165; x_wconf 94' lang='lat' dir='ltr'><strong>una</strong></span> <span class='ocrx_word' id='word_1_170' title='bbox 987 2103 1099 2184; x_wconf 82' lang='lat' dir='ltr'><strong>syllaba</strong></span> <span class='ocrx_word' id='word_1_171' title='bbox 1122 2104 1312 2174; x_wconf 87' lang='lat' dir='ltr'><strong>adcrescunt,</strong></span> <span class='ocrx_word' id='word_1_172' title='bbox 1342 2103 1391 2162; x_wconf 92' lang='lat' dir='ltr'><strong>hic</strong></span> <span class='ocrx_word' id='word_1_173' title='bbox 1413 2112 1443 2163; x_wconf 89' lang='lat' dir='ltr'><strong>et</strong></span> 
     </span>
     <span class='ocr_line' id='line_1_19' title="bbox 166 2206 1442 2287; baseline -0.002 -18"><span class='ocrx_word' id='word_1_174' title='bbox 166 2211 232 2271; x_wconf 90' lang='lat' dir='ltr'><strong>hacc</strong></span> <span class='ocrx_word' id='word_1_175' title='bbox 261 2209 348 2268; x_wconf 89' lang='lat' dir='ltr'><strong>heres</strong></span> <span class='ocrx_word' id='word_1_176' title='bbox 376 2207 509 2275; x_wconf 89' lang='lat' dir='ltr'><strong>heredis,</strong></span> <span class='ocrx_word' id='word_1_177' title='bbox 539 2207 670 2284; x_wconf 89' lang='lat' dir='ltr'><strong>locuples</strong></span> <span class='ocrx_word' id='word_1_178' title='bbox 698 2206 863 2286; x_wconf 92' lang='lat' dir='ltr'><strong>locupletis.</strong></span> <span class='ocrx_word' id='word_1_179' title='bbox 909 2225 984 2287; x_wconf 92' lang='lat' dir='ltr'><strong>quae</strong></span> <span class='ocrx_word' id='word_1_180' title='bbox 1018 2225 1051 2266; x_wconf 90' lang='lat' dir='ltr'><strong>es</strong></span> <span class='ocrx_word' id='word_1_181' title='bbox 1078 2214 1216 2285; x_wconf 92' lang='lat' dir='ltr'><strong>correpta</strong></span> <span class='ocrx_word' id='word_1_182' title='bbox 1243 2208 1442 2267; x_wconf 89' lang='lat' dir='ltr'><strong>terminantur</strong></span> 
     </span>
     <span class='ocr_line' id='line_1_20' title="bbox 166 2308 1442 2395; baseline -0.002 -25"><span class='ocrx_word' id='word_1_183' title='bbox 166 2312 324 2391; x_wconf 85' lang='lat' dir='ltr'><strong>praeposita</strong></span> <span class='ocrx_word' id='word_1_184' title='bbox 346 2316 540 2378; x_wconf 89' lang='lat' dir='ltr'><strong>consonante,</strong></span> <span class='ocrx_word' id='word_1_185' title='bbox 564 2308 720 2368; x_wconf 88' lang='lat' dir='ltr'><strong>masculini</strong></span> <span class='ocrx_word' id='word_1_186' title='bbox 742 2317 811 2370; x_wconf 88' lang='lat' dir='ltr'><strong>sunt</strong></span> <span class='ocrx_word' id='word_1_187' title='bbox 831 2311 966 2395; x_wconf 54' lang='lat' dir='ltr'><strong>generisi-¹</strong></span> <span class='ocrx_word' id='word_1_188' title='bbox 981 2312 1086 2369; x_wconf 83' lang='lat' dir='ltr'><strong>tertiae</strong></span> <span class='ocrx_word' id='word_1_189' title='bbox 1109 2309 1248 2369; x_wconf 92' lang='lat' dir='ltr'><strong>similiter</strong></span> <span class='ocrx_word' id='word_1_190' title='bbox 1270 2308 1442 2369; x_wconf 89' lang='lat' dir='ltr'><strong>declinatio·</strong></span> 
     </span>
     <span class='ocr_line' id='line_1_21' title="bbox 167 2410 1444 2491; baseline -0.002 -18"><span class='ocrx_word' id='word_1_191' title='bbox 167 2416 207 2473; x_wconf 92' lang='lat' dir='ltr'><strong>nis</strong></span> <span class='ocrx_word' id='word_1_192' title='bbox 229 2420 258 2472; x_wconf 91' lang='lat' dir='ltr'><strong>et</strong></span> <span class='ocrx_word' id='word_1_193' title='bbox 278 2431 337 2472; x_wconf 91' lang='lat' dir='ltr'><strong>una</strong></span> <span class='ocrx_word' id='word_1_194' title='bbox 359 2411 468 2491; x_wconf 83' lang='lat' dir='ltr'><strong>syllaba</strong></span> <span class='ocrx_word' id='word_1_195' title='bbox 492 2413 522 2471; x_wconf 94' lang='lat' dir='ltr'><strong>in</strong></span> <span class='ocrx_word' id='word_1_196' title='bbox 545 2413 674 2488; x_wconf 90' lang='lat' dir='ltr'><strong>genitivo</strong></span> <span class='ocrx_word' id='word_1_197' title='bbox 690 2419 844 2480; x_wconf 88' lang='lat' dir='ltr'><strong>crescunt,</strong></span> <span class='ocrx_word' id='word_1_198' title='bbox 868 2412 972 2472; x_wconf 77' lang='lat' dir='ltr'><strong>isthic</strong></span> <span class='ocrx_word' id='word_1_199' title='bbox 995 2411 1097 2490; x_wconf 88' lang='lat' dir='ltr'><strong>poples</strong></span> <span class='ocrx_word' id='word_1_200' title='bbox 1119 2411 1255 2489; x_wconf 91' lang='lat' dir='ltr'><strong>poplitis,</strong></span> <span class='ocrx_word' id='word_1_201' title='bbox 1278 2411 1328 2470; x_wconf 92' lang='lat' dir='ltr'><strong>hic</strong></span> <span class='ocrx_word' id='word_1_202' title='bbox 1350 2410 1444 2470; x_wconf 88' lang='lat' dir='ltr'><strong>lomes</strong></span> 
     </span>
     <span class='ocr_line' id='line_1_22' title="bbox 135 2512 1443 2592; baseline -0.002 -18"><span class='ocrx_word' id='word_1_203' title='bbox 135 2515 285 2582; x_wconf 82' lang='lat' dir='ltr'><strong>solomitis,</strong></span> <span class='ocrx_word' id='word_1_204' title='bbox 314 2513 362 2573; x_wconf 93' lang='lat' dir='ltr'><strong>hic</strong></span> <span class='ocrx_word' id='word_1_205' title='bbox 390 2512 477 2574; x_wconf 92' lang='lat' dir='ltr'><strong>miles</strong></span> <span class='ocrx_word' id='word_1_206' title='bbox 505 2513 626 2582; x_wconf 90' lang='lat' dir='ltr'><strong>militis,</strong></span> <span class='ocrx_word' id='word_1_207' title='bbox 655 2513 703 2574; x_wconf 93' lang='lat' dir='ltr'><strong>hic</strong></span> <span class='ocrx_word' id='word_1_208' title='bbox 732 2531 840 2590; x_wconf 83' lang='lat' dir='ltr'><strong>gurges</strong></span> <span class='ocrx_word' id='word_1_209' title='bbox 867 2515 1010 2591; x_wconf 89' lang='lat' dir='ltr'><strong>gurgitis,</strong></span> <span class='ocrx_word' id='word_1_210' title='bbox 1044 2513 1092 2573; x_wconf 93' lang='lat' dir='ltr'><strong>hic</strong></span> <span class='ocrx_word' id='word_1_211' title='bbox 1120 2515 1213 2592; x_wconf 90' lang='lat' dir='ltr'><strong>stipes</strong></span> <span class='ocrx_word' id='word_1_212' title='bbox 1240 2514 1365 2591; x_wconf 90' lang='lat' dir='ltr'><strong>stipitis,</strong></span> <span class='ocrx_word' id='word_1_213' title='bbox 1393 2513 1443 2572; x_wconf 93' lang='lat' dir='ltr'><strong>hic</strong></span> 
     </span>
     <span class='ocr_line' id='line_1_23' title="bbox 166 2613 1443 2696; baseline -0.002 -19"><span class='ocrx_word' id='word_1_214' title='bbox 166 2635 261 2696; x_wconf 84' lang='lat' dir='ltr'><strong>cespes</strong></span> <span class='ocrx_word' id='word_1_215' title='bbox 289 2617 425 2694; x_wconf 90' lang='lat' dir='ltr'><strong>cespitis,</strong></span> <span class='ocrx_word' id='word_1_216' title='bbox 456 2615 505 2676; x_wconf 93' lang='lat' dir='ltr'><strong>hic</strong></span> <span class='ocrx_word' id='word_1_217' title='bbox 533 2615 641 2694; x_wconf 90' lang='lat' dir='ltr'><strong>hospes</strong></span> <span class='ocrx_word' id='word_1_218' title='bbox 669 2615 795 2694; x_wconf 91' lang='lat' dir='ltr'><strong>hospitis</strong></span> <span class='ocrx_word' id='word_1_219' title='bbox 824 2613 907 2693; x_wconf 83' lang='lat' dir='ltr'><strong>(narn</strong></span> <span class='ocrx_word' id='word_1_220' title='bbox 930 2617 1107 2676; x_wconf 90' lang='lat' dir='ltr'><strong>lemininnm</strong></span> <span class='ocrx_word' id='word_1_221' title='bbox 1128 2615 1245 2694; x_wconf 82' lang='lat' dir='ltr'><strong>hospita</strong></span> <span class='ocrx_word' id='word_1_222' title='bbox 1267 2614 1369 2694; x_wconf 80' lang='lat' dir='ltr'><strong>iacit),</strong></span> <span class='ocrx_word' id='word_1_223' title='bbox 1393 2634 1443 2674; x_wconf 92' lang='lat' dir='ltr'><strong>ex·</strong></span> 
     </span>
     <span class='ocr_line' id='line_1_24' title="bbox 167 2717 1442 2797; baseline -0.001 -20"><span class='ocrx_word' id='word_1_224' title='bbox 167 2717 335 2797; x_wconf 68' lang='lat' dir='ltr'><strong>opilabis</strong></span> <span class='ocrx_word' id='word_1_225' title='bbox 365 2717 502 2777; x_wconf 76' lang='lat' dir='ltr'><strong>feminini</strong></span> <span class='ocrx_word' id='word_1_226' title='bbox 529 2717 649 2796; x_wconf 86' lang='lat' dir='ltr'><strong>quidem</strong></span> <span class='ocrx_word' id='word_1_227' title='bbox 677 2719 797 2795; x_wconf 88' lang='lat' dir='ltr'><strong>generis</strong></span> <span class='ocrx_word' id='word_1_228' title='bbox 825 2718 898 2778; x_wconf 78' lang='lat' dir='ltr'><strong>llaec</strong></span> <span class='ocrx_word' id='word_1_229' title='bbox 925 2735 1010 2795; x_wconf 89' lang='lat' dir='ltr'><strong>seges</strong></span> <span class='ocrx_word' id='word_1_230' title='bbox 1037 2720 1146 2796; x_wconf 89' lang='lat' dir='ltr'><strong>segetis</strong></span> <span class='ocrx_word' id='word_1_231' title='bbox 1169 2724 1199 2777; x_wconf 91' lang='lat' dir='ltr'><strong>et</strong></span> <span class='ocrx_word' id='word_1_232' title='bbox 1220 2725 1304 2794; x_wconf 88' lang='lat' dir='ltr'><strong>teges</strong></span> <span class='ocrx_word' id='word_1_233' title='bbox 1325 2718 1442 2793; x_wconf 90' lang='lat' dir='ltr'><strong>tegetis,</strong></span> 
     </span>
     <span class='ocr_line' id='line_1_25' title="bbox 167 2819 1443 2899; baseline -0.002 -18"><span class='ocrx_word' id='word_1_234' title='bbox 167 2822 322 2881; x_wconf 81' lang='lat' dir='ltr'><strong>conrmnnis</strong></span> <span class='ocrx_word' id='word_1_235' title='bbox 345 2837 429 2887; x_wconf 84' lang='lat' dir='ltr'><strong>vero,</strong></span> <span class='ocrx_word' id='word_1_236' title='bbox 460 2819 663 2879; x_wconf 89' lang='lat' dir='ltr'><strong>accidentibus</strong></span> <span class='ocrx_word' id='word_1_237' title='bbox 686 2820 771 2891; x_wconf 91' lang='lat' dir='ltr'><strong>licet,</strong></span> <span class='ocrx_word' id='word_1_238' title='bbox 802 2820 851 2880; x_wconf 89' lang='lat' dir='ltr'><strong>hic</strong></span> <span class='ocrx_word' id='word_1_239' title='bbox 873 2821 998 2881; x_wconf 83' lang='lat' dir='ltr'><strong>ethaeo</strong></span> <span class='ocrx_word' id='word_1_240' title='bbox 1021 2829 1116 2889; x_wconf 90' lang='lat' dir='ltr'><strong>teres,</strong></span> <span class='ocrx_word' id='word_1_241' title='bbox 1139 2821 1188 2880; x_wconf 91' lang='lat' dir='ltr'><strong>hic</strong></span> <span class='ocrx_word' id='word_1_242' title='bbox 1210 2830 1240 2881; x_wconf 89' lang='lat' dir='ltr'><strong>et</strong></span> <span class='ocrx_word' id='word_1_243' title='bbox 1261 2820 1335 2881; x_wconf 90' lang='lat' dir='ltr'><strong>haec</strong></span> <span class='ocrx_word' id='word_1_244' title='bbox 1357 2838 1443 2899; x_wconf 91' lang='lat' dir='ltr'><strong>prae-</strong></span> 
     </span>
     <span class='ocr_line' id='line_1_26' title="bbox 167 2921 1444 3002; baseline 0 -20"><span class='ocrx_word' id='word_1_245' title='bbox 167 2941 228 3002; x_wconf 90' lang='lat' dir='ltr'><strong>pes,</strong></span> <span class='ocrx_word' id='word_1_246' title='bbox 250 2922 298 2982; x_wconf 91' lang='lat' dir='ltr'><strong>hic</strong></span> <span class='ocrx_word' id='word_1_247' title='bbox 321 2929 350 2981; x_wconf 92' lang='lat' dir='ltr'><strong>ct</strong></span> <span class='ocrx_word' id='word_1_248' title='bbox 372 2922 444 2981; x_wconf 89' lang='lat' dir='ltr'><strong>haec</strong></span> <span class='ocrx_word' id='word_1_249' title='bbox 468 2922 558 2991; x_wconf 77' lang='lat' dir='ltr'><strong>dives</strong></span> <span class='ocrx_word' id='word_1_250' title='bbox 582 2922 631 2983; x_wconf 89' lang='lat' dir='ltr'><strong>hic</strong></span> <span class='ocrx_word' id='word_1_251' title='bbox 655 2930 685 2981; x_wconf 92' lang='lat' dir='ltr'><strong>et</strong></span> <span class='ocrx_word' id='word_1_252' title='bbox 707 2921 780 2982; x_wconf 90' lang='lat' dir='ltr'><strong>hacc</strong></span> <span class='ocrx_word' id='word_1_253' title='bbox 803 2942 916 2992; x_wconf 92' lang='lat' dir='ltr'><strong>comes,</strong></span> <span class='ocrx_word' id='word_1_254' title='bbox 939 2923 988 2983; x_wconf 92' lang='lat' dir='ltr'><strong>hic</strong></span> <span class='ocrx_word' id='word_1_255' title='bbox 1010 2923 1134 2984; x_wconf 82' lang='lat' dir='ltr'><strong>ethaeo</strong></span> <span class='ocrx_word' id='word_1_256' title='bbox 1156 2921 1249 2995; x_wconf 90' lang='lat' dir='ltr'><strong>hebes</strong></span> <span class='ocrx_word' id='word_1_257' title='bbox 1270 2941 1373 3002; x_wconf 90' lang='lat' dir='ltr'><strong>sospes</strong></span> <span class='ocrx_word' id='word_1_258' title='bbox 1394 2941 1444 2983; x_wconf 92' lang='lat' dir='ltr'><strong>su-</strong></span> 
     </span>
     <span class='ocr_line' id='line_1_27' title="bbox 136 3024 1443 3104; baseline 0.001 -21"><span class='ocrx_word' id='word_1_259' title='bbox 136 3033 284 3104; x_wconf 78' lang='lat' dir='ltr'><strong>sperstes.</strong></span> <span class='ocrx_word' id='word_1_260' title='bbox 315 3032 346 3084; x_wconf 92' lang='lat' dir='ltr'><strong>et</strong></span> <span class='ocrx_word' id='word_1_261' title='bbox 368 3026 465 3083; x_wconf 91' lang='lat' dir='ltr'><strong>omnia</strong></span> <span class='ocrx_word' id='word_1_262' title='bbox 487 3025 651 3100; x_wconf 89' lang='lat' dir='ltr'><strong>genitivum</strong></span> <span class='ocrx_word' id='word_1_263' title='bbox 673 3027 704 3085; x_wconf 94' lang='lat' dir='ltr'><strong>in</strong></span> <span class='ocrx_word' id='word_1_264' title='bbox 728 3026 766 3086; x_wconf 91' lang='lat' dir='ltr'><strong>tis</strong></span> <span class='ocrx_word' id='word_1_265' title='bbox 788 3024 932 3104; x_wconf 88' lang='lat' dir='ltr'><strong>syllabam</strong></span> <span class='ocrx_word' id='word_1_266' title='bbox 954 3028 1084 3085; x_wconf 88' lang='lat' dir='ltr'><strong>mittunt.</strong></span> <span class='ocrx_word' id='word_1_267' title='bbox 1115 3031 1254 3085; x_wconf 90' lang='lat' dir='ltr'><strong>notantur</strong></span> <span class='ocrx_word' id='word_1_268' title='bbox 1276 3024 1349 3085; x_wconf 90' lang='lat' dir='ltr'><strong>haec</strong></span> <span class='ocrx_word' id='word_1_269' title='bbox 1371 3024 1443 3095; x_wconf 91' lang='lat' dir='ltr'><strong>sola,</strong></span> 
     </span>
     <span class='ocr_line' id='line_1_28' title="bbox 167 3124 1443 3206; baseline 0 -21"><span class='ocrx_word' id='word_1_270' title='bbox 167 3144 235 3205; x_wconf 90' lang='lat' dir='ltr'><strong>qnae</strong></span> <span class='ocrx_word' id='word_1_271' title='bbox 257 3129 286 3186; x_wconf 95' lang='lat' dir='ltr'><strong>in</strong></span> <span class='ocrx_word' id='word_1_272' title='bbox 309 3125 369 3195; x_wconf 92' lang='lat' dir='ltr'><strong>dis,</strong></span> <span class='ocrx_word' id='word_1_273' title='bbox 393 3143 452 3185; x_wconf 91' lang='lat' dir='ltr'><strong>non</strong></span> <span class='ocrx_word' id='word_1_274' title='bbox 475 3128 505 3185; x_wconf 97' lang='lat' dir='ltr'><strong>in</strong></span> <span class='ocrx_word' id='word_1_275' title='bbox 528 3124 573 3186; x_wconf 89' lang='lat' dir='ltr'><strong>tis&#39;</strong></span> <span class='ocrx_word' id='word_1_276' title='bbox 587 3127 701 3187; x_wconf 89' lang='lat' dir='ltr'><strong>iaciunt</strong></span> <span class='ocrx_word' id='word_1_277' title='bbox 723 3129 901 3203; x_wconf 88' lang='lat' dir='ltr'><strong>genitivum,</strong></span> <span class='ocrx_word' id='word_1_278' title='bbox 925 3127 974 3188; x_wconf 90' lang='lat' dir='ltr'><strong>hic</strong></span> <span class='ocrx_word' id='word_1_279' title='bbox 996 3128 1120 3188; x_wconf 88' lang='lat' dir='ltr'><strong>ethaeo</strong></span> <span class='ocrx_word' id='word_1_280' title='bbox 1142 3144 1264 3205; x_wconf 86' lang='lat' dir='ltr'><strong>praeses</strong></span> <span class='ocrx_word' id='word_1_281' title='bbox 1285 3127 1443 3206; x_wconf 88' lang='lat' dir='ltr'><strong>praesidis,</strong></span> 
     </span>
     <span class='ocr_line' id='line_1_29' title="bbox 168 3226 1446 3308; baseline 0 -21"><span class='ocrx_word' id='word_1_282' title='bbox 168 3246 242 3289; x_wconf 90' lang='lat' dir='ltr'><strong>reses</strong></span> <span class='ocrx_word' id='word_1_283' title='bbox 269 3226 391 3297; x_wconf 89' lang='lat' dir='ltr'><strong>residis,</strong></span> <span class='ocrx_word' id='word_1_284' title='bbox 420 3227 506 3287; x_wconf 90' lang='lat' dir='ltr'><strong>deses</strong></span> <span class='ocrx_word' id='word_1_285' title='bbox 533 3228 658 3298; x_wconf 91' lang='lat' dir='ltr'><strong>desidis,</strong></span> <span class='ocrx_word' id='word_1_286' title='bbox 688 3228 775 3290; x_wconf 89' lang='lat' dir='ltr'><strong>obses</strong></span> <span class='ocrx_word' id='word_1_287' title='bbox 808 3228 932 3290; x_wconf 83' lang='lat' dir='ltr'><strong>obsidis</strong></span> <span class='ocrx_word' id='word_1_288' title='bbox 976 3248 1051 3308; x_wconf 90' lang='lat' dir='ltr'><strong>qnae</strong></span> <span class='ocrx_word' id='word_1_289' title='bbox 1085 3231 1117 3289; x_wconf 92' lang='lat' dir='ltr'><strong>in</strong></span> <span class='ocrx_word' id='word_1_290' title='bbox 1149 3247 1182 3288; x_wconf 93' lang='lat' dir='ltr'><strong>es</strong></span> <span class='ocrx_word' id='word_1_291' title='bbox 1213 3228 1388 3307; x_wconf 88' lang='lat' dir='ltr'><strong>productam</strong></span> <span class='ocrx_word' id='word_1_292' title='bbox 1415 3235 1446 3288; x_wconf 91' lang='lat' dir='ltr'><strong>et</strong></span> 
     </span>
     <span class='ocr_line' id='line_1_30' title="bbox 167 3328 1445 3430; baseline 0 -41"><span class='ocrx_word' id='word_1_293' title='bbox 167 3347 263 3409; x_wconf 87' lang='lat' dir='ltr'><strong>puram</strong></span> <span class='ocrx_word' id='word_1_294' title='bbox 297 3328 450 3398; x_wconf 91' lang='lat' dir='ltr'><strong>desinunt,</strong></span> <span class='ocrx_word' id='word_1_295' title='bbox 485 3331 621 3390; x_wconf 90' lang='lat' dir='ltr'><strong>leminini</strong></span> <span class='ocrx_word' id='word_1_296' title='bbox 656 3338 724 3391; x_wconf 91' lang='lat' dir='ltr'><strong>sunt</strong></span> <span class='ocrx_word' id='word_1_297' title='bbox 758 3333 877 3409; x_wconf 90' lang='lat' dir='ltr'><strong>generis</strong></span> <span class='ocrx_word' id='word_1_298' title='bbox 891 3330 1112 3430; x_wconf 64' lang='lat' dir='ltr'><strong>fldeclinationis</strong></span> <span class='ocrx_word' id='word_1_299' title='bbox 1140 3332 1277 3410; x_wconf 89' lang='lat' dir='ltr'><strong>quintae,</strong></span> <span class='ocrx_word' id='word_1_300' title='bbox 1312 3338 1345 3390; x_wconf 87' lang='lat' dir='ltr'><strong>ut</strong></span> <span class='ocrx_word' id='word_1_301' title='bbox 1371 3331 1445 3390; x_wconf 89' lang='lat' dir='ltr'><strong>haec</strong></span> 
     </span>
     <span class='ocr_line' id='line_1_31' title="bbox 166 3431 1445 3511; baseline 0.001 -21"><span class='ocrx_word' id='word_1_302' title='bbox 166 3432 251 3492; x_wconf 93' lang='lat' dir='ltr'><strong>iacies</strong></span> <span class='ocrx_word' id='word_1_303' title='bbox 279 3431 381 3499; x_wconf 91' lang='lat' dir='ltr'><strong>iaciei,</strong></span> <span class='ocrx_word' id='word_1_304' title='bbox 413 3432 492 3491; x_wconf 89' lang='lat' dir='ltr'><strong>acies</strong></span> <span class='ocrx_word' id='word_1_305' title='bbox 520 3434 611 3501; x_wconf 91' lang='lat' dir='ltr'><strong>aciei,</strong></span> <span class='ocrx_word' id='word_1_306' title='bbox 641 3434 755 3511; x_wconf 85' lang='lat' dir='ltr'><strong>ethgies</strong></span> <span class='ocrx_word' id='word_1_307' title='bbox 783 3434 908 3510; x_wconf 91' lang='lat' dir='ltr'><strong>elligiei,</strong></span> <span class='ocrx_word' id='word_1_308' title='bbox 942 3439 1065 3511; x_wconf 89' lang='lat' dir='ltr'><strong>excepto</strong></span> <span class='ocrx_word' id='word_1_309' title='bbox 1093 3452 1153 3493; x_wconf 93' lang='lat' dir='ltr'><strong>uno</strong></span> <span class='ocrx_word' id='word_1_310' title='bbox 1181 3434 1288 3493; x_wconf 89' lang='lat' dir='ltr'><strong>incerti</strong></span> <span class='ocrx_word' id='word_1_311' title='bbox 1314 3434 1445 3509; x_wconf 88' lang='lat' dir='ltr'><strong>generis,</strong></span> 
     </span>
     <span class='ocr_line' id='line_1_32' title="bbox 137 3532 1444 3613; baseline 0 -20"><span class='ocrx_word' id='word_1_312' title='bbox 137 3533 237 3613; x_wconf 82' lang='lat' dir='ltr'><strong>acquod</strong></span> <span class='ocrx_word' id='word_1_313' title='bbox 260 3552 337 3594; x_wconf 91' lang='lat' dir='ltr'><strong>nunc</strong></span> <span class='ocrx_word' id='word_1_314' title='bbox 360 3532 555 3594; x_wconf 91' lang='lat' dir='ltr'><strong>masculinum</strong></span> <span class='ocrx_word' id='word_1_315' title='bbox 577 3542 636 3604; x_wconf 89' lang='lat' dir='ltr'><strong>est,</strong></span> <span class='ocrx_word' id='word_1_316' title='bbox 665 3552 743 3595; x_wconf 91' lang='lat' dir='ltr'><strong>nunc</strong></span> <span class='ocrx_word' id='word_1_317' title='bbox 771 3536 962 3605; x_wconf 80' lang='lat' dir='ltr'><strong>femininum,</strong></span> <span class='ocrx_word' id='word_1_318' title='bbox 992 3542 1026 3595; x_wconf 90' lang='lat' dir='ltr'><strong>ut</strong></span> <span class='ocrx_word' id='word_1_319' title='bbox 1046 3534 1095 3594; x_wconf 92' lang='lat' dir='ltr'><strong>hic</strong></span> <span class='ocrx_word' id='word_1_320' title='bbox 1117 3534 1163 3595; x_wconf 89' lang='lat' dir='ltr'><strong>vel</strong></span> <span class='ocrx_word' id='word_1_321' title='bbox 1191 3534 1265 3595; x_wconf 91' lang='lat' dir='ltr'><strong>baec</strong></span> <span class='ocrx_word' id='word_1_322' title='bbox 1287 3534 1351 3594; x_wconf 92' lang='lat' dir='ltr'><strong>dies</strong></span> <span class='ocrx_word' id='word_1_323' title='bbox 1373 3534 1444 3603; x_wconf 92' lang='lat' dir='ltr'><strong>diei,</strong></span> 
     </span>
     <span class='ocr_line' id='line_1_33' title="bbox 167 3633 1445 3714; baseline 0.001 -21"><span class='ocrx_word' id='word_1_324' title='bbox 167 3644 193 3694; x_wconf 89' lang='lat' dir='ltr'><strong>et</strong></span> <span class='ocrx_word' id='word_1_325' title='bbox 213 3633 289 3713; x_wconf 81' lang='lat' dir='ltr'><strong>ryuod</strong></span> <span class='ocrx_word' id='word_1_326' title='bbox 311 3652 347 3693; x_wconf 88' lang='lat' dir='ltr'><strong>ex</strong></span> <span class='ocrx_word' id='word_1_327' title='bbox 369 3652 404 3693; x_wconf 90' lang='lat' dir='ltr'><strong>eo</strong></span> <span class='ocrx_word' id='word_1_328' title='bbox 426 3636 571 3712; x_wconf 85' lang='lat' dir='ltr'><strong>liguratur</strong></span> <span class='ocrx_word' id='word_1_329' title='bbox 593 3638 749 3697; x_wconf 90' lang='lat' dir='ltr'><strong>masculini</strong></span> <span class='ocrx_word' id='word_1_330' title='bbox 772 3639 903 3714; x_wconf 86' lang='lat' dir='ltr'><strong>generis,</strong></span> <span class='ocrx_word' id='word_1_331' title='bbox 927 3637 976 3697; x_wconf 90' lang='lat' dir='ltr'><strong>hie</strong></span> <span class='ocrx_word' id='word_1_332' title='bbox 999 3637 1139 3698; x_wconf 90' lang='lat' dir='ltr'><strong>meridies</strong></span> <span class='ocrx_word' id='word_1_333' title='bbox 1161 3636 1309 3696; x_wconf 90' lang='lat' dir='ltr'><strong>meridiei.</strong></span> <span class='ocrx_word' id='word_1_334' title='bbox 1354 3654 1445 3696; x_wconf 91' lang='lat' dir='ltr'><strong>unum</strong></span> 
     </span>
     <span class='ocr_line' id='line_1_34' title="bbox 168 3737 1444 3816; baseline 0.002 -21"><span class='ocrx_word' id='word_1_335' title='bbox 168 3745 314 3815; x_wconf 89' lang='lat' dir='ltr'><strong>praeterea</strong></span> <span class='ocrx_word' id='word_1_336' title='bbox 337 3742 456 3797; x_wconf 88' lang='lat' dir='ltr'><strong>notatur</strong></span> <span class='ocrx_word' id='word_1_337' title='bbox 477 3737 580 3798; x_wconf 88' lang='lat' dir='ltr'><strong>eadem</strong></span> <span class='ocrx_word' id='word_1_338' title='bbox 596 3738 726 3799; x_wconf 90' lang='lat' dir='ltr'><strong>clausula</strong></span> <span class='ocrx_word' id='word_1_339' title='bbox 748 3741 864 3801; x_wconf 83' lang='lat' dir='ltr'><strong>linitum</strong></span> <span class='ocrx_word' id='word_1_340' title='bbox 886 3741 1006 3816; x_wconf 90' lang='lat' dir='ltr'><strong>generis</strong></span> <span class='ocrx_word' id='word_1_341' title='bbox 1028 3741 1165 3800; x_wconf 88' lang='lat' dir='ltr'><strong>leminini</strong></span> <span class='ocrx_word' id='word_1_342' title='bbox 1186 3741 1292 3800; x_wconf 91' lang='lat' dir='ltr'><strong>tertiae</strong></span> <span class='ocrx_word' id='word_1_343' title='bbox 1315 3738 1444 3798; x_wconf 91' lang='lat' dir='ltr'><strong>declina-</strong></span> 
     </span>
     <span class='ocr_line' id='line_1_35' title="bbox 168 3837 1445 3922; baseline 0.001 -26"><span class='ocrx_word' id='word_1_344' title='bbox 168 3840 265 3907; x_wconf 88' lang='lat' dir='ltr'><strong>tionis,</strong></span> <span class='ocrx_word' id='word_1_345' title='bbox 292 3837 366 3897; x_wconf 91' lang='lat' dir='ltr'><strong>haec</strong></span> <span class='ocrx_word' id='word_1_346' title='bbox 394 3839 479 3916; x_wconf 91' lang='lat' dir='ltr'><strong>quies</strong></span> <span class='ocrx_word' id='word_1_347' title='bbox 508 3841 627 3919; x_wconf 92' lang='lat' dir='ltr'><strong>quietis.</strong></span> <span class='ocrx_word' id='word_1_348' title='bbox 672 3860 746 3921; x_wconf 91' lang='lat' dir='ltr'><strong>quac</strong></span> <span class='ocrx_word' id='word_1_349' title='bbox 775 3844 806 3901; x_wconf 94' lang='lat' dir='ltr'><strong>in</strong></span> <span class='ocrx_word' id='word_1_350' title='bbox 835 3860 867 3902; x_wconf 91' lang='lat' dir='ltr'><strong>es</strong></span> <span class='ocrx_word' id='word_1_351' title='bbox 890 3849 1056 3921; x_wconf 88' lang='lat' dir='ltr'><strong>correptam</strong></span> <span class='ocrx_word' id='word_1_352' title='bbox 1079 3845 1089 3901; x_wconf 90' lang='lat' dir='ltr'><strong>i</strong></span> <span class='ocrx_word' id='word_1_353' title='bbox 1111 3837 1327 3922; x_wconf 73' lang='lat' dir='ltr'><strong>praelicedente</strong></span> <span class='ocrx_word' id='word_1_354' title='bbox 1350 3839 1445 3900; x_wconf 85' lang='lat' dir='ltr'><strong>vocali</strong></span> 
     </span>
    </p>
   </div>
   <div class='ocr_carea' id='block_1_4' title="bbox 230 4058 1163 4150">
    <p class='ocr_par' dir='ltr' id='par_1_4' title="bbox 230 4058 1163 4150">
     <span class='ocr_line' id='line_1_36' title="bbox 230 4058 1163 4150; baseline 0.003 -40"><span class='ocrx_word' id='word_1_355' title='bbox 230 4059 243 4110; x_wconf 93' lang='lat'>1</span> <span class='ocrx_word' id='word_1_356' title='bbox 263 4074 290 4109; x_wconf 88' lang='lat' dir='ltr'><strong>es</strong></span> <span class='ocrx_word' id='word_1_357' title='bbox 308 4058 408 4123; x_wconf 82' lang='lat' dir='ltr'><strong>syllaba</strong></span> <span class='ocrx_word' id='word_1_358' title='bbox 424 4058 499 4150; x_wconf 55' lang='lat' dir='ltr'><strong>tiber.</strong></span> <span class='ocrx_word' id='word_1_359' title='bbox 519 4061 563 4125; x_wconf 81' lang='lat'><strong>28,</strong></span> <span class='ocrx_word' id='word_1_360' title='bbox 582 4062 625 4115; x_wconf 82' lang='lat'><strong>27.</strong></span> <span class='ocrx_word' id='word_1_361' title='bbox 645 4061 687 4122; x_wconf 82' lang='lat'><strong>39,</strong></span> <span class='ocrx_word' id='word_1_362' title='bbox 708 4061 750 4114; x_wconf 76' lang='lat'><strong>23.</strong></span> <span class='ocrx_word' id='word_1_363' title='bbox 769 4060 811 4126; x_wconf 87' lang='grc'><strong>68,</strong></span> <span class='ocrx_word' id='word_1_364' title='bbox 830 4059 864 4113; x_wconf 82' lang='grc'><strong>34</strong></span> <span class='ocrx_word' id='word_1_365' title='bbox 882 4078 938 4112; x_wconf 75' lang='lat' dir='ltr'><strong>cxc.</strong></span> <span class='ocrx_word' id='word_1_366' title='bbox 960 4062 1036 4113; x_wconf 81' lang='lat' dir='ltr'><strong>Char.</strong></span> <span class='ocrx_word' id='word_1_367' title='bbox 1050 4061 1110 4125; x_wconf 80' lang='lat'><strong>541,</strong></span> <span class='ocrx_word' id='word_1_368' title='bbox 1128 4060 1163 4113; x_wconf 82' lang='lat'><strong>30</strong></span> 
     </span>
    </p>
   </div>
   <div class='ocr_carea' id='block_1_5' title="bbox 169 4248 1451 4945">
    <p class='ocr_par' dir='ltr' id='par_1_5' title="bbox 169 4248 1451 4385">
     <span class='ocr_line' id='line_1_37' title="bbox 230 4248 1447 4315; baseline -0.003 -14"><span class='ocrx_word' id='word_1_369' title='bbox 230 4250 243 4301; x_wconf 95' lang='lat' dir='ltr'><strong>l</strong></span> <span class='ocrx_word' id='word_1_370' title='bbox 264 4260 303 4300; x_wconf 90' lang='lat' dir='ltr'><strong>est</strong></span> <span class='ocrx_word' id='word_1_371' title='bbox 321 4248 420 4315; x_wconf 83' lang='lat' dir='ltr'><strong>syllaba</strong></span> <span class='ocrx_word' id='word_1_372' title='bbox 438 4250 463 4299; x_wconf 91' lang='lat' dir='ltr'><em>P</em></span> <span class='ocrx_word' id='word_1_373' title='bbox 512 4250 537 4297; x_wconf 93' lang='lat' dir='ltr'><strong>in</strong></span> <span class='ocrx_word' id='word_1_374' title='bbox 554 4264 581 4299; x_wconf 90' lang='lat' dir='ltr'><strong>es</strong></span> <span class='ocrx_word' id='word_1_375' title='bbox 597 4250 745 4315; x_wconf 86' lang='lat' dir='ltr'><strong>productam</strong></span> <span class='ocrx_word' id='word_1_376' title='bbox 762 4262 803 4313; x_wconf 70' lang='lat'><strong>95</strong></span> <span class='ocrx_word' id='word_1_377' title='bbox 822 4250 846 4298; x_wconf 92' lang='lat' dir='ltr'><strong>in</strong></span> <span class='ocrx_word' id='word_1_378' title='bbox 865 4250 1014 4313; x_wconf 85' lang='lat' dir='ltr'><strong>productam</strong></span> <span class='ocrx_word' id='word_1_379' title='bbox 1027 4251 1053 4299; x_wconf 90' lang='lat' dir='ltr'><strong><em>P</em></strong></span> <span class='ocrx_word' id='word_1_380' title='bbox 1067 4249 1112 4298; x_wconf 70' lang='lat' dir='ltr'><strong>ide</strong></span> <span class='ocrx_word' id='word_1_381' title='bbox 1128 4251 1153 4298; x_wconf 93' lang='lat' dir='ltr'><strong>in</strong></span> <span class='ocrx_word' id='word_1_382' title='bbox 1170 4248 1312 4315; x_wconf 71' lang='lat' dir='ltr'><strong>(uipereor.</strong></span> <span class='ocrx_word' id='word_1_383' title='bbox 1332 4250 1372 4309; x_wconf 83' lang='lat' dir='ltr'><strong>es)</strong></span> <span class='ocrx_word' id='word_1_384' title='bbox 1388 4263 1447 4313; x_wconf 84' lang='lat' dir='ltr'><strong>pro-</strong></span> 
     </span>
     <span class='ocr_line' id='line_1_38' title="bbox 169 4318 1451 4385; baseline 0 -17"><span class='ocrx_word' id='word_1_385' title='bbox 169 4320 261 4369; x_wconf 83' lang='lat' dir='ltr'><strong>dactam</strong></span> <span class='ocrx_word' id='word_1_386' title='bbox 280 4321 306 4369; x_wconf 98' lang='lat' dir='ltr'><em>F</em></span> <span class='ocrx_word' id='word_1_387' title='bbox 371 4318 436 4368; x_wconf 79' lang='lat' dir='ltr'><strong>2in</strong></span> <span class='ocrx_word' id='word_1_388' title='bbox 458 4328 599 4385; x_wconf 86' lang='lat' dir='ltr'><strong>correptam</strong></span> <span class='ocrx_word' id='word_1_389' title='bbox 617 4323 642 4370; x_wconf 93' lang='lat' dir='ltr'><em>P</em></span> <span class='ocrx_word' id='word_1_390' title='bbox 710 4319 771 4370; x_wconf 87' lang='lat' dir='ltr'><strong>3in</strong></span> <span class='ocrx_word' id='word_1_391' title='bbox 793 4320 882 4369; x_wconf 88' lang='lat' dir='ltr'><strong>eodem</strong></span> <span class='ocrx_word' id='word_1_392' title='bbox 905 4334 994 4385; x_wconf 88' lang='lat' dir='ltr'><strong>puram</strong></span> <span class='ocrx_word' id='word_1_393' title='bbox 1012 4335 1080 4369; x_wconf 84' lang='lat' dir='ltr'><strong>corr.</strong></span> <span class='ocrx_word' id='word_1_394' title='bbox 1099 4320 1124 4367; x_wconf 90' lang='lat' dir='ltr'><strong>in</strong></span> <span class='ocrx_word' id='word_1_395' title='bbox 1143 4320 1249 4371; x_wconf 87' lang='lat' dir='ltr'><strong>eandem</strong></span> <span class='ocrx_word' id='word_1_396' title='bbox 1271 4335 1299 4369; x_wconf 88' lang='lat' dir='ltr'><strong>es</strong></span> <span class='ocrx_word' id='word_1_397' title='bbox 1318 4333 1406 4384; x_wconf 87' lang='lat' dir='ltr'><strong>puram</strong></span> <span class='ocrx_word' id='word_1_398' title='bbox 1426 4320 1451 4368; x_wconf 90' lang='lat' dir='ltr'><em>F</em></span> 
     </span>
    </p>

    <p class='ocr_par' dir='ltr' id='par_1_6' title="bbox 170 4387 1449 4945">
     <span class='ocr_line' id='line_1_39' title="bbox 229 4387 1448 4455; baseline -0.002 -16"><span class='ocrx_word' id='word_1_399' title='bbox 229 4391 244 4439; x_wconf 83' lang='lat'>5</span> <span class='ocrx_word' id='word_1_400' title='bbox 262 4388 377 4438; x_wconf 77' lang='lat' dir='ltr'><strong>feminini</strong></span> <span class='ocrx_word' id='word_1_401' title='bbox 394 4388 433 4455; x_wconf 90' lang='lat' dir='ltr'><strong>(et</strong></span> <span class='ocrx_word' id='word_1_402' title='bbox 451 4388 510 4439; x_wconf 83' lang='lat' dir='ltr'><strong>add.</strong></span> <span class='ocrx_word' id='word_1_403' title='bbox 529 4387 586 4452; x_wconf 86' lang='grc' dir='ltr'><strong>Ρς)</strong></span> <span class='ocrx_word' id='word_1_404' title='bbox 607 4390 694 4439; x_wconf 86' lang='lat' dir='ltr'><strong>tertiae</strong></span> <span class='ocrx_word' id='word_1_405' title='bbox 713 4388 889 4439; x_wconf 86' lang='lat' dir='ltr'><strong>declinationis</strong></span> <span class='ocrx_word' id='word_1_406' title='bbox 903 4389 1008 4439; x_wconf 87' lang='lat' dir='ltr'><strong>totidem</strong></span> <span class='ocrx_word' id='word_1_407' title='bbox 1027 4390 1103 4443; x_wconf 74' lang='lat' dir='ltr'><strong>PFs·</strong></span> <span class='ocrx_word' id='word_1_408' title='bbox 1171 4390 1188 4439; x_wconf 87' lang='lat'>8</span> <span class='ocrx_word' id='word_1_409' title='bbox 1206 4389 1288 4455; x_wconf 84' lang='lat' dir='ltr'><strong>pubes</strong></span> <span class='ocrx_word' id='word_1_410' title='bbox 1309 4389 1383 4453; x_wconf 84' lang='lat' dir='ltr'><strong>pubis</strong></span> <span class='ocrx_word' id='word_1_411' title='bbox 1402 4390 1448 4443; x_wconf 64' lang='lat' dir='ltr'><strong>Fa</strong></span> 
     </span>
     <span class='ocr_line' id='line_1_40' title="bbox 170 4457 1448 4524; baseline 0 -19"><span class='ocrx_word' id='word_1_412' title='bbox 170 4458 233 4508; x_wconf 88' lang='lat' dir='ltr'><strong>tabes</strong></span> <span class='ocrx_word' id='word_1_413' title='bbox 247 4474 273 4522; x_wconf 76' lang='lat' dir='ltr'><strong>p,</strong></span> <span class='ocrx_word' id='word_1_414' title='bbox 294 4473 339 4508; x_wconf 85' lang='lat' dir='ltr'><strong>om.</strong></span> <span class='ocrx_word' id='word_1_415' title='bbox 358 4458 383 4506; x_wconf 91' lang='lat' dir='ltr'><strong><em>P</em></strong></span> <span class='ocrx_word' id='word_1_416' title='bbox 452 4467 558 4523; x_wconf 86' lang='lat' dir='ltr'><strong>excepto</strong></span> <span class='ocrx_word' id='word_1_417' title='bbox 577 4475 626 4509; x_wconf 87' lang='lat' dir='ltr'><strong>nno</strong></span> <span class='ocrx_word' id='word_1_418' title='bbox 646 4460 712 4521; x_wconf 88' lang='lat' dir='ltr'><strong>quod</strong></span> <span class='ocrx_word' id='word_1_419' title='bbox 732 4460 845 4508; x_wconf 89' lang='lat' dir='ltr'><strong>eiusdem</strong></span> <span class='ocrx_word' id='word_1_420' title='bbox 864 4462 966 4524; x_wconf 87' lang='lat' dir='ltr'><strong>generis</strong></span> <span class='ocrx_word' id='word_1_421' title='bbox 985 4468 1023 4509; x_wconf 85' lang='lat' dir='ltr'><strong>est</strong></span> <span class='ocrx_word' id='word_1_422' title='bbox 1041 4459 1087 4509; x_wconf 87' lang='lat' dir='ltr'><strong>sed</strong></span> <span class='ocrx_word' id='word_1_423' title='bbox 1106 4460 1208 4520; x_wconf 83' lang='lat' dir='ltr'><strong>quintae</strong></span> <span class='ocrx_word' id='word_1_424' title='bbox 1227 4457 1403 4508; x_wconf 85' lang='lat' dir='ltr'><strong>declinationis</strong></span> <span class='ocrx_word' id='word_1_425' title='bbox 1421 4465 1448 4505; x_wconf 89' lang='lat' dir='ltr'><strong>ut</strong></span> 
     </span>
     <span class='ocr_line' id='line_1_41' title="bbox 170 4525 1448 4585; baseline 0.001 -10"><span class='ocrx_word' id='word_1_426' title='bbox 170 4525 223 4576; x_wconf 85' lang='lat' dir='ltr'><strong>haec</strong></span> <span class='ocrx_word' id='word_1_427' title='bbox 241 4526 303 4577; x_wconf 88' lang='lat' dir='ltr'><strong>ildcs</strong></span> <span class='ocrx_word' id='word_1_428' title='bbox 314 4528 372 4579; x_wconf 83' lang='lat' dir='ltr'><strong>fidei</strong></span> <span class='ocrx_word' id='word_1_429' title='bbox 387 4536 411 4577; x_wconf 91' lang='lat' dir='ltr'><strong>et</strong></span> <span class='ocrx_word' id='word_1_430' title='bbox 423 4544 494 4577; x_wconf 86' lang='lat' dir='ltr'><strong>ceres</strong></span> <span class='ocrx_word' id='word_1_431' title='bbox 506 4530 529 4577; x_wconf 86' lang='lat' dir='ltr'><em>F</em></span> <span class='ocrx_word' id='word_1_432' title='bbox 533 4544 550 4585; x_wconf 87' lang='grc' dir='ltr'>ς</span> <span class='ocrx_word' id='word_1_433' title='bbox 601 4531 630 4581; x_wconf 91' lang='lat' dir='ltr'><strong>ll</strong></span> <span class='ocrx_word' id='word_1_434' title='bbox 647 4530 672 4575; x_wconf 91' lang='lat' dir='ltr'><strong>in</strong></span> <span class='ocrx_word' id='word_1_435' title='bbox 691 4530 846 4579; x_wconf 88' lang='lat' dir='ltr'><strong>extremitate</strong></span> <span class='ocrx_word' id='word_1_436' title='bbox 861 4531 886 4579; x_wconf 93' lang='lat' dir='ltr'><em>F</em></span> <span class='ocrx_word' id='word_1_437' title='bbox 900 4531 926 4578; x_wconf 94' lang='lat' dir='ltr'><strong>in</strong></span> <span class='ocrx_word' id='word_1_438' title='bbox 939 4529 1027 4578; x_wconf 86' lang='lat' dir='ltr'><strong>eadem</strong></span> <span class='ocrx_word' id='word_1_439' title='bbox 1041 4529 1227 4584; x_wconf 67' lang='lat' dir='ltr'><strong>extremitates</strong></span> <span class='ocrx_word' id='word_1_440' title='bbox 1244 4528 1270 4576; x_wconf 93' lang='lat' dir='ltr'><strong>in</strong></span> <span class='ocrx_word' id='word_1_441' title='bbox 1289 4530 1448 4577; x_wconf 89' lang='lat' dir='ltr'><strong>extremitate</strong></span> 
     </span>
     <span class='ocr_line' id='line_1_42' title="bbox 171 4596 1448 4663; baseline 0.002 -20"><span class='ocrx_word' id='word_1_442' title='bbox 171 4600 250 4645; x_wconf 88' lang='lat' dir='ltr'><strong>cadem</strong></span> <span class='ocrx_word' id='word_1_443' title='bbox 266 4614 283 4662; x_wconf 79' lang='lat' dir='ltr'><strong>p</strong></span> <span class='ocrx_word' id='word_1_444' title='bbox 337 4600 369 4649; x_wconf 76' lang='lat'><strong>14</strong></span> <span class='ocrx_word' id='word_1_445' title='bbox 386 4598 567 4663; x_wconf 73' lang='lat' dir='ltr'><strong>quadripes?</strong></span> <span class='ocrx_word' id='word_1_446' title='bbox 619 4598 650 4649; x_wconf 88' lang='lat'><strong>18</strong></span> <span class='ocrx_word' id='word_1_447' title='bbox 668 4601 889 4649; x_wconf 88' lang='lat' dir='ltr'><strong>consonantemP</strong></span> <span class='ocrx_word' id='word_1_448' title='bbox 941 4600 972 4650; x_wconf 79' lang='lat'><strong>21</strong></span> <span class='ocrx_word' id='word_1_449' title='bbox 989 4599 1092 4663; x_wconf 88' lang='lat' dir='ltr'><strong>hospita</strong></span> <span class='ocrx_word' id='word_1_450' title='bbox 1109 4596 1172 4647; x_wconf 88' lang='lat' dir='ltr'><strong>iacit</strong></span> <span class='ocrx_word' id='word_1_451' title='bbox 1185 4599 1223 4661; x_wconf 83' lang='grc' dir='ltr'><strong>[ς</strong></span> <span class='ocrx_word' id='word_1_452' title='bbox 1240 4596 1367 4661; x_wconf 85' lang='lat' dir='ltr'><strong>hospitam</strong></span> <span class='ocrx_word' id='word_1_453' title='bbox 1387 4597 1448 4646; x_wconf 81' lang='lat' dir='ltr'><strong>iacit</strong></span> 
     </span>
     <span class='ocr_line' id='line_1_43' title="bbox 170 4665 1449 4734; baseline 0.002 -20"><span class='ocrx_word' id='word_1_454' title='bbox 170 4666 316 4733; x_wconf 84' lang='lat' dir='ltr'><strong>Phospitae</strong></span> <span class='ocrx_word' id='word_1_455' title='bbox 334 4666 395 4717; x_wconf 86' lang='lat' dir='ltr'><strong>iacit</strong></span> <span class='ocrx_word' id='word_1_456' title='bbox 413 4668 438 4716; x_wconf 95' lang='lat' dir='ltr'><em>F</em></span> <span class='ocrx_word' id='word_1_457' title='bbox 503 4670 537 4718; x_wconf 81' lang='lat'><strong>22</strong></span> <span class='ocrx_word' id='word_1_458' title='bbox 553 4668 616 4717; x_wconf 82' lang='lat' dir='ltr'><strong>haee</strong></span> <span class='ocrx_word' id='word_1_459' title='bbox 632 4682 707 4733; x_wconf 87' lang='lat' dir='ltr'><strong>seges</strong></span> <span class='ocrx_word' id='word_1_460' title='bbox 725 4670 815 4734; x_wconf 86' lang='lat' dir='ltr'><strong>segitis</strong></span> <span class='ocrx_word' id='word_1_461' title='bbox 840 4667 946 4733; x_wconf 85' lang='lat' dir='ltr'><strong>(segetis</strong></span> <span class='ocrx_word' id='word_1_462' title='bbox 958 4666 986 4732; x_wconf 73' lang='lat' dir='ltr'><strong>f)</strong></span> <span class='ocrx_word' id='word_1_463' title='bbox 1003 4678 1076 4733; x_wconf 85' lang='lat' dir='ltr'><strong>teges</strong></span> <span class='ocrx_word' id='word_1_464' title='bbox 1094 4669 1179 4732; x_wconf 90' lang='lat' dir='ltr'><strong>tegitis</strong></span> <span class='ocrx_word' id='word_1_465' title='bbox 1192 4665 1335 4734; x_wconf 72' lang='lat' dir='ltr'><strong>(tegetisfy</strong></span> <span class='ocrx_word' id='word_1_466' title='bbox 1349 4667 1374 4716; x_wconf 91' lang='lat' dir='ltr'><em>F</em></span> <span class='ocrx_word' id='word_1_467' title='bbox 1387 4666 1449 4717; x_wconf 88' lang='lat' dir='ltr'><strong>haec</strong></span> 
     </span>
     <span class='ocr_line' id='line_1_44' title="bbox 170 4737 1382 4805; baseline 0.002 -22"><span class='ocrx_word' id='word_1_468' title='bbox 170 4746 233 4801; x_wconf 87' lang='lat' dir='ltr'><strong>teges</strong></span> <span class='ocrx_word' id='word_1_469' title='bbox 252 4740 318 4805; x_wconf 83' lang='lat' dir='ltr'><strong>tegis</strong></span> <span class='ocrx_word' id='word_1_470' title='bbox 336 4748 360 4787; x_wconf 88' lang='lat' dir='ltr'><strong>et</strong></span> <span class='ocrx_word' id='word_1_471' title='bbox 376 4752 451 4803; x_wconf 85' lang='lat' dir='ltr'><strong>seges</strong></span> <span class='ocrx_word' id='word_1_472' title='bbox 468 4739 563 4803; x_wconf 87' lang='lat' dir='ltr'><strong>segetis</strong></span> <span class='ocrx_word' id='word_1_473' title='bbox 582 4740 606 4788; x_wconf 88' lang='lat' dir='ltr'><em>P</em></span> <span class='ocrx_word' id='word_1_474' title='bbox 676 4738 709 4790; x_wconf 64' lang='grc'><strong>93</strong></span> <span class='ocrx_word' id='word_1_475' title='bbox 726 4740 866 4787; x_wconf 86' lang='lat' dir='ltr'><strong>eommunis</strong></span> <span class='ocrx_word' id='word_1_476' title='bbox 882 4754 945 4789; x_wconf 86' lang='lat' dir='ltr'><strong>uero</strong></span> <span class='ocrx_word' id='word_1_477' title='bbox 964 4738 1103 4788; x_wconf 85' lang='lat' dir='ltr'><strong>accidentia</strong></span> <span class='ocrx_word' id='word_1_478' title='bbox 1118 4737 1177 4787; x_wconf 86' lang='lat' dir='ltr'><strong>licet</strong></span> <span class='ocrx_word' id='word_1_479' title='bbox 1194 4738 1257 4787; x_wconf 88' lang='lat' dir='ltr'><strong>haec</strong></span> <span class='ocrx_word' id='word_1_480' title='bbox 1273 4746 1339 4787; x_wconf 87' lang='lat' dir='ltr'><strong>teres</strong></span> <span class='ocrx_word' id='word_1_481' title='bbox 1358 4738 1382 4786; x_wconf 88' lang='grc' dir='ltr'><em>Ρ</em></span> 
     </span>
     <span class='ocr_line' id='line_1_45' title="bbox 171 4804 1448 4874; baseline 0.002 -21"><span class='ocrx_word' id='word_1_482' title='bbox 171 4806 198 4854; x_wconf 77' lang='lat' dir='ltr'><strong>tt</strong></span> <span class='ocrx_word' id='word_1_483' title='bbox 215 4804 253 4855; x_wconf 90' lang='lat' dir='ltr'><strong>hie</strong></span> <span class='ocrx_word' id='word_1_484' title='bbox 274 4817 298 4857; x_wconf 87' lang='lat' dir='ltr'><strong>et</strong></span> <span class='ocrx_word' id='word_1_485' title='bbox 317 4806 380 4857; x_wconf 82' lang='lat' dir='ltr'><strong>haec</strong></span> <span class='ocrx_word' id='word_1_486' title='bbox 400 4807 473 4857; x_wconf 87' lang='lat' dir='ltr'><strong>dines</strong></span> <span class='ocrx_word' id='word_1_487' title='bbox 493 4806 575 4857; x_wconf 88' lang='lat' dir='ltr'><strong>hicet</strong></span> <span class='ocrx_word' id='word_1_488' title='bbox 594 4808 655 4858; x_wconf 86' lang='lat' dir='ltr'><strong>haec</strong></span> <span class='ocrx_word' id='word_1_489' title='bbox 672 4824 756 4859; x_wconf 89' lang='lat' dir='ltr'><strong>comes</strong></span> <span class='ocrx_word' id='word_1_490' title='bbox 780 4824 870 4874; x_wconf 86' lang='lat' dir='ltr'><strong>sospes</strong></span> <span class='ocrx_word' id='word_1_491' title='bbox 892 4808 933 4858; x_wconf 91' lang='lat' dir='ltr'><strong>hic</strong></span> <span class='ocrx_word' id='word_1_492' title='bbox 956 4816 981 4858; x_wconf 91' lang='lat' dir='ltr'><strong>et</strong></span> <span class='ocrx_word' id='word_1_493' title='bbox 998 4808 1061 4858; x_wconf 88' lang='lat' dir='ltr'><strong>haec</strong></span> <span class='ocrx_word' id='word_1_494' title='bbox 1079 4806 1157 4857; x_wconf 86' lang='lat' dir='ltr'><strong>hebes</strong></span> <span class='ocrx_word' id='word_1_495' title='bbox 1176 4815 1304 4873; x_wconf 85' lang='lat' dir='ltr'><strong>superstes</strong></span> <span class='ocrx_word' id='word_1_496' title='bbox 1322 4810 1348 4858; x_wconf 89' lang='lat' dir='ltr'><strong><em>P</em></strong></span> <span class='ocrx_word' id='word_1_497' title='bbox 1362 4807 1405 4857; x_wconf 91' lang='lat' dir='ltr'><strong>hic</strong></span> <span class='ocrx_word' id='word_1_498' title='bbox 1423 4814 1448 4856; x_wconf 89' lang='lat' dir='ltr'><strong>et</strong></span> 
     </span>
     <span class='ocr_line' id='line_1_46' title="bbox 171 4872 1231 4945; baseline 0.003 -22"><span class='ocrx_word' id='word_1_499' title='bbox 171 4872 226 4925; x_wconf 87' lang='lat' dir='ltr'><strong>baec</strong></span> <span class='ocrx_word' id='word_1_500' title='bbox 243 4878 314 4927; x_wconf 84' lang='lat' dir='ltr'><strong>dines</strong></span> <span class='ocrx_word' id='word_1_501' title='bbox 333 4876 373 4927; x_wconf 90' lang='lat' dir='ltr'><strong>bic</strong></span> <span class='ocrx_word' id='word_1_502' title='bbox 391 4886 416 4926; x_wconf 90' lang='lat' dir='ltr'><strong>et</strong></span> <span class='ocrx_word' id='word_1_503' title='bbox 434 4876 496 4927; x_wconf 90' lang='lat' dir='ltr'><strong>haec</strong></span> <span class='ocrx_word' id='word_1_504' title='bbox 514 4876 591 4929; x_wconf 88' lang='lat' dir='ltr'><strong>hebes</strong></span> <span class='ocrx_word' id='word_1_505' title='bbox 610 4893 693 4929; x_wconf 81' lang='lat' dir='ltr'><strong>comes</strong></span> <span class='ocrx_word' id='word_1_506' title='bbox 713 4879 811 4929; x_wconf 88' lang='lat' dir='ltr'><strong>comitis</strong></span> <span class='ocrx_word' id='word_1_507' title='bbox 830 4894 919 4945; x_wconf 86' lang='lat' dir='ltr'><strong>sospes</strong></span> <span class='ocrx_word' id='word_1_508' title='bbox 935 4879 1040 4943; x_wconf 88' lang='lat' dir='ltr'><strong>sospitis</strong></span> <span class='ocrx_word' id='word_1_509' title='bbox 1056 4884 1187 4943; x_wconf 87' lang='lat' dir='ltr'><strong>superstes</strong></span> <span class='ocrx_word' id='word_1_510' title='bbox 1206 4877 1231 4926; x_wconf 87' lang='lat' dir='ltr'><em>F</em></span> 
     </span>
    </p>
   </div>
   <div class='ocr_carea' id='block_1_6' title="bbox 0 0 1772 5600">
    <p class='ocr_par' dir='ltr' id='par_1_7' title="bbox 0 0 1772 5600">
     <span class='ocr_line' id='line_1_47' title="bbox 0 0 1772 5600; baseline 0 0"><span class='ocrx_word' id='word_1_511' title='bbox 0 0 1772 5600; x_wconf 95' lang='lat' dir='ltr'><strong> </strong></span> 
     </span>
    </p>
   </div>
  </div>
 </body>
</html>
