<?xml version="1.0" encoding="UTF-8"?>
<!DOCTYPE html PUBLIC "-//W3C//DTD XHTML 1.0 Transitional//EN"
    "http://www.w3.org/TR/xhtml1/DTD/xhtml1-transitional.dtd">
<html xmlns="http://www.w3.org/1999/xhtml" xml:lang="en" lang="en">
 <head>
  <title>
</title>
<meta http-equiv="Content-Type" content="text/html;charset=utf-8" />
  <meta name='ocr-system' content='tesseract 3.04.00' />
  <meta name='ocr-capabilities' content='ocr_page ocr_carea ocr_par ocr_line ocrx_word'/>
</head>
<body>
  <div class='ocr_page' id='page_1' title='image "./grammaticilatin03hagagoog_0227.png"; bbox 0 0 3525 5600; ppageno 0'>
   <div class='ocr_carea' id='block_1_1' title="bbox 656 403 1421 468">
    <p class='ocr_par' dir='ltr' id='par_1_1' title="bbox 656 403 1421 468">
     <span class='ocr_line' id='line_1_1' title="bbox 656 403 1421 468; baseline 0.001 -2"><span class='ocrx_word' id='word_1_1' title='bbox 656 403 891 466; x_wconf 84' lang='lat' dir='ltr'><strong>COMMENTVM</strong></span> <span class='ocrx_word' id='word_1_2' title='bbox 1358 403 1421 468; x_wconf 79' lang='lat'>217</span> 
     </span>
    </p>
   </div>
   <div class='ocr_carea' id='block_1_2' title="bbox 155 513 1450 676">
    <p class='ocr_par' dir='ltr' id='par_1_2' title="bbox 155 513 1450 676">
     <span class='ocr_line' id='line_1_2' title="bbox 1237 513 1396 566; baseline 0.006 -13"><span class='ocrx_word' id='word_1_3' title='bbox 1237 525 1259 566; x_wconf 73' lang='lat' dir='ltr'>p.</span> <span class='ocrx_word' id='word_1_4' title='bbox 1272 515 1360 554; x_wconf 80' lang='lat' dir='ltr'>ors-n</span> <span class='ocrx_word' id='word_1_5' title='bbox 1373 513 1396 554; x_wconf 78' lang='grc' dir='ltr'>ι,</span> 
     </span>
     <span class='ocr_line' id='line_1_3' title="bbox 155 589 1450 676; baseline -0.005 -22"><span class='ocrx_word' id='word_1_6' title='bbox 155 611 198 676; x_wconf 91' lang='lat' dir='ltr'>per</span> <span class='ocrx_word' id='word_1_7' title='bbox 215 590 324 661; x_wconf 87' lang='lat' dir='ltr'>modos,</span> <span class='ocrx_word' id='word_1_8' title='bbox 354 609 413 652; x_wconf 89' lang='lat' dir='ltr'>non</span> <span class='ocrx_word' id='word_1_9' title='bbox 443 597 490 652; x_wconf 89' lang='lat' dir='ltr'>est</span> <span class='ocrx_word' id='word_1_10' title='bbox 517 591 637 667; x_wconf 89' lang='lat' dir='ltr'>modus,</span> <span class='ocrx_word' id='word_1_11' title='bbox 662 589 714 652; x_wconf 88' lang='lat' dir='ltr'>sed</span> <span class='ocrx_word' id='word_1_12' title='bbox 737 591 860 654; x_wconf 87' lang='lat' dir='ltr'>verbum</span> <span class='ocrx_word' id='word_1_13' title='bbox 884 600 937 654; x_wconf 88' lang='lat' dir='ltr'>est.</span> <span class='ocrx_word' id='word_1_14' title='bbox 983 592 1031 654; x_wconf 88' lang='lat' dir='ltr'>lric</span> <span class='ocrx_word' id='word_1_15' title='bbox 1053 602 1153 654; x_wconf 90' lang='lat' dir='ltr'>autem</span> <span class='ocrx_word' id='word_1_16' title='bbox 1181 593 1288 654; x_wconf 90' lang='lat' dir='ltr'>modus</span> <span class='ocrx_word' id='word_1_17' title='bbox 1310 595 1371 654; x_wconf 85' lang='lat' dir='ltr'>exit</span> <span class='ocrx_word' id='word_1_18' title='bbox 1390 595 1450 654; x_wconf 62' lang='lat' dir='ltr'>inx</span> 
     </span>
    </p>
   </div>
   <div class='ocr_carea' id='block_1_3' title="bbox 68 673 1424 1191">
    <p class='ocr_par' dir='ltr' id='par_1_3' title="bbox 68 673 1424 1191">
     <span class='ocr_line' id='line_1_4' title="bbox 154 673 1420 774; baseline -0.004 -14"><span class='ocrx_word' id='word_1_19' title='bbox 154 709 202 760; x_wconf 85' lang='lat' dir='ltr'>tros</span> <span class='ocrx_word' id='word_1_20' title='bbox 220 692 356 774; x_wconf 76' lang='lat' dir='ltr'>syllabas,</span> <span class='ocrx_word' id='word_1_21' title='bbox 379 693 410 755; x_wconf 91' lang='lat' dir='ltr'>iu</span> <span class='ocrx_word' id='word_1_22' title='bbox 433 705 495 766; x_wconf 85' lang='lat' dir='ltr'>tur,</span> <span class='ocrx_word' id='word_1_23' title='bbox 518 696 549 756; x_wconf 93' lang='lat' dir='ltr'>in</span> <span class='ocrx_word' id='word_1_24' title='bbox 572 695 607 764; x_wconf 92' lang='lat' dir='ltr'>it,</span> <span class='ocrx_word' id='word_1_25' title='bbox 630 693 661 754; x_wconf 94' lang='lat' dir='ltr'>in</span> <span class='ocrx_word' id='word_1_26' title='bbox 685 699 728 754; x_wconf 91' lang='lat' dir='ltr'>et:</span> <span class='ocrx_word' id='word_1_27' title='bbox 751 694 782 756; x_wconf 86' lang='lat' dir='ltr'>ln</span> <span class='ocrx_word' id='word_1_28' title='bbox 805 703 862 764; x_wconf 87' lang='lat' dir='ltr'>tur,</span> <span class='ocrx_word' id='word_1_29' title='bbox 886 673 995 774; x_wconf 85' lang='lat' dir='ltr'>legitur</span> <span class='ocrx_word' id='word_1_30' title='bbox 1017 695 1168 766; x_wconf 72' lang='lat' dir='ltr'><strong>scribitur,</strong></span> <span class='ocrx_word' id='word_1_31' title='bbox 1191 697 1221 756; x_wconf 94' lang='lat' dir='ltr'>iu</span> <span class='ocrx_word' id='word_1_32' title='bbox 1243 696 1280 766; x_wconf 92' lang='lat' dir='ltr'>it,</span> <span class='ocrx_word' id='word_1_33' title='bbox 1304 696 1420 756; x_wconf 88' lang='lat' dir='ltr'>contiu-</span> 
     </span>
     <span class='ocr_line' id='line_1_5' title="bbox 154 795 1420 878; baseline -0.001 -19"><span class='ocrx_word' id='word_1_34' title='bbox 154 801 197 878; x_wconf 85' lang='lat' dir='ltr'>git,</span> <span class='ocrx_word' id='word_1_35' title='bbox 216 799 243 858; x_wconf 91' lang='lat' dir='ltr'>in</span> <span class='ocrx_word' id='word_1_36' title='bbox 265 802 302 866; x_wconf 92' lang='lat' dir='ltr'>et,</span> <span class='ocrx_word' id='word_1_37' title='bbox 325 795 428 877; x_wconf 88' lang='lat' dir='ltr'>pudet.</span> <span class='ocrx_word' id='word_1_38' title='bbox 459 796 511 858; x_wconf 90' lang='lat' dir='ltr'>sed</span> <span class='ocrx_word' id='word_1_39' title='bbox 534 814 609 878; x_wconf 89' lang='lat' dir='ltr'>quac</span> <span class='ocrx_word' id='word_1_40' title='bbox 630 797 661 856; x_wconf 93' lang='lat' dir='ltr'>iu</span> <span class='ocrx_word' id='word_1_41' title='bbox 683 804 731 858; x_wconf 92' lang='lat' dir='ltr'>tur</span> <span class='ocrx_word' id='word_1_42' title='bbox 754 805 784 860; x_wconf 90' lang='lat' dir='ltr'>et</span> <span class='ocrx_word' id='word_1_43' title='bbox 804 799 836 858; x_wconf 94' lang='lat' dir='ltr'>iu</span> <span class='ocrx_word' id='word_1_44' title='bbox 858 799 882 858; x_wconf 92' lang='lat' dir='ltr'>it</span> <span class='ocrx_word' id='word_1_45' title='bbox 904 805 1012 859; x_wconf 80' lang='lat' dir='ltr'>exeunt</span> <span class='ocrx_word' id='word_1_46' title='bbox 1035 796 1071 860; x_wconf 86' lang='lat' dir='ltr'>ab</span> <span class='ocrx_word' id='word_1_47' title='bbox 1093 798 1251 860; x_wconf 79' lang='lat' dir='ltr'>indicativo</span> <span class='ocrx_word' id='word_1_48' title='bbox 1274 799 1420 868; x_wconf 87' lang='lat' dir='ltr'>criuntur,</span> 
     </span>
     <span class='ocr_line' id='line_1_6' title="bbox 152 898 1422 978; baseline -0.004 -14"><span class='ocrx_word' id='word_1_49' title='bbox 152 909 179 964; x_wconf 90' lang='lat' dir='ltr'>ut</span> <span class='ocrx_word' id='word_1_50' title='bbox 195 898 254 978; x_wconf 91' lang='lat' dir='ltr'>lego</span> <span class='ocrx_word' id='word_1_51' title='bbox 274 899 398 977; x_wconf 86' lang='lat' dir='ltr'>legitur,</span> <span class='ocrx_word' id='word_1_52' title='bbox 421 899 561 978; x_wconf 92' lang='lat' dir='ltr'>contingo</span> <span class='ocrx_word' id='word_1_53' title='bbox 583 899 735 978; x_wconf 86' lang='lat' dir='ltr'>contingit.</span> <span class='ocrx_word' id='word_1_54' title='bbox 780 898 846 978; x_wconf 90' lang='lat' dir='ltr'>lego</span> <span class='ocrx_word' id='word_1_55' title='bbox 868 899 1045 962; x_wconf 78' lang='lat' dir='ltr'>indicativus</span> <span class='ocrx_word' id='word_1_56' title='bbox 1066 909 1126 971; x_wconf 88' lang='lat' dir='ltr'>est,</span> <span class='ocrx_word' id='word_1_57' title='bbox 1149 901 1289 978; x_wconf 87' lang='lat' dir='ltr'>contingo</span> <span class='ocrx_word' id='word_1_58' title='bbox 1310 899 1422 962; x_wconf 90' lang='lat' dir='ltr'>indica-</span> 
     </span>
     <span class='ocr_line' id='line_1_7' title="bbox 135 999 1424 1083; baseline 0.001 -23"><span class='ocrx_word' id='word_1_59' title='bbox 135 1004 213 1064; x_wconf 82' lang='lat' dir='ltr'>sdrus</span> <span class='ocrx_word' id='word_1_60' title='bbox 239 1005 297 1068; x_wconf 90' lang='lat' dir='ltr'>est;</span> <span class='ocrx_word' id='word_1_61' title='bbox 327 999 397 1060; x_wconf 93' lang='lat' dir='ltr'>inde</span> <span class='ocrx_word' id='word_1_62' title='bbox 426 1001 558 1062; x_wconf 88' lang='lat' dir='ltr'>nascitur</span> <span class='ocrx_word' id='word_1_63' title='bbox 586 1000 694 1080; x_wconf 87' lang='lat' dir='ltr'>legitur</span> <span class='ocrx_word' id='word_1_64' title='bbox 723 1009 752 1062; x_wconf 85' lang='grc' dir='ltr'><strong>ει</strong></span> <span class='ocrx_word' id='word_1_65' title='bbox 780 1004 934 1081; x_wconf 84' lang='lat' dir='ltr'>contingit</span> <span class='ocrx_word' id='word_1_66' title='bbox 978 1021 1054 1083; x_wconf 89' lang='lat' dir='ltr'>quae</span> <span class='ocrx_word' id='word_1_67' title='bbox 1081 1004 1113 1064; x_wconf 93' lang='lat' dir='ltr'>in</span> <span class='ocrx_word' id='word_1_68' title='bbox 1141 1009 1171 1064; x_wconf 88' lang='lat' dir='ltr'>et</span> <span class='ocrx_word' id='word_1_69' title='bbox 1199 1009 1321 1072; x_wconf 83' lang='lat' dir='ltr'>exeunt,</span> <span class='ocrx_word' id='word_1_70' title='bbox 1350 1001 1424 1063; x_wconf 85' lang='lat' dir='ltr'>duas</span> 
     </span>
     <span class='ocr_line' id='line_1_8' title="bbox 68 1101 1421 1191; baseline -0.001 -26"><span class='ocrx_word' id='word_1_71' title='bbox 68 1178 71 1191; x_wconf 28' lang='grc' dir='ltr'>ι</span> <span class='ocrx_word' id='word_1_72' title='bbox 152 1103 245 1166; x_wconf 82' lang='lat' dir='ltr'>labent</span> <span class='ocrx_word' id='word_1_73' title='bbox 263 1103 512 1182; x_wconf 86' lang='lat' dir='ltr'>significationes;</span> <span class='ocrx_word' id='word_1_74' title='bbox 542 1101 699 1181; x_wconf 89' lang='lat' dir='ltr'>aliquando</span> <span class='ocrx_word' id='word_1_75' title='bbox 728 1123 744 1166; x_wconf 94' lang='lat' dir='ltr'>a</span> <span class='ocrx_word' id='word_1_76' title='bbox 773 1123 805 1164; x_wconf 87' lang='lat' dir='ltr'>se</span> <span class='ocrx_word' id='word_1_77' title='bbox 828 1105 981 1173; x_wconf 88' lang='lat' dir='ltr'>oriuntur,</span> <span class='ocrx_word' id='word_1_78' title='bbox 1005 1103 1162 1183; x_wconf 90' lang='lat' dir='ltr'>aliquando</span> <span class='ocrx_word' id='word_1_79' title='bbox 1185 1104 1222 1166; x_wconf 88' lang='lat' dir='ltr'>ab</span> <span class='ocrx_word' id='word_1_80' title='bbox 1244 1104 1310 1165; x_wconf 88' lang='lat' dir='ltr'>aliis</span> <span class='ocrx_word' id='word_1_81' title='bbox 1332 1105 1421 1182; x_wconf 84' lang='lat' dir='ltr'>origi·</span> 
     </span>
    </p>
   </div>
   <div class='ocr_carea' id='block_1_4' title="bbox 120 1205 1546 4353">
    <p class='ocr_par' dir='ltr' id='par_1_4' title="bbox 120 1205 1525 3210">
     <span class='ocr_line' id='line_1_9' title="bbox 152 1205 1422 1287; baseline -0.002 -18"><span class='ocrx_word' id='word_1_82' title='bbox 152 1225 207 1269; x_wconf 84' lang='lat' dir='ltr'>neor</span> <span class='ocrx_word' id='word_1_83' title='bbox 231 1205 351 1265; x_wconf 89' lang='lat' dir='ltr'>ducunt.</span> <span class='ocrx_word' id='word_1_84' title='bbox 396 1224 412 1266; x_wconf 93' lang='lat' dir='ltr'>a</span> <span class='ocrx_word' id='word_1_85' title='bbox 440 1221 472 1266; x_wconf 91' lang='lat' dir='ltr'>se</span> <span class='ocrx_word' id='word_1_86' title='bbox 500 1207 649 1282; x_wconf 87' lang='lat' dir='ltr'>oriuntur,</span> <span class='ocrx_word' id='word_1_87' title='bbox 680 1206 706 1268; x_wconf 91' lang='lat' dir='ltr'>si</span> <span class='ocrx_word' id='word_1_88' title='bbox 734 1205 815 1269; x_wconf 92' lang='lat' dir='ltr'>dicas</span> <span class='ocrx_word' id='word_1_89' title='bbox 840 1205 934 1287; x_wconf 93' lang='lat' dir='ltr'>pudet</span> <span class='ocrx_word' id='word_1_90' title='bbox 960 1207 1072 1268; x_wconf 87' lang='lat' dir='ltr'>taedet:</span> <span class='ocrx_word' id='word_1_91' title='bbox 1109 1226 1198 1268; x_wconf 88' lang='lat' dir='ltr'>nemo</span> <span class='ocrx_word' id='word_1_92' title='bbox 1227 1205 1298 1267; x_wconf 92' lang='lat' dir='ltr'>dicit</span> <span class='ocrx_word' id='word_1_93' title='bbox 1323 1205 1422 1286; x_wconf 88' lang='lat' dir='ltr'>pudeo</span> 
     </span>
     <span class='ocr_line' id='line_1_10' title="bbox 151 1306 1423 1390; baseline -0.002 -20"><span class='ocrx_word' id='word_1_94' title='bbox 151 1308 254 1376; x_wconf 90' lang='lat' dir='ltr'>taedeo;</span> <span class='ocrx_word' id='word_1_95' title='bbox 282 1324 355 1386; x_wconf 92' lang='lat' dir='ltr'>ergo</span> <span class='ocrx_word' id='word_1_96' title='bbox 379 1306 459 1368; x_wconf 87' lang='lat' dir='ltr'>vides</span> <span class='ocrx_word' id='word_1_97' title='bbox 482 1327 498 1368; x_wconf 92' lang='lat' dir='ltr'>a</span> <span class='ocrx_word' id='word_1_98' title='bbox 520 1325 553 1368; x_wconf 88' lang='lat' dir='ltr'>se</span> <span class='ocrx_word' id='word_1_99' title='bbox 576 1309 667 1368; x_wconf 87' lang='lat' dir='ltr'>nasci.</span> <span class='ocrx_word' id='word_1_100' title='bbox 713 1307 887 1389; x_wconf 86' lang='lat' dir='ltr'>[aliquando</span> <span class='ocrx_word' id='word_1_101' title='bbox 909 1328 925 1370; x_wconf 91' lang='lat' dir='ltr'>a</span> <span class='ocrx_word' id='word_1_102' title='bbox 948 1327 980 1370; x_wconf 86' lang='lat' dir='ltr'>se</span> <span class='ocrx_word' id='word_1_103' title='bbox 1007 1307 1156 1389; x_wconf 90' lang='lat' dir='ltr'>oriuntur]</span> <span class='ocrx_word' id='word_1_104' title='bbox 1185 1308 1342 1390; x_wconf 90' lang='lat' dir='ltr'>aliquando</span> <span class='ocrx_word' id='word_1_105' title='bbox 1371 1306 1423 1369; x_wconf 90' lang='lat' dir='ltr'>ali-</span> 
     </span>
     <span class='ocr_line' id='line_1_11' title="bbox 152 1410 1424 1488; baseline -0.001 -17"><span class='ocrx_word' id='word_1_106' title='bbox 152 1410 216 1472; x_wconf 91' lang='lat' dir='ltr'>uude</span> <span class='ocrx_word' id='word_1_107' title='bbox 235 1411 376 1488; x_wconf 80' lang='lat' dir='ltr'>originem</span> <span class='ocrx_word' id='word_1_108' title='bbox 399 1417 532 1471; x_wconf 88' lang='lat' dir='ltr'>sumunt:</span> <span class='ocrx_word' id='word_1_109' title='bbox 556 1410 581 1470; x_wconf 93' lang='lat' dir='ltr'>si</span> <span class='ocrx_word' id='word_1_110' title='bbox 603 1410 675 1472; x_wconf 82' lang='lat' dir='ltr'>selis</span> <span class='ocrx_word' id='word_1_111' title='bbox 697 1410 798 1472; x_wconf 89' lang='lat' dir='ltr'>dicere</span> <span class='ocrx_word' id='word_1_112' title='bbox 813 1414 973 1482; x_wconf 89' lang='lat' dir='ltr'>misereor,</span> <span class='ocrx_word' id='word_1_113' title='bbox 997 1429 1068 1474; x_wconf 89' lang='lat' dir='ltr'>ecce</span> <span class='ocrx_word' id='word_1_114' title='bbox 1083 1410 1205 1473; x_wconf 84' lang='lat' dir='ltr'>verbum</span> <span class='ocrx_word' id='word_1_115' title='bbox 1222 1417 1280 1482; x_wconf 86' lang='lat' dir='ltr'>est,</span> <span class='ocrx_word' id='word_1_116' title='bbox 1305 1418 1333 1472; x_wconf 92' lang='grc' dir='ltr'><strong>ει</strong></span> <span class='ocrx_word' id='word_1_117' title='bbox 1354 1411 1424 1471; x_wconf 90' lang='lat' dir='ltr'>lacit</span> 
     </span>
     <span class='ocr_line' id='line_1_12' title="bbox 124 1511 1423 1592; baseline 0.001 -21"><span class='ocrx_word' id='word_1_118' title='bbox 124 1514 209 1574; x_wconf 86' lang='lat' dir='ltr'>ninde</span> <span class='ocrx_word' id='word_1_119' title='bbox 228 1514 356 1574; x_wconf 79' lang='lat' dir='ltr'>miseret.</span> <span class='ocrx_word' id='word_1_120' title='bbox 400 1511 477 1574; x_wconf 88' lang='lat' dir='ltr'>scire</span> <span class='ocrx_word' id='word_1_121' title='bbox 500 1511 592 1574; x_wconf 86' lang='lat' dir='ltr'>debes</span> <span class='ocrx_word' id='word_1_122' title='bbox 614 1514 753 1592; x_wconf 91' lang='lat' dir='ltr'>quoniam</span> <span class='ocrx_word' id='word_1_123' title='bbox 781 1515 820 1574; x_wconf 89' lang='lat' dir='ltr'>ita</span> <span class='ocrx_word' id='word_1_124' title='bbox 848 1513 1000 1576; x_wconf 86' lang='lat' dir='ltr'>delinitum</span> <span class='ocrx_word' id='word_1_125' title='bbox 1024 1520 1069 1575; x_wconf 87' lang='lat' dir='ltr'>cst</span> <span class='ocrx_word' id='word_1_126' title='bbox 1090 1515 1120 1575; x_wconf 90' lang='lat' dir='ltr'>iu</span> <span class='ocrx_word' id='word_1_127' title='bbox 1143 1520 1216 1574; x_wconf 89' lang='lat' dir='ltr'>arte.</span> <span class='ocrx_word' id='word_1_128' title='bbox 1260 1520 1292 1574; x_wconf 91' lang='lat' dir='ltr'>tu</span> <span class='ocrx_word' id='word_1_129' title='bbox 1314 1520 1423 1580; x_wconf 91' lang='lat' dir='ltr'>tameu,</span> 
     </span>
     <span class='ocr_line' id='line_1_13' title="bbox 151 1613 1525 1695; baseline -0.001 -17"><span class='ocrx_word' id='word_1_130' title='bbox 151 1617 170 1678; x_wconf 91' lang='lat' dir='ltr'>si</span> <span class='ocrx_word' id='word_1_131' title='bbox 191 1613 306 1676; x_wconf 81' lang='lat' dir='ltr'>nolueris</span> <span class='ocrx_word' id='word_1_132' title='bbox 334 1614 419 1694; x_wconf 86' lang='lat' dir='ltr'>sequi</span> <span class='ocrx_word' id='word_1_133' title='bbox 440 1631 524 1684; x_wconf 88' lang='lat' dir='ltr'>vera,</span> <span class='ocrx_word' id='word_1_134' title='bbox 552 1615 681 1695; x_wconf 83' lang='lat' dir='ltr'>require.</span> <span class='ocrx_word' id='word_1_135' title='bbox 726 1617 782 1676; x_wconf 90' lang='lat' dir='ltr'>ista</span> <span class='ocrx_word' id='word_1_136' title='bbox 811 1615 900 1678; x_wconf 83' lang='lat' dir='ltr'>verba</span> <span class='ocrx_word' id='word_1_137' title='bbox 928 1615 1072 1678; x_wconf 77' lang='lat' dir='ltr'>defectiva</span> <span class='ocrx_word' id='word_1_138' title='bbox 1098 1624 1181 1685; x_wconf 91' lang='lat' dir='ltr'>sunt;</span> <span class='ocrx_word' id='word_1_139' title='bbox 1211 1614 1264 1676; x_wconf 88' lang='lat' dir='ltr'>sed</span> <span class='ocrx_word' id='word_1_140' title='bbox 1287 1614 1525 1695; x_wconf 74' lang='lat' dir='ltr'>quoniamraqs</span> 
     </span>
     <span class='ocr_line' id='line_1_14' title="bbox 152 1716 1423 1798; baseline -0.002 -20"><span class='ocrx_word' id='word_1_141' title='bbox 152 1717 320 1788; x_wconf 84' lang='lat' dir='ltr'>deiecerunt,</span> <span class='ocrx_word' id='word_1_142' title='bbox 351 1723 532 1798; x_wconf 85' lang='lat' dir='ltr'>acceperunt</span> <span class='ocrx_word' id='word_1_143' title='bbox 557 1718 701 1796; x_wconf 79' lang='lat' dir='ltr'>imagines</span> <span class='ocrx_word' id='word_1_144' title='bbox 730 1719 956 1796; x_wconf 84' lang='lat' dir='ltr'>pronominum,</span> <span class='ocrx_word' id='word_1_145' title='bbox 984 1725 1017 1779; x_wconf 94' lang='lat' dir='ltr'>ut</span> <span class='ocrx_word' id='word_1_146' title='bbox 1045 1717 1126 1780; x_wconf 90' lang='lat' dir='ltr'>illum</span> <span class='ocrx_word' id='word_1_147' title='bbox 1154 1717 1303 1778; x_wconf 89' lang='lat' dir='ltr'>delectum</span> <span class='ocrx_word' id='word_1_148' title='bbox 1325 1716 1423 1796; x_wconf 88' lang='lat' dir='ltr'>expri-</span> 
     </span>
     <span class='ocr_line' id='line_1_15' title="bbox 150 1817 1423 1898; baseline -0.002 -18"><span class='ocrx_word' id='word_1_149' title='bbox 150 1826 263 1888; x_wconf 84' lang='lat' dir='ltr'>merent;</span> <span class='ocrx_word' id='word_1_150' title='bbox 286 1823 418 1880; x_wconf 90' lang='lat' dir='ltr'>ceterum</span> <span class='ocrx_word' id='word_1_151' title='bbox 441 1817 530 1880; x_wconf 86' lang='lat' dir='ltr'>rerba</span> <span class='ocrx_word' id='word_1_152' title='bbox 552 1825 622 1880; x_wconf 90' lang='lat' dir='ltr'>sunt</span> <span class='ocrx_word' id='word_1_153' title='bbox 642 1819 799 1882; x_wconf 78' lang='lat' dir='ltr'>defectiva.</span> <span class='ocrx_word' id='word_1_154' title='bbox 842 1821 886 1880; x_wconf 83' lang='lat' dir='ltr'>vis</span> <span class='ocrx_word' id='word_1_155' title='bbox 906 1821 985 1882; x_wconf 90' lang='lat' dir='ltr'>scire</span> <span class='ocrx_word' id='word_1_156' title='bbox 1007 1822 1148 1898; x_wconf 88' lang='lat' dir='ltr'>quoniam</span> <span class='ocrx_word' id='word_1_157' title='bbox 1171 1818 1260 1880; x_wconf 86' lang='lat' dir='ltr'>rerba</span> <span class='ocrx_word' id='word_1_158' title='bbox 1282 1826 1352 1880; x_wconf 89' lang='lat' dir='ltr'>snut</span> <span class='ocrx_word' id='word_1_159' title='bbox 1373 1817 1423 1878; x_wconf 89' lang='lat' dir='ltr'>de·</span> 
     </span>
     <span class='ocr_line' id='line_1_16' title="bbox 152 1919 1425 2002; baseline -0.002 -19"><span class='ocrx_word' id='word_1_160' title='bbox 152 1923 258 1984; x_wconf 84' lang='lat' dir='ltr'>iectiral</span> <span class='ocrx_word' id='word_1_161' title='bbox 285 1922 363 2000; x_wconf 77' lang='lat' dir='ltr'>lunga</span> <span class='ocrx_word' id='word_1_162' title='bbox 390 1919 629 1992; x_wconf 86' lang='lat' dir='ltr'>similitudinem,</span> <span class='ocrx_word' id='word_1_163' title='bbox 659 1928 688 1982; x_wconf 84' lang='lat' dir='ltr'>et</span> <span class='ocrx_word' id='word_1_164' title='bbox 713 1923 846 1983; x_wconf 87' lang='lat' dir='ltr'>invenies</span> <span class='ocrx_word' id='word_1_165' title='bbox 879 1924 978 1983; x_wconf 87' lang='lat' dir='ltr'>omnia</span> <span class='ocrx_word' id='word_1_166' title='bbox 1007 1921 1095 1985; x_wconf 84' lang='lat' dir='ltr'>verba</span> <span class='ocrx_word' id='word_1_167' title='bbox 1122 1920 1322 2002; x_wconf 88' lang='lat' dir='ltr'>inperscnalia</span> <span class='ocrx_word' id='word_1_168' title='bbox 1350 1938 1425 2001; x_wconf 88' lang='lat' dir='ltr'>quae</span> 
     </span>
     <span class='ocr_line' id='line_1_17' title="bbox 123 2022 1426 2106; baseline 0.003 -27"><span class='ocrx_word' id='word_1_169' title='bbox 123 2025 174 2085; x_wconf 83' lang='lat' dir='ltr'>nin</span> <span class='ocrx_word' id='word_1_170' title='bbox 198 2032 225 2086; x_wconf 93' lang='lat' dir='ltr'>et</span> <span class='ocrx_word' id='word_1_171' title='bbox 251 2031 358 2085; x_wconf 79' lang='lat' dir='ltr'>exeunt</span> <span class='ocrx_word' id='word_1_172' title='bbox 385 2023 465 2103; x_wconf 89' lang='lat' dir='ltr'>quod</span> <span class='ocrx_word' id='word_1_173' title='bbox 492 2043 509 2084; x_wconf 90' lang='lat' dir='ltr'>a</span> <span class='ocrx_word' id='word_1_174' title='bbox 537 2023 667 2086; x_wconf 89' lang='lat' dir='ltr'>secunda</span> <span class='ocrx_word' id='word_1_175' title='bbox 701 2025 908 2103; x_wconf 90' lang='lat' dir='ltr'>coniugatione</span> <span class='ocrx_word' id='word_1_176' title='bbox 941 2026 1071 2086; x_wconf 88' lang='lat' dir='ltr'>veniunt.</span> <span class='ocrx_word' id='word_1_177' title='bbox 1116 2032 1193 2106; x_wconf 87' lang='lat' dir='ltr'>puta-</span> <span class='ocrx_word' id='word_1_178' title='bbox 1217 2023 1309 2085; x_wconf 90' lang='lat' dir='ltr'>doceo</span> <span class='ocrx_word' id='word_1_179' title='bbox 1337 2022 1426 2084; x_wconf 89' lang='lat' dir='ltr'>doces</span> 
     </span>
     <span class='ocr_line' id='line_1_18' title="bbox 151 2124 1425 2206; baseline -0.002 -20"><span class='ocrx_word' id='word_1_180' title='bbox 151 2126 237 2196; x_wconf 87' lang='lat' dir='ltr'>docet,</span> <span class='ocrx_word' id='word_1_181' title='bbox 264 2125 355 2186; x_wconf 89' lang='lat' dir='ltr'>sedeo</span> <span class='ocrx_word' id='word_1_182' title='bbox 382 2125 469 2187; x_wconf 91' lang='lat' dir='ltr'>sedes</span> <span class='ocrx_word' id='word_1_183' title='bbox 496 2125 595 2196; x_wconf 89' lang='lat' dir='ltr'>sedet;</span> <span class='ocrx_word' id='word_1_184' title='bbox 625 2145 696 2188; x_wconf 89' lang='lat' dir='ltr'>ecce</span> <span class='ocrx_word' id='word_1_185' title='bbox 723 2127 753 2186; x_wconf 92' lang='lat' dir='ltr'>in</span> <span class='ocrx_word' id='word_1_186' title='bbox 777 2133 806 2186; x_wconf 88' lang='lat' dir='ltr'>et</span> <span class='ocrx_word' id='word_1_187' title='bbox 828 2132 946 2186; x_wconf 86' lang='lat' dir='ltr'>exeunt.</span> <span class='ocrx_word' id='word_1_188' title='bbox 989 2127 1036 2188; x_wconf 89' lang='lat' dir='ltr'>lac</span> <span class='ocrx_word' id='word_1_189' title='bbox 1059 2133 1089 2187; x_wconf 94' lang='lat' dir='ltr'>et</span> <span class='ocrx_word' id='word_1_190' title='bbox 1110 2124 1183 2188; x_wconf 92' lang='lat' dir='ltr'>illud</span> <span class='ocrx_word' id='word_1_191' title='bbox 1205 2125 1297 2206; x_wconf 92' lang='lat' dir='ltr'>pudet</span> <span class='ocrx_word' id='word_1_192' title='bbox 1318 2124 1425 2195; x_wconf 77' lang='lat' dir='ltr'>taedet,</span> 
     </span>
     <span class='ocr_line' id='line_1_19' title="bbox 150 2223 1424 2311; baseline -0.002 -23"><span class='ocrx_word' id='word_1_193' title='bbox 150 2229 187 2288; x_wconf 90' lang='lat' dir='ltr'>lac</span> <span class='ocrx_word' id='word_1_194' title='bbox 211 2228 275 2290; x_wconf 90' lang='lat' dir='ltr'>iude</span> <span class='ocrx_word' id='word_1_195' title='bbox 302 2229 429 2308; x_wconf 89' lang='lat' dir='ltr'>primam</span> <span class='ocrx_word' id='word_1_196' title='bbox 456 2245 629 2308; x_wconf 88' lang='lat' dir='ltr'>personam;</span> <span class='ocrx_word' id='word_1_197' title='bbox 660 2227 826 2296; x_wconf 88' lang='lat' dir='ltr'>videamus,</span> <span class='ocrx_word' id='word_1_198' title='bbox 855 2229 881 2288; x_wconf 90' lang='lat' dir='ltr'>si</span> <span class='ocrx_word' id='word_1_199' title='bbox 910 2246 969 2288; x_wconf 90' lang='lat' dir='ltr'>uou</span> <span class='ocrx_word' id='word_1_200' title='bbox 997 2230 1054 2289; x_wconf 85' lang='lat' dir='ltr'>erit</span> <span class='ocrx_word' id='word_1_201' title='bbox 1080 2227 1209 2289; x_wconf 90' lang='lat' dir='ltr'>secunda</span> <span class='ocrx_word' id='word_1_202' title='bbox 1240 2223 1424 2311; x_wconf 64' lang='lat' dir='ltr'>contingatis,</span> 
     </span>
     <span class='ocr_line' id='line_1_20' title="bbox 149 2328 1425 2410; baseline -0.001 -19"><span class='ocrx_word' id='word_1_203' title='bbox 149 2329 233 2408; x_wconf 90' lang='lat' dir='ltr'>pudeo</span> <span class='ocrx_word' id='word_1_204' title='bbox 255 2329 346 2410; x_wconf 90' lang='lat' dir='ltr'>pudes</span> <span class='ocrx_word' id='word_1_205' title='bbox 369 2330 474 2410; x_wconf 89' lang='lat' dir='ltr'>pudet,</span> <span class='ocrx_word' id='word_1_206' title='bbox 498 2331 602 2392; x_wconf 82' lang='lat' dir='ltr'>taedeo</span> <span class='ocrx_word' id='word_1_207' title='bbox 623 2329 725 2392; x_wconf 83' lang='lat' dir='ltr'>laedes</span> <span class='ocrx_word' id='word_1_208' title='bbox 746 2329 854 2390; x_wconf 85' lang='lat' dir='ltr'>toedet.</span> <span class='ocrx_word' id='word_1_209' title='bbox 886 2330 1091 2410; x_wconf 88' lang='lat' dir='ltr'>sedquoniam</span> <span class='ocrx_word' id='word_1_210' title='bbox 1115 2329 1221 2392; x_wconf 91' lang='lat' dir='ltr'>taedeo</span> <span class='ocrx_word' id='word_1_211' title='bbox 1243 2328 1344 2396; x_wconf 82' lang='lat' dir='ltr'>taedes</span> <span class='ocrx_word' id='word_1_212' title='bbox 1365 2347 1425 2390; x_wconf 93' lang='lat' dir='ltr'>non</span> 
     </span>
     <span class='ocr_line' id='line_1_21' title="bbox 149 2430 1424 2511; baseline 0 -21"><span class='ocrx_word' id='word_1_213' title='bbox 149 2433 296 2502; x_wconf 84' lang='lat' dir='ltr'>invenitur,</span> <span class='ocrx_word' id='word_1_214' title='bbox 326 2441 533 2494; x_wconf 90' lang='lat' dir='ltr'>remanserunt</span> <span class='ocrx_word' id='word_1_215' title='bbox 561 2431 629 2492; x_wconf 91' lang='lat' dir='ltr'>illaa</span> <span class='ocrx_word' id='word_1_216' title='bbox 656 2433 763 2494; x_wconf 75' lang='lat' dir='ltr'>tertiae</span> <span class='ocrx_word' id='word_1_217' title='bbox 790 2449 951 2511; x_wconf 89' lang='lat' dir='ltr'>personae,</span> <span class='ocrx_word' id='word_1_218' title='bbox 980 2439 1011 2492; x_wconf 87' lang='lat' dir='ltr'>et</span> <span class='ocrx_word' id='word_1_219' title='bbox 1038 2439 1126 2492; x_wconf 87' lang='lat' dir='ltr'>eruut</span> <span class='ocrx_word' id='word_1_220' title='bbox 1153 2430 1243 2494; x_wconf 86' lang='lat' dir='ltr'>verba</span> <span class='ocrx_word' id='word_1_221' title='bbox 1270 2431 1424 2492; x_wconf 77' lang='lat' dir='ltr'>defectiva.</span> 
     </span>
     <span class='ocr_line' id='line_1_22' title="bbox 122 2532 1426 2615; baseline 0.002 -25"><span class='ocrx_word' id='word_1_222' title='bbox 122 2551 230 2612; x_wconf 82' lang='lat' dir='ltr'>aequare</span> <span class='ocrx_word' id='word_1_223' title='bbox 250 2534 305 2594; x_wconf 89' lang='lat' dir='ltr'>hoc</span> <span class='ocrx_word' id='word_1_224' title='bbox 327 2532 381 2594; x_wconf 83' lang='lat' dir='ltr'>tibi</span> <span class='ocrx_word' id='word_1_225' title='bbox 404 2534 482 2596; x_wconf 80' lang='lat' dir='ltr'>dixit</span> <span class='ocrx_word' id='word_1_226' title='bbox 505 2535 643 2613; x_wconf 90' lang='lat' dir='ltr'>quoniam</span> <span class='ocrx_word' id='word_1_227' title='bbox 667 2536 732 2615; x_wconf 89' lang='lat' dir='ltr'>ipse</span> <span class='ocrx_word' id='word_1_228' title='bbox 747 2533 877 2596; x_wconf 86' lang='lat' dir='ltr'>[lunatos</span> <span class='ocrx_word' id='word_1_229' title='bbox 899 2535 930 2594; x_wconf 93' lang='lat' dir='ltr'>in</span> <span class='ocrx_word' id='word_1_230' title='bbox 945 2533 1073 2614; x_wconf 88' lang='lat' dir='ltr'>quodam</span> <span class='ocrx_word' id='word_1_231' title='bbox 1095 2533 1162 2596; x_wconf 92' lang='lat' dir='ltr'>loco</span> <span class='ocrx_word' id='word_1_232' title='bbox 1177 2536 1313 2595; x_wconf 83' lang='lat' dir='ltr'>variavit:</span> <span class='ocrx_word' id='word_1_233' title='bbox 1336 2533 1426 2595; x_wconf 91' lang='lat' dir='ltr'>modo</span> 
     </span>
     <span class='ocr_line' id='line_1_23' title="bbox 149 2634 1425 2717; baseline 0.001 -23"><span class='ocrx_word' id='word_1_234' title='bbox 149 2634 211 2695; x_wconf 82' lang='lat' dir='ltr'>dixit</span> <span class='ocrx_word' id='word_1_235' title='bbox 235 2635 432 2716; x_wconf 85' lang='lat' dir='ltr'>inpersoualia</span> <span class='ocrx_word' id='word_1_236' title='bbox 460 2635 547 2717; x_wconf 89' lang='lat' dir='ltr'>plane</span> <span class='ocrx_word' id='word_1_237' title='bbox 575 2655 652 2706; x_wconf 77' lang='lat' dir='ltr'>esse:</span> <span class='ocrx_word' id='word_1_238' title='bbox 682 2635 740 2698; x_wconf 90' lang='lat' dir='ltr'>alio</span> <span class='ocrx_word' id='word_1_239' title='bbox 767 2636 834 2697; x_wconf 89' lang='lat' dir='ltr'>loco</span> <span class='ocrx_word' id='word_1_240' title='bbox 862 2635 947 2698; x_wconf 87' lang='lat' dir='ltr'>aliter</span> <span class='ocrx_word' id='word_1_241' title='bbox 977 2635 1108 2697; x_wconf 81' lang='lat' dir='ltr'>definivit</span> <span class='ocrx_word' id='word_1_242' title='bbox 1134 2644 1164 2697; x_wconf 89' lang='lat' dir='ltr'>et</span> <span class='ocrx_word' id='word_1_243' title='bbox 1186 2636 1260 2697; x_wconf 85' lang='lat' dir='ltr'>dixit</span> <span class='ocrx_word' id='word_1_244' title='bbox 1281 2635 1425 2697; x_wconf 79' lang='lat' dir='ltr'>defectiva</span> 
     </span>
     <span class='ocr_line' id='line_1_24' title="bbox 150 2736 1426 2820; baseline 0 -24"><span class='ocrx_word' id='word_1_245' title='bbox 150 2755 213 2798; x_wconf 86' lang='lat' dir='ltr'>csse.</span> <span class='ocrx_word' id='word_1_246' title='bbox 243 2745 273 2797; x_wconf 87' lang='lat' dir='ltr'>et</span> <span class='ocrx_word' id='word_1_247' title='bbox 294 2737 354 2798; x_wconf 84' lang='lat' dir='ltr'>diri</span> <span class='ocrx_word' id='word_1_248' title='bbox 377 2740 515 2820; x_wconf 88' lang='lat' dir='ltr'>quoniam</span> <span class='ocrx_word' id='word_1_249' title='bbox 539 2738 607 2803; x_wconf 88' lang='lat' dir='ltr'>ideo</span> <span class='ocrx_word' id='word_1_250' title='bbox 623 2737 758 2801; x_wconf 86' lang='lat' dir='ltr'>addimus</span> <span class='ocrx_word' id='word_1_251' title='bbox 773 2739 958 2819; x_wconf 84' lang='lat' dir='ltr'>pronomina,</span> <span class='ocrx_word' id='word_1_252' title='bbox 983 2745 1016 2801; x_wconf 89' lang='lat' dir='ltr'>ut</span> <span class='ocrx_word' id='word_1_253' title='bbox 1036 2737 1184 2800; x_wconf 87' lang='lat' dir='ltr'>delectum</span> <span class='ocrx_word' id='word_1_254' title='bbox 1206 2737 1288 2800; x_wconf 93' lang='lat' dir='ltr'>illum</span> <span class='ocrx_word' id='word_1_255' title='bbox 1311 2736 1426 2819; x_wconf 88' lang='lat' dir='ltr'>inplere</span> 
     </span>
     <span class='ocr_line' id='line_1_25' title="bbox 148 2838 1426 2923; baseline -0.001 -22"><span class='ocrx_word' id='word_1_256' title='bbox 148 2841 289 2917; x_wconf 89' lang='lat' dir='ltr'>possimus.</span> <span class='ocrx_word' id='word_1_257' title='bbox 334 2842 404 2904; x_wconf 92' lang='lat' dir='ltr'>item</span> <span class='ocrx_word' id='word_1_258' title='bbox 434 2841 570 2923; x_wconf 78' lang='lat' dir='ltr'>quadiu</span> <span class='ocrx_word' id='word_1_259' title='bbox 599 2849 647 2903; x_wconf 87' lang='lat' dir='ltr'>tur</span> <span class='ocrx_word' id='word_1_260' title='bbox 676 2843 735 2903; x_wconf 83' lang='lat' dir='ltr'>exit</span> <span class='ocrx_word' id='word_1_261' title='bbox 756 2840 906 2912; x_wconf 89' lang='lat' dir='ltr'>similiter,</span> <span class='ocrx_word' id='word_1_262' title='bbox 928 2840 1012 2921; x_wconf 83' lang='lat' dir='ltr'>legor</span> <span class='ocrx_word' id='word_1_263' title='bbox 1033 2840 1142 2921; x_wconf 83' lang='lat' dir='ltr'>legeris</span> <span class='ocrx_word' id='word_1_264' title='bbox 1163 2841 1288 2919; x_wconf 85' lang='lat' dir='ltr'>legitur,</span> <span class='ocrx_word' id='word_1_265' title='bbox 1311 2838 1426 2901; x_wconf 75' lang='lat' dir='ltr'>scribon</span> 
     </span>
     <span class='ocr_line' id='line_1_26' title="bbox 150 2941 1426 3024; baseline 0.002 -24"><span class='ocrx_word' id='word_1_266' title='bbox 150 2941 275 3005; x_wconf 87' lang='lat' dir='ltr'>scriberis</span> <span class='ocrx_word' id='word_1_267' title='bbox 297 2942 448 3006; x_wconf 78' lang='lat' dir='ltr'>scribitur.</span> <span class='ocrx_word' id='word_1_268' title='bbox 494 2962 564 3005; x_wconf 87' lang='lat' dir='ltr'>ecoe</span> <span class='ocrx_word' id='word_1_269' title='bbox 586 2946 672 3005; x_wconf 90' lang='lat' dir='ltr'>tertia</span> <span class='ocrx_word' id='word_1_270' title='bbox 700 2963 826 3024; x_wconf 89' lang='lat' dir='ltr'>persona</span> <span class='ocrx_word' id='word_1_271' title='bbox 851 2952 896 3005; x_wconf 90' lang='lat' dir='ltr'>est</span> <span class='ocrx_word' id='word_1_272' title='bbox 922 2942 1126 3005; x_wconf 85' lang='lat' dir='ltr'>declinationis</span> <span class='ocrx_word' id='word_1_273' title='bbox 1147 2944 1296 3024; x_wconf 85' lang='lat' dir='ltr'>passivae,</span> <span class='ocrx_word' id='word_1_274' title='bbox 1319 2942 1426 3021; x_wconf 89' lang='lat' dir='ltr'>legitur</span> 
     </span>
     <span class='ocr_line' id='line_1_27' title="bbox 120 3042 1426 3128; baseline 0.002 -27"><span class='ocrx_word' id='word_1_275' title='bbox 120 3042 275 3106; x_wconf 74' lang='lat' dir='ltr'>asscribitur</span> <span class='ocrx_word' id='word_1_276' title='bbox 295 3064 312 3106; x_wconf 88' lang='lat' dir='ltr'>a</span> <span class='ocrx_word' id='word_1_277' title='bbox 335 3064 397 3116; x_wconf 92' lang='lat' dir='ltr'>me,</span> <span class='ocrx_word' id='word_1_278' title='bbox 421 3064 436 3106; x_wconf 90' lang='lat' dir='ltr'>a</span> <span class='ocrx_word' id='word_1_279' title='bbox 460 3052 504 3116; x_wconf 87' lang='lat' dir='ltr'>te,</span> <span class='ocrx_word' id='word_1_280' title='bbox 529 3044 565 3106; x_wconf 90' lang='lat' dir='ltr'>ab</span> <span class='ocrx_word' id='word_1_281' title='bbox 588 3044 648 3108; x_wconf 87' lang='lat' dir='ltr'>illo.</span> <span class='ocrx_word' id='word_1_282' title='bbox 686 3064 758 3127; x_wconf 90' lang='lat' dir='ltr'>ergo</span> <span class='ocrx_word' id='word_1_283' title='bbox 781 3048 1047 3128; x_wconf 87' lang='lat' dir='ltr'>quotienscumque</span> <span class='ocrx_word' id='word_1_284' title='bbox 1069 3053 1139 3107; x_wconf 88' lang='lat' dir='ltr'>sunt</span> <span class='ocrx_word' id='word_1_285' title='bbox 1160 3044 1305 3106; x_wconf 88' lang='lat' dir='ltr'>delectira</span> <span class='ocrx_word' id='word_1_286' title='bbox 1327 3042 1426 3113; x_wconf 84' lang='lat' dir='ltr'>verba,</span> 
     </span>
     <span class='ocr_line' id='line_1_28' title="bbox 149 3146 1274 3210; baseline 0.006 -5"><span class='ocrx_word' id='word_1_287' title='bbox 149 3146 298 3208; x_wconf 84' lang='lat' dir='ltr'>succedunt</span> <span class='ocrx_word' id='word_1_288' title='bbox 318 3148 373 3209; x_wconf 93' lang='lat' dir='ltr'>ista</span> <span class='ocrx_word' id='word_1_289' title='bbox 396 3166 488 3209; x_wconf 88' lang='lat' dir='ltr'>causa·</span> <span class='ocrx_word' id='word_1_290' title='bbox 505 3148 666 3210; x_wconf 91' lang='lat' dir='ltr'>brevitatis.</span> <span class='ocrx_word' id='word_1_291' title='bbox 1270 3160 1274 3165; x_wconf 83' lang='grc'><strong>’</strong></span> 
     </span>
    </p>

    <p class='ocr_par' dir='ltr' id='par_1_5' title="bbox 148 3248 1546 3536">
     <span class='ocr_line' id='line_1_29' title="bbox 222 3248 1545 3329; baseline 0 -20"><span class='ocrx_word' id='word_1_292' title='bbox 222 3248 272 3309; x_wconf 81' lang='lat' dir='ltr'>Est</span> <span class='ocrx_word' id='word_1_293' title='bbox 294 3250 382 3311; x_wconf 90' lang='lat' dir='ltr'>etiam</span> <span class='ocrx_word' id='word_1_294' title='bbox 405 3250 529 3328; x_wconf 91' lang='lat' dir='ltr'>gerundi</span> <span class='ocrx_word' id='word_1_295' title='bbox 552 3249 659 3313; x_wconf 92' lang='lat' dir='ltr'>modus</span> <span class='ocrx_word' id='word_1_296' title='bbox 674 3268 762 3329; x_wconf 90' lang='lat' dir='ltr'>quem</span> <span class='ocrx_word' id='word_1_297' title='bbox 786 3250 896 3313; x_wconf 87' lang='lat' dir='ltr'>dicunt.</span> <span class='ocrx_word' id='word_1_298' title='bbox 927 3250 1053 3329; x_wconf 92' lang='lat' dir='ltr'>gerundi</span> <span class='ocrx_word' id='word_1_299' title='bbox 1068 3248 1189 3311; x_wconf 90' lang='lat' dir='ltr'>modum</span> <span class='ocrx_word' id='word_1_300' title='bbox 1205 3248 1308 3311; x_wconf 91' lang='lat' dir='ltr'>dicunt</span> <span class='ocrx_word' id='word_1_301' title='bbox 1327 3251 1545 3329; x_wconf 78' lang='lat' dir='ltr'>istum,41o,1r</span> 
     </span>
     <span class='ocr_line' id='line_1_30' title="bbox 148 3337 1546 3438; baseline 0 -27"><span class='ocrx_word' id='word_1_302' title='bbox 148 3349 253 3429; x_wconf 88' lang='lat' dir='ltr'>legendi</span> <span class='ocrx_word' id='word_1_303' title='bbox 275 3350 401 3432; x_wconf 88' lang='lat' dir='ltr'>legendo</span> <span class='ocrx_word' id='word_1_304' title='bbox 423 3350 580 3431; x_wconf 87' lang='lat' dir='ltr'>legendum</span> <span class='ocrx_word' id='word_1_305' title='bbox 603 3352 713 3415; x_wconf 88' lang='lat' dir='ltr'>lectum</span> <span class='ocrx_word' id='word_1_306' title='bbox 735 3352 825 3415; x_wconf 91' lang='lat' dir='ltr'>lectu.</span> <span class='ocrx_word' id='word_1_307' title='bbox 853 3351 990 3433; x_wconf 87' lang='lat' dir='ltr'>plerique</span> <span class='ocrx_word' id='word_1_308' title='bbox 1004 3351 1110 3413; x_wconf 90' lang='lat' dir='ltr'>dicunt</span> <span class='ocrx_word' id='word_1_309' title='bbox 1129 3369 1188 3412; x_wconf 94' lang='lat' dir='ltr'>non</span> <span class='ocrx_word' id='word_1_310' title='bbox 1209 3350 1330 3438; x_wconf 87' lang='lat' dir='ltr'>modum</span> <span class='ocrx_word' id='word_1_311' title='bbox 1354 3369 1427 3421; x_wconf 90' lang='lat' dir='ltr'>esse,</span> <span class='ocrx_word' id='word_1_312' title='bbox 1440 3337 1498 3398; x_wconf 74' lang='lat'>⁵⁰4¹</span> <span class='ocrx_word' id='word_1_313' title='bbox 1512 3338 1546 3386; x_wconf 78' lang='lat'>3⁰</span> 
     </span>
     <span class='ocr_line' id='line_1_31' title="bbox 148 3452 1430 3536; baseline 0.003 -25"><span class='ocrx_word' id='word_1_314' title='bbox 148 3452 191 3513; x_wconf 90' lang='lat' dir='ltr'>sed</span> <span class='ocrx_word' id='word_1_315' title='bbox 212 3455 364 3534; x_wconf 86' lang='lat' dir='ltr'>participia</span> <span class='ocrx_word' id='word_1_316' title='bbox 386 3452 540 3515; x_wconf 89' lang='lat' dir='ltr'>declinata.</span> <span class='ocrx_word' id='word_1_317' title='bbox 586 3457 807 3536; x_wconf 82' lang='lat' dir='ltr'>participiorum</span> <span class='ocrx_word' id='word_1_318' title='bbox 831 3454 1046 3516; x_wconf 86' lang='lat' dir='ltr'>declinationes</span> <span class='ocrx_word' id='word_1_319' title='bbox 1068 3456 1179 3515; x_wconf 89' lang='lat' dir='ltr'>scimus</span> <span class='ocrx_word' id='word_1_320' title='bbox 1202 3456 1240 3515; x_wconf 86' lang='lat' dir='ltr'>ita</span> <span class='ocrx_word' id='word_1_321' title='bbox 1264 3472 1342 3515; x_wconf 89' lang='lat' dir='ltr'>esse:</span> <span class='ocrx_word' id='word_1_322' title='bbox 1379 3460 1430 3515; x_wconf 90' lang='lat' dir='ltr'>aut</span> 
     </span>
    </p>

    <p class='ocr_par' dir='ltr' id='par_1_6' title="bbox 121 3554 1429 4353">
     <span class='ocr_line' id='line_1_32' title="bbox 121 3554 1427 3639; baseline 0.002 -26"><span class='ocrx_word' id='word_1_323' title='bbox 121 3555 266 3617; x_wconf 85' lang='lat' dir='ltr'>oluturum</span> <span class='ocrx_word' id='word_1_324' title='bbox 300 3564 345 3618; x_wconf 91' lang='lat' dir='ltr'>est</span> <span class='ocrx_word' id='word_1_325' title='bbox 376 3557 565 3637; x_wconf 89' lang='lat' dir='ltr'>participium</span> <span class='ocrx_word' id='word_1_326' title='bbox 598 3576 614 3618; x_wconf 92' lang='lat' dir='ltr'>a</span> <span class='ocrx_word' id='word_1_327' title='bbox 647 3560 764 3639; x_wconf 85' lang='lat' dir='ltr'>passivo</span> <span class='ocrx_word' id='word_1_328' title='bbox 797 3564 846 3617; x_wconf 90' lang='lat' dir='ltr'>aut</span> <span class='ocrx_word' id='word_1_329' title='bbox 873 3558 1082 3637; x_wconf 83' lang='lat' dir='ltr'>praeteritum,</span> <span class='ocrx_word' id='word_1_330' title='bbox 1113 3557 1245 3617; x_wconf 89' lang='lat' dir='ltr'>luturum</span> <span class='ocrx_word' id='word_1_331' title='bbox 1275 3554 1427 3634; x_wconf 86' lang='lat' dir='ltr'>legendus,</span> 
     </span>
     <span class='ocr_line' id='line_1_33' title="bbox 148 3657 1428 3741; baseline 0 -23"><span class='ocrx_word' id='word_1_332' title='bbox 148 3660 328 3735; x_wconf 89' lang='lat' dir='ltr'>praeteritum</span> <span class='ocrx_word' id='word_1_333' title='bbox 350 3658 454 3719; x_wconf 90' lang='lat' dir='ltr'>lectus.</span> <span class='ocrx_word' id='word_1_334' title='bbox 491 3657 606 3720; x_wconf 90' lang='lat' dir='ltr'>declina</span> <span class='ocrx_word' id='word_1_335' title='bbox 628 3660 683 3723; x_wconf 85' lang='lat' dir='ltr'>ista</span> <span class='ocrx_word' id='word_1_336' title='bbox 705 3660 875 3741; x_wconf 89' lang='lat' dir='ltr'>participia,</span> <span class='ocrx_word' id='word_1_337' title='bbox 901 3667 930 3720; x_wconf 87' lang='lat' dir='ltr'>et</span> <span class='ocrx_word' id='word_1_338' title='bbox 948 3660 1091 3721; x_wconf 89' lang='lat' dir='ltr'>invenies.</span> <span class='ocrx_word' id='word_1_339' title='bbox 1120 3657 1252 3719; x_wconf 78' lang='lat' dir='ltr'>futurum</span> <span class='ocrx_word' id='word_1_340' title='bbox 1274 3657 1428 3736; x_wconf 82' lang='lat' dir='ltr'>legendus,</span> 
     </span>
     <span class='ocr_line' id='line_1_34' title="bbox 149 3758 1428 3841; baseline 0.002 -23"><span class='ocrx_word' id='word_1_341' title='bbox 149 3762 316 3821; x_wconf 82' lang='lat' dir='ltr'>nominativo</span> <span class='ocrx_word' id='word_1_342' title='bbox 337 3760 386 3821; x_wconf 90' lang='lat' dir='ltr'>hic</span> <span class='ocrx_word' id='word_1_343' title='bbox 408 3760 565 3840; x_wconf 86' lang='lat' dir='ltr'>legendus,</span> <span class='ocrx_word' id='word_1_344' title='bbox 589 3764 724 3841; x_wconf 85' lang='lat' dir='ltr'>genetivo</span> <span class='ocrx_word' id='word_1_345' title='bbox 746 3762 834 3824; x_wconf 89' lang='lat' dir='ltr'>huius</span> <span class='ocrx_word' id='word_1_346' title='bbox 855 3760 990 3840; x_wconf 86' lang='lat' dir='ltr'>legendi,</span> <span class='ocrx_word' id='word_1_347' title='bbox 1014 3761 1111 3822; x_wconf 82' lang='lat' dir='ltr'>dativo</span> <span class='ocrx_word' id='word_1_348' title='bbox 1132 3758 1201 3821; x_wconf 84' lang='lat' dir='ltr'>lruic</span> <span class='ocrx_word' id='word_1_349' title='bbox 1223 3758 1358 3839; x_wconf 88' lang='lat' dir='ltr'>legendo,</span> <span class='ocrx_word' id='word_1_350' title='bbox 1381 3780 1428 3821; x_wconf 90' lang='lat' dir='ltr'>ac-</span> 
     </span>
     <span class='ocr_line' id='line_1_35' title="bbox 149 3859 1429 3945; baseline 0.001 -25"><span class='ocrx_word' id='word_1_351' title='bbox 149 3862 269 3923; x_wconf 85' lang='lat' dir='ltr'>cusativo</span> <span class='ocrx_word' id='word_1_352' title='bbox 291 3862 370 3924; x_wconf 84' lang='lat' dir='ltr'>hunc</span> <span class='ocrx_word' id='word_1_353' title='bbox 392 3861 559 3942; x_wconf 89' lang='lat' dir='ltr'>legendum.</span> <span class='ocrx_word' id='word_1_354' title='bbox 596 3863 710 3927; x_wconf 88' lang='lat' dir='ltr'>declina</span> <span class='ocrx_word' id='word_1_355' title='bbox 734 3864 936 3945; x_wconf 87' lang='lat' dir='ltr'>praeteritum.</span> <span class='ocrx_word' id='word_1_356' title='bbox 975 3863 1023 3923; x_wconf 83' lang='lat' dir='ltr'>laic</span> <span class='ocrx_word' id='word_1_357' title='bbox 1045 3862 1138 3924; x_wconf 87' lang='lat' dir='ltr'>lectus</span> <span class='ocrx_word' id='word_1_358' title='bbox 1160 3862 1247 3922; x_wconf 79' lang='lat' dir='ltr'>lanius</span> <span class='ocrx_word' id='word_1_359' title='bbox 1269 3859 1338 3923; x_wconf 89' lang='lat' dir='ltr'>lecti</span> <span class='ocrx_word' id='word_1_360' title='bbox 1360 3862 1429 3923; x_wconf 89' lang='lat' dir='ltr'>huic</span> 
     </span>
     <span class='ocr_line' id='line_1_36' title="bbox 148 3944 1428 4046; baseline 0.001 -24"><span class='ocrx_word' id='word_1_361' title='bbox 148 3961 214 4025; x_wconf 84' lang='lat' dir='ltr'>lecto</span> <span class='ocrx_word' id='word_1_362' title='bbox 241 3965 321 4026; x_wconf 89' lang='lat' dir='ltr'>huuc</span> <span class='ocrx_word' id='word_1_363' title='bbox 347 3964 465 4027; x_wconf 90' lang='lat' dir='ltr'>lectum.</span> <span class='ocrx_word' id='word_1_364' title='bbox 511 3984 547 4025; x_wconf 83' lang='lat' dir='ltr'>ex</span> <span class='ocrx_word' id='word_1_365' title='bbox 576 3965 671 4046; x_wconf 92' lang='lat' dir='ltr'>aliqua</span> <span class='ocrx_word' id='word_1_366' title='bbox 699 3974 782 4046; x_wconf 92' lang='lat' dir='ltr'>parte</span> <span class='ocrx_word' id='word_1_367' title='bbox 805 3944 1010 4027; x_wconf 89' lang='lat' dir='ltr'>declinationis</span> <span class='ocrx_word' id='word_1_368' title='bbox 1031 3966 1185 4046; x_wconf 86' lang='lat' dir='ltr'>praeteriti</span> <span class='ocrx_word' id='word_1_369' title='bbox 1206 3964 1369 4043; x_wconf 89' lang='lat' dir='ltr'>participii,</span> <span class='ocrx_word' id='word_1_370' title='bbox 1392 3982 1428 4023; x_wconf 85' lang='lat' dir='ltr'>ex</span> 
     </span>
     <span class='ocr_line' id='line_1_37' title="bbox 122 4064 1428 4147; baseline 0 -22"><span class='ocrx_word' id='word_1_371' title='bbox 122 4064 234 4145; x_wconf 81' lang='lat' dir='ltr'>satqua</span> <span class='ocrx_word' id='word_1_372' title='bbox 261 4075 345 4147; x_wconf 88' lang='lat' dir='ltr'>parte</span> <span class='ocrx_word' id='word_1_373' title='bbox 369 4064 373 4147; x_wconf 78' lang='lat' dir='ltr'>l</span> <span class='ocrx_word' id='word_1_374' title='bbox 397 4065 603 4129; x_wconf 87' lang='lat' dir='ltr'>declinationis</span> <span class='ocrx_word' id='word_1_375' title='bbox 630 4068 722 4129; x_wconf 89' lang='lat' dir='ltr'>luturi</span> <span class='ocrx_word' id='word_1_376' title='bbox 750 4070 897 4147; x_wconf 88' lang='lat' dir='ltr'>participii</span> <span class='ocrx_word' id='word_1_377' title='bbox 925 4069 1061 4129; x_wconf 89' lang='lat' dir='ltr'>lecerunt</span> <span class='ocrx_word' id='word_1_378' title='bbox 1087 4066 1166 4128; x_wconf 87' lang='lat' dir='ltr'>hune</span> <span class='ocrx_word' id='word_1_379' title='bbox 1193 4065 1330 4136; x_wconf 90' lang='lat' dir='ltr'>modum,</span> <span class='ocrx_word' id='word_1_380' title='bbox 1359 4071 1428 4145; x_wconf 90' lang='lat' dir='ltr'>puta</span> 
     </span>
     <span class='ocr_line' id='line_1_38' title="bbox 148 4164 1427 4248; baseline 0.002 -23"><span class='ocrx_word' id='word_1_381' title='bbox 148 4164 255 4246; x_wconf 88' lang='lat' dir='ltr'>legendi</span> <span class='ocrx_word' id='word_1_382' title='bbox 276 4167 402 4247; x_wconf 88' lang='lat' dir='ltr'>legendo</span> <span class='ocrx_word' id='word_1_383' title='bbox 424 4168 582 4248; x_wconf 86' lang='lat' dir='ltr'>legendum</span> <span class='ocrx_word' id='word_1_384' title='bbox 605 4168 730 4241; x_wconf 84' lang='lat' dir='ltr'>lectum,</span> <span class='ocrx_word' id='word_1_385' title='bbox 754 4178 787 4231; x_wconf 93' lang='lat' dir='ltr'>ut</span> <span class='ocrx_word' id='word_1_386' title='bbox 809 4169 943 4231; x_wconf 88' lang='lat' dir='ltr'>rideatur</span> <span class='ocrx_word' id='word_1_387' title='bbox 965 4188 1025 4231; x_wconf 95' lang='lat' dir='ltr'>non</span> <span class='ocrx_word' id='word_1_388' title='bbox 1048 4168 1154 4231; x_wconf 89' lang='lat' dir='ltr'>modus</span> <span class='ocrx_word' id='word_1_389' title='bbox 1176 4186 1255 4237; x_wconf 89' lang='lat' dir='ltr'>esse,</span> <span class='ocrx_word' id='word_1_390' title='bbox 1285 4167 1338 4228; x_wconf 89' lang='lat' dir='ltr'>sed</span> <span class='ocrx_word' id='word_1_391' title='bbox 1360 4186 1427 4248; x_wconf 90' lang='lat' dir='ltr'>par·</span> 
     </span>
     <span class='ocr_line' id='line_1_39' title="bbox 149 4270 1428 4353; baseline 0.002 -25"><span class='ocrx_word' id='word_1_392' title='bbox 149 4270 236 4351; x_wconf 89' lang='lat' dir='ltr'>ticipia</span> <span class='ocrx_word' id='word_1_393' title='bbox 258 4270 348 4332; x_wconf 91' lang='lat' dir='ltr'>simul</span> <span class='ocrx_word' id='word_1_394' title='bbox 370 4270 523 4335; x_wconf 87' lang='lat' dir='ltr'>declinata.</span> <span class='ocrx_word' id='word_1_395' title='bbox 561 4272 662 4334; x_wconf 91' lang='lat' dir='ltr'>lutura</span> <span class='ocrx_word' id='word_1_396' title='bbox 685 4278 715 4333; x_wconf 89' lang='grc' dir='ltr'><strong>ει</strong></span> <span class='ocrx_word' id='word_1_397' title='bbox 736 4274 897 4353; x_wconf 87' lang='lat' dir='ltr'>praeterita</span> <span class='ocrx_word' id='word_1_398' title='bbox 919 4272 994 4333; x_wconf 91' lang='lat' dir='ltr'>haec</span> <span class='ocrx_word' id='word_1_399' title='bbox 1015 4271 1131 4341; x_wconf 88' lang='lat' dir='ltr'>dicunt,</span> <span class='ocrx_word' id='word_1_400' title='bbox 1154 4270 1206 4331; x_wconf 89' lang='lat' dir='ltr'>sed</span> <span class='ocrx_word' id='word_1_401' title='bbox 1229 4288 1290 4331; x_wconf 92' lang='lat' dir='ltr'>uon</span> <span class='ocrx_word' id='word_1_402' title='bbox 1313 4276 1359 4331; x_wconf 90' lang='lat' dir='ltr'>est</span> <span class='ocrx_word' id='word_1_403' title='bbox 1380 4289 1428 4331; x_wconf 91' lang='lat' dir='ltr'>re-</span> 
     </span>
    </p>
   </div>
   <div class='ocr_carea' id='block_1_5' title="bbox 150 4406 1432 4967">
    <p class='ocr_par' dir='ltr' id='par_1_7' title="bbox 207 4406 1432 4475">
     <span class='ocr_line' id='line_1_40' title="bbox 207 4406 1432 4475; baseline 0.001 -19"><span class='ocrx_word' id='word_1_404' title='bbox 207 4410 223 4456; x_wconf 79' lang='grc' dir='ltr'><strong>ι</strong></span> <span class='ocrx_word' id='word_1_405' title='bbox 241 4406 300 4475; x_wconf 83' lang='lat' dir='ltr'>lego</span> <span class='ocrx_word' id='word_1_406' title='bbox 318 4408 410 4475; x_wconf 82' lang='lat' dir='ltr'>legitur</span> <span class='ocrx_word' id='word_1_407' title='bbox 430 4416 454 4458; x_wconf 87' lang='lat' dir='ltr'>et</span> <span class='ocrx_word' id='word_1_408' title='bbox 473 4411 498 4459; x_wconf 93' lang='lat' dir='ltr'>iu</span> <span class='ocrx_word' id='word_1_409' title='bbox 518 4410 537 4458; x_wconf 89' lang='lat' dir='ltr'>lt</span> <span class='ocrx_word' id='word_1_410' title='bbox 558 4409 691 4475; x_wconf 82' lang='lat' dir='ltr'>(contingo</span> <span class='ocrx_word' id='word_1_411' title='bbox 710 4408 770 4459; x_wconf 84' lang='lat' dir='ltr'>odd.</span> <span class='ocrx_word' id='word_1_412' title='bbox 790 4424 821 4472; x_wconf 85' lang='lat' dir='ltr'>a,</span> <span class='ocrx_word' id='word_1_413' title='bbox 839 4410 888 4459; x_wconf 78' lang='lat' dir='ltr'>oea</span> <span class='ocrx_word' id='word_1_414' title='bbox 900 4416 992 4472; x_wconf 83' lang='lat' dir='ltr'>postca</span> <span class='ocrx_word' id='word_1_415' title='bbox 1013 4410 1119 4459; x_wconf 77' lang='lat' dir='ltr'>deletum</span> <span class='ocrx_word' id='word_1_416' title='bbox 1137 4407 1186 4466; x_wconf 78' lang='lat' dir='ltr'>ert)</span> <span class='ocrx_word' id='word_1_417' title='bbox 1206 4408 1329 4474; x_wconf 81' lang='lat' dir='ltr'>contingit</span> <span class='ocrx_word' id='word_1_418' title='bbox 1347 4406 1432 4457; x_wconf 86' lang='lat' dir='ltr'>ABG</span> 
     </span>
    </p>

    <p class='ocr_par' dir='ltr' id='par_1_8' title="bbox 150 4477 1431 4967">
     <span class='ocr_line' id='line_1_41' title="bbox 207 4477 1429 4545; baseline -0.002 -18"><span class='ocrx_word' id='word_1_419' title='bbox 207 4477 339 4529; x_wconf 77' lang='lat' dir='ltr'>dalinnde</span> <span class='ocrx_word' id='word_1_420' title='bbox 356 4480 480 4543; x_wconf 81' lang='lat' dir='ltr'>originem</span> <span class='ocrx_word' id='word_1_421' title='bbox 500 4487 603 4529; x_wconf 86' lang='lat' dir='ltr'>sumunt</span> <span class='ocrx_word' id='word_1_422' title='bbox 620 4480 661 4530; x_wconf 79' lang='lat' dir='ltr'>Co</span> <span class='ocrx_word' id='word_1_423' title='bbox 680 4478 788 4529; x_wconf 86' lang='lat' dir='ltr'>aliorum</span> <span class='ocrx_word' id='word_1_424' title='bbox 807 4480 931 4545; x_wconf 83' lang='lat' dir='ltr'>originem</span> <span class='ocrx_word' id='word_1_425' title='bbox 949 4486 1052 4529; x_wconf 85' lang='lat' dir='ltr'>sumunt</span> <span class='ocrx_word' id='word_1_426' title='bbox 1069 4478 1094 4526; x_wconf 83' lang='lat' dir='ltr'><em>A</em></span> <span class='ocrx_word' id='word_1_427' title='bbox 1113 4477 1217 4527; x_wconf 87' lang='lat' dir='ltr'>aliunde</span> <span class='ocrx_word' id='word_1_428' title='bbox 1237 4478 1362 4543; x_wconf 85' lang='lat' dir='ltr'>originem</span> <span class='ocrx_word' id='word_1_429' title='bbox 1382 4478 1429 4526; x_wconf 94' lang='lat' dir='ltr'>du-</span> 
     </span>
     <span class='ocr_line' id='line_1_42' title="bbox 150 4547 1431 4613; baseline 0.003 -20"><span class='ocrx_word' id='word_1_430' title='bbox 150 4554 200 4595; x_wconf 85' lang='lat' dir='ltr'>cunt</span> <span class='ocrx_word' id='word_1_431' title='bbox 216 4548 240 4595; x_wconf 87' lang='lat' dir='ltr'><em>B</em></span> <span class='ocrx_word' id='word_1_432' title='bbox 312 4550 341 4600; x_wconf 94' lang='lat' dir='ltr'>ll</span> <span class='ocrx_word' id='word_1_433' title='bbox 362 4564 422 4598; x_wconf 88' lang='lat' dir='ltr'>nere</span> <span class='ocrx_word' id='word_1_434' title='bbox 439 4564 546 4613; x_wconf 85' lang='lat' dir='ltr'>sequere</span> <span class='ocrx_word' id='word_1_435' title='bbox 564 4549 648 4600; x_wconf 80' lang='lat' dir='ltr'>ABG</span> <span class='ocrx_word' id='word_1_436' title='bbox 699 4550 747 4599; x_wconf 85' lang='lat' dir='ltr'>ista</span> <span class='ocrx_word' id='word_1_437' title='bbox 766 4550 820 4599; x_wconf 86' lang='lat' dir='ltr'>AB</span> <span class='ocrx_word' id='word_1_438' title='bbox 837 4549 883 4599; x_wconf 82' lang='lat' dir='ltr'>sed</span> <span class='ocrx_word' id='word_1_439' title='bbox 902 4550 951 4599; x_wconf 86' lang='lat' dir='ltr'>ista</span> <span class='ocrx_word' id='word_1_440' title='bbox 970 4549 1009 4599; x_wconf 86' lang='lat' dir='ltr'>Cd</span> <span class='ocrx_word' id='word_1_441' title='bbox 1062 4548 1141 4597; x_wconf 84' lang='lat' dir='ltr'>uerba</span> <span class='ocrx_word' id='word_1_442' title='bbox 1158 4547 1431 4598; x_wconf 83' lang='lat' dir='ltr'>delectiuasuntBG</span> 
     </span>
     <span class='ocr_line' id='line_1_43' title="bbox 150 4615 1430 4671; baseline 0.002 -8"><span class='ocrx_word' id='word_1_443' title='bbox 150 4615 339 4668; x_wconf 86' lang='lat' dir='ltr'>delectiuasuut</span> <span class='ocrx_word' id='word_1_444' title='bbox 359 4617 476 4669; x_wconf 77' lang='lat' dir='ltr'>uerbaA</span> <span class='ocrx_word' id='word_1_445' title='bbox 547 4620 580 4671; x_wconf 82' lang='lat'>12</span> <span class='ocrx_word' id='word_1_446' title='bbox 597 4620 667 4669; x_wconf 86' lang='lat' dir='ltr'>illum</span> <span class='ocrx_word' id='word_1_447' title='bbox 681 4618 721 4670; x_wconf 79' lang='lat' dir='ltr'>Clo</span> <span class='ocrx_word' id='word_1_448' title='bbox 740 4618 802 4669; x_wconf 88' lang='lat' dir='ltr'>illud</span> <span class='ocrx_word' id='word_1_449' title='bbox 821 4619 877 4668; x_wconf 82' lang='lat' dir='ltr'>AB</span> <span class='ocrx_word' id='word_1_450' title='bbox 947 4620 979 4670; x_wconf 79' lang='lat'>14</span> <span class='ocrx_word' id='word_1_451' title='bbox 997 4618 1112 4668; x_wconf 86' lang='lat' dir='ltr'>invenies</span> <span class='ocrx_word' id='word_1_452' title='bbox 1129 4618 1315 4667; x_wconf 70' lang='lat' dir='ltr'>cunemannus</span> <span class='ocrx_word' id='word_1_453' title='bbox 1329 4618 1430 4666; x_wconf 80' lang='lat' dir='ltr'>inuenio</span> 
     </span>
     <span class='ocr_line' id='line_1_44' title="bbox 151 4684 1429 4754; baseline 0.003 -21"><span class='ocrx_word' id='word_1_454' title='bbox 151 4686 337 4740; x_wconf 78' lang='lat' dir='ltr'>ABinueuiG</span> <span class='ocrx_word' id='word_1_455' title='bbox 406 4689 439 4739; x_wconf 80' lang='lat' dir='ltr'>1ss</span> <span class='ocrx_word' id='word_1_456' title='bbox 458 4690 546 4740; x_wconf 87' lang='lat' dir='ltr'>taedeo</span> <span class='ocrx_word' id='word_1_457' title='bbox 565 4690 652 4739; x_wconf 79' lang='lat' dir='ltr'>taedeo</span> <span class='ocrx_word' id='word_1_458' title='bbox 671 4690 818 4742; x_wconf 86' lang='lat' dir='ltr'>toedetom.</span> <span class='ocrx_word' id='word_1_459' title='bbox 839 4688 923 4739; x_wconf 81' lang='lat' dir='ltr'>ABG</span> <span class='ocrx_word' id='word_1_460' title='bbox 990 4689 1023 4739; x_wconf 81' lang='lat'>21</span> <span class='ocrx_word' id='word_1_461' title='bbox 1043 4684 1130 4754; x_wconf 84' lang='lat' dir='ltr'>plone]</span> <span class='ocrx_word' id='word_1_462' title='bbox 1151 4686 1263 4753; x_wconf 85' lang='lat' dir='ltr'>plenaG</span> <span class='ocrx_word' id='word_1_463' title='bbox 1331 4688 1429 4737; x_wconf 64' lang='lat' dir='ltr'>‘lide-</span> 
     </span>
     <span class='ocr_line' id='line_1_45' title="bbox 151 4755 1429 4825; baseline 0.002 -22"><span class='ocrx_word' id='word_1_464' title='bbox 151 4755 259 4807; x_wconf 82' lang='lat' dir='ltr'>iectiuuna</span> <span class='ocrx_word' id='word_1_465' title='bbox 273 4758 335 4809; x_wconf 87' lang='lat' dir='ltr'>illud</span> <span class='ocrx_word' id='word_1_466' title='bbox 353 4758 438 4810; x_wconf 77' lang='lat' dir='ltr'>Auo</span> <span class='ocrx_word' id='word_1_467' title='bbox 493 4760 528 4811; x_wconf 82' lang='grc'>23</span> <span class='ocrx_word' id='word_1_468' title='bbox 545 4760 674 4825; x_wconf 84' lang='lat' dir='ltr'>possimus</span> <span class='ocrx_word' id='word_1_469' title='bbox 692 4758 739 4809; x_wconf 84' lang='lat' dir='ltr'>Bc</span> <span class='ocrx_word' id='word_1_470' title='bbox 758 4772 892 4825; x_wconf 85' lang='lat' dir='ltr'>possemus</span> <span class='ocrx_word' id='word_1_471' title='bbox 910 4759 981 4809; x_wconf 80' lang='lat' dir='ltr'>Aca</span> <span class='ocrx_word' id='word_1_472' title='bbox 1045 4760 1079 4807; x_wconf 81' lang='lat'>27</span> <span class='ocrx_word' id='word_1_473' title='bbox 1098 4765 1137 4807; x_wconf 85' lang='grc' dir='ltr'>εει</span> <span class='ocrx_word' id='word_1_474' title='bbox 1154 4756 1229 4807; x_wconf 85' lang='lat' dir='ltr'>etiam</span> <span class='ocrx_word' id='word_1_475' title='bbox 1247 4758 1356 4823; x_wconf 86' lang='lat' dir='ltr'>gerundi</span> <span class='ocrx_word' id='word_1_476' title='bbox 1370 4756 1429 4823; x_wconf 87' lang='lat' dir='ltr'>(ge-</span> 
     </span>
     <span class='ocr_line' id='line_1_46' title="bbox 152 4826 1429 4897; baseline 0.005 -26"><span class='ocrx_word' id='word_1_477' title='bbox 152 4826 211 4875; x_wconf 85' lang='lat' dir='ltr'>rendi</span> <span class='ocrx_word' id='word_1_478' title='bbox 231 4826 294 4891; x_wconf 80' lang='lat' dir='ltr'>Bc)</span> <span class='ocrx_word' id='word_1_479' title='bbox 311 4829 378 4880; x_wconf 86' lang='lat' dir='ltr'>modi</span> <span class='ocrx_word' id='word_1_480' title='bbox 397 4828 466 4893; x_wconf 91' lang='lat' dir='ltr'>quod</span> <span class='ocrx_word' id='word_1_481' title='bbox 486 4829 574 4879; x_wconf 87' lang='lat' dir='ltr'>dieunt</span> <span class='ocrx_word' id='word_1_482' title='bbox 592 4830 733 4897; x_wconf 87' lang='lat' dir='ltr'>gerundum</span> <span class='ocrx_word' id='word_1_483' title='bbox 754 4830 906 4895; x_wconf 80' lang='lat' dir='ltr'>(gerendum</span> <span class='ocrx_word' id='word_1_484' title='bbox 924 4830 989 4892; x_wconf 86' lang='lat' dir='ltr'>BG)</span> <span class='ocrx_word' id='word_1_485' title='bbox 1006 4829 1110 4879; x_wconf 89' lang='lat' dir='ltr'>modum</span> <span class='ocrx_word' id='word_1_486' title='bbox 1126 4826 1213 4877; x_wconf 83' lang='lat' dir='ltr'>ABG</span> <span class='ocrx_word' id='word_1_487' title='bbox 1283 4827 1318 4878; x_wconf 73' lang='lat'>30</span> <span class='ocrx_word' id='word_1_488' title='bbox 1337 4828 1429 4877; x_wconf 79' lang='lat' dir='ltr'>lectum</span> 
     </span>
     <span class='ocr_line' id='line_1_47' title="bbox 153 4892 1292 4967; baseline 0.004 -25"><span class='ocrx_word' id='word_1_489' title='bbox 153 4892 208 4945; x_wconf 83' lang='lat' dir='ltr'>lectu</span> <span class='ocrx_word' id='word_1_490' title='bbox 222 4897 247 4947; x_wconf 90' lang='lat' dir='ltr'><em>B</em></span> <span class='ocrx_word' id='word_1_491' title='bbox 318 4898 350 4951; x_wconf 85' lang='grc'>37</span> <span class='ocrx_word' id='word_1_492' title='bbox 369 4898 454 4949; x_wconf 84' lang='lat' dir='ltr'>lutura</span> <span class='ocrx_word' id='word_1_493' title='bbox 474 4927 506 4936; x_wconf 90' lang='lat'><em>-</em></span> <span class='ocrx_word' id='word_1_494' title='bbox 524 4899 586 4961; x_wconf 79' lang='lat'>218,</span> <span class='ocrx_word' id='word_1_495' title='bbox 604 4900 618 4951; x_wconf 94' lang='lat' dir='ltr'>l</span> <span class='ocrx_word' id='word_1_496' title='bbox 636 4899 761 4951; x_wconf 84' lang='lat' dir='ltr'>declinata</span> <span class='ocrx_word' id='word_1_497' title='bbox 778 4916 825 4955; x_wconf 84' lang='lat' dir='ltr'>om.</span> <span class='ocrx_word' id='word_1_498' title='bbox 840 4899 876 4967; x_wconf 77' lang='lat' dir='ltr'>A,</span> <span class='ocrx_word' id='word_1_499' title='bbox 892 4900 953 4951; x_wconf 83' lang='lat' dir='ltr'>add.</span> <span class='ocrx_word' id='word_1_500' title='bbox 970 4915 987 4949; x_wconf 84' lang='lat' dir='ltr'>a</span> <span class='ocrx_word' id='word_1_501' title='bbox 1056 4894 1131 4963; x_wconf 87' lang='lat' dir='ltr'>haec]</span> <span class='ocrx_word' id='word_1_502' title='bbox 1152 4897 1200 4947; x_wconf 85' lang='lat' dir='ltr'>hoc</span> <span class='ocrx_word' id='word_1_503' title='bbox 1216 4897 1292 4947; x_wconf 84' lang='lat' dir='ltr'>BCa</span> 
     </span>
    </p>
   </div>
   <div class='ocr_carea' id='block_1_6' title="bbox 0 0 1781 5600">
    <p class='ocr_par' dir='ltr' id='par_1_9' title="bbox 0 0 1781 5600">
     <span class='ocr_line' id='line_1_48' title="bbox 0 0 1781 5600; baseline 0 0"><span class='ocrx_word' id='word_1_504' title='bbox 0 0 1781 5600; x_wconf 95' lang='lat' dir='ltr'> </span> 
     </span>
    </p>
   </div>
  </div>
 </body>
</html>
