3525 5600
339 403 402 468 682
897 403 1070 466 annuunt
1146 497 1152 504 1

342 596 407 653 lut
444 592 493 652 bic,
507 593 558 644 boc
570 607 709 658 pronomen
722 619 753 628 —
767 593 915 643 adverbium
929 600 967 642 est
980 593 1173 658 transponenda
1184 600 1242 642 snat
1252 599 1312 656 post
1325 593 1355 641 12
1367 591 1442 641 audis

308 641 328 677 ⁸
393 664 423 712 13
441 662 571 725 aquovcl
584 662 666 724 aqui:
684 662 810 710 ablativus
826 661 962 725 singularis
980 661 1077 725 duplex
1094 668 1140 712 est.
1166 675 1243 722 quare
1261 667 1286 708 et
1297 659 1433 710 ablativum
1448 659 1574 724 pluralem
1586 659 1632 707 dn-

444 730 535 796 plicem
550 729 635 787 babet,
648 745 663 778 a
677 731 733 791 quis
747 729 786 778 vel
798 744 812 778 a
826 730 926 792 quibus,
940 729 1012 778 cuius
1025 729 1083 778 talis
1097 739 1136 778 cst
1148 728 1250 794 regula:
1264 729 1296 778 ab
1308 743 1338 777 eo
1351 728 1418 792 quod
1432 737 1472 776 est
1484 742 1499 776 a
1512 742 1562 789 quo
1576 727 1632 776 lacit

442 813 458 846 a
470 799 536 861 quis,
548 797 615 846 siout
627 811 642 846 a
655 797 728 846 ducto

396 867 428 915 23
441 876 485 914 aut
502 881 534 915 cx
551 876 658 928 utraque
675 875 747 930 parte
763 865 871 931 plurale,
890 875 918 915 ut
935 865 1025 930 nostrl,
1043 877 1087 914 aut
1104 881 1136 914 ex
1154 872 1261 926 utraque
1279 871 1348 930 purte
1367 864 1507 928 singulare,
1521 871 1549 912 ut
1563 879 1632 912 meus

440 934 531 987 codex.
555 933 705 999 possessiva
717 933 750 982 ad
762 933 858 995 aliquid
871 933 951 983 diota:
966 933 998 982 ad
1010 933 1108 995 aliquid
1120 949 1148 982 sc
1161 931 1279 983 babentia

342 1021 381 1082 17,
398 1021 429 1068 12
442 1019 466 1066 in
481 1019 585 1084 passivo
598 1019 726 1068 communi
739 1028 764 1066 ct
776 1018 913 1084 deponenti

396 1089 428 1136 14
439 1096 498 1135 ante
510 1087 627 1145 litteram,
641 1087 666 1135 in
680 1087 782 1150 passivo
793 1088 921 1136 communi
931 1097 955 1135 et
964 1087 1102 1152 deponenti
1114 1101 1128 1134 e
1138 1095 1280 1152 correptam
1294 1097 1352 1136 ante
1364 1086 1496 1150 syllabam,
1510 1093 1539 1134 ut
1550 1087 1633 1135 scribo

441 1155 532 1204 scribis
546 1156 645 1204 scribor·
656 1155 776 1204 scriberis

395 1225 427 1272 16
440 1225 466 1272 1ιι
478 1223 582 1287 passivo
595 1224 724 1272 communi
737 1230 761 1272 ct
773 1223 910 1288 deponenti

395 1293 428 1340 22
440 1305 486 1356 per
498 1291 605 1340 modos:
618 1291 755 1341 indicativo
769 1291 844 1341 modo
856 1291 949 1356 legitur

395 1361 428 1409 at
440 1373 486 1424 per
498 1359 710 1421 contrarietatem,
723 1359 792 1422 quod
806 1358 867 1409 nibil
880 1360 1012 1426 deponant

343 1447 382 1506 13,
395 1446 412 1493 4
441 1443 549 1493 dicimus
562 1444 629 1492 cuim
642 1443 744 1494 osculor
756 1454 781 1493 te
793 1459 839 1509 pro
852 1446 940 1494 osculo
954 1455 977 1493 te
990 1454 1014 1495 et
1027 1445 1128 1494 osculor
1141 1461 1156 1494 a
1168 1453 1192 1494 te

397 1513 427 1561 11
442 1527 492 1575 quo
506 1511 565 1561 olim

394 1581 427 1630 36
442 1580 487 1630 sed
500 1579 591 1630 melius
604 1590 643 1629 eat
655 1586 682 1630 ut
693 1580 825 1646 participia
839 1581 891 1630 sint
903 1581 984 1644 magis
998 1595 1072 1644 quam
1085 1581 1191 1644 gerundi
1206 1581 1283 1630 rerba

337 1650 379 1712 20,
393 1650 409 1696 4
438 1649 498 1711 quia
511 1647 562 1698 dut
574 1655 689 1715 tempora
702 1647 797 1698 babent
809 1649 915 1698 ulterius
928 1659 1037 1715 tempus,
1049 1649 1212 1716 praeteritum
1231 1649 1370 1714 perlectum
1388 1649 1468 1698 lectus
1481 1662 1539 1697 sum
1553 1647 1630 1696 lectus

438 1717 475 1764 lui
496 1726 555 1764 ante
576 1714 664 1766 horam
686 1723 710 1765 et
731 1716 842 1766 ostendit
862 1728 999 1766 retrorsum
1022 1727 1137 1784 tempus,
1164 1717 1326 1782 praeteritum
1352 1713 1630 1782 plusquamperfectum

439 1784 531 1833 lectum
545 1785 589 1833 tibi
602 1797 656 1833 erat
668 1783 760 1834 lectum
774 1785 819 1834 tibi
831 1785 914 1833 luerat
926 1786 975 1834 iam
987 1796 1046 1834 ante
1059 1786 1123 1835 duaa
1136 1784 1211 1835 horas

391 1854 424 1902 23
436 1851 544 1902 ulterius
557 1853 649 1902 dicitur
659 1853 727 1915 quod
737 1861 796 1918 post
808 1854 972 1917 praeteritum
983 1853 1124 1919 perlectum
1137 1865 1162 1902 et
1174 1854 1336 1919 praeteritum
1350 1849 1630 1919 plusquamperfectum

438 1935 495 1969 esse
511 1921 681 1984 cognoscitur.
706 1921 828 1986 temporis
846 1923 990 1986 praesentis
1008 1922 1098 1971 modus
1115 1923 1293 1972 coniunctivae
1305 1921 1372 1970 idem
1385 1921 1505 1983 estquod
1518 1930 1558 1968 est
1571 1931 1631 1966 tem-

441 1988 511 2053 poris
523 1987 603 2038 loturi
616 1989 745 2053 optativus

392 2059 425 2106 32
437 2055 589 2120 significatio
608 2067 646 2105 est
663 2069 727 2118 quae
745 2058 844 2120 probat,
862 2059 935 2106 cuius
954 2057 1147 2120 significationis
1164 2059 1285 2106 adverbia
1298 2058 1359 2116 sint,
1371 2063 1399 2105 at
1410 2073 1432 2105 a.
1447 2070 1460 2102 a
1474 2070 1502 2108 se
1516 2055 1633 2102 adverbia

439 2125 596 2174 descendere
607 2127 643 2174 ud
654 2125 720 2177 lion.
734 2125 793 2186 363,
806 2127 822 2175 5
833 2129 982 2190 pertineant

339 2212 382 2272 21,
397 2211 429 2259 16
442 2209 491 2258 buc
503 2209 564 2258 illuc
575 2208 619 2259 illo
632 2225 682 2273 quo
696 2223 725 2258 eo
738 2210 816 2270 istno;
831 2212 855 2258 in
870 2211 925 2260 loco
939 2211 1069 2270 istasunt,
1083 2209 1124 2259 bic
1136 2210 1185 2259 illic
1199 2212 1241 2260 ubi
1254 2211 1285 2258 ibi
1300 2210 1372 2270 istic3
1391 2209 1490 2258 deloco
1505 2209 1553 2257 ista
1567 2217 1633 2258 sunt.

439 2277 499 2326 binc
516 2277 585 2326 illiue
603 2279 670 2327 unde
688 2279 747 2327 inde
765 2279 838 2327 istinc
856 2278 917 2328 alibi
935 2288 960 2327 et
977 2278 1051 2340 iilim3
1069 2293 1114 2344 per
1131 2279 1213 2328 locum
1231 2279 1278 2327 ista
1296 2293 1371 2337 sunt,
1390 2278 1437 2326 hac
1453 2277 1511 2326 illac
1532 2277 1573 2326 illa
1588 2291 1632 2338 qna

441 2360 471 2394 ea
483 2347 546 2395 istac

339 2417 381 2473 22,
397 2417 427 2464 13
440 2415 511 2463 varia
523 2425 606 2462 tamen
620 2414 741 2464 adverbia

337 2501 379 2562 23,
394 2502 426 2548 14
438 2499 538 2548 duabus
556 2499 653 2564 regulis
670 2501 827 2559 terminatur,
845 2501 871 2550 1ιι
885 2501 933 2550 dus
945 2515 959 2549 a
973 2501 1106 2564 praesenti,
1125 2509 1153 2550 ut
1166 2499 1253 2564 legens
1265 2500 1400 2565 legendus,
1414 2499 1439 2548 in
1452 2514 1496 2547 rus
1509 2513 1524 2546 a
1537 2507 1632 2563 praete-

440 2569 496 2623 rito,
511 2575 539 2615 ut
552 2567 632 2618 lectus
646 2568 756 2617 lecturus
1204 2591 1209 2600 ·

337 2638 380 2698 24,
395 2637 425 2684 12
439 2635 593 2714 expletivae}
608 2637 630 2684 si
643 2651 692 2684 non
706 2636 786 2700 leges,
799 2637 890 2686 saltem
904 2636 1047 2702 vapulabis.
1065 2637 1214 2686 rationales:
1233 2651 1282 2686 non
1297 2637 1414 2700 vapulas,
1428 2649 1486 2684 nam
1500 2635 1564 2698 legis
1576 2648 1629 2680 cunr

337 2773 408 2831 2311
436 2711 656 2833 ὅτίῗιιιιίῃιιιὶιιίιιτιῑιιὶῗίθὰ
670 2780 709 2823 cst
721 2771 839 2837 detrabit,
852 2782 879 2822 ut
893 2773 975 2823 illisus

255 2844 261 2851 '
394 2842 427 2890 at
439 2840 561 2889 transitur

338 2910 381 2974 26,
396 2909 409 2957 1
440 2907 541 2970 quando
555 2909 642 2959 localis
654 2908 739 2971 tuerit,
752 2910 899 2959 accusativo
912 2910 1001 2971 servit3
1016 2910 1117 2973 quaudo
1129 2909 1261 2967 itinerans,
1281 2909 1392 2959 ablativo
1405 2936 1437 2944 -
1451 2909 1519 2970 quia,
1533 2918 1559 2955 ut
1571 2908 1630 2964 dixi,

440 2976 529 3026 localis
542 3002 574 3013 -
588 2978 647 3039 quit
659 2978 756 3027 itineral
762 2978 784 3027 is
797 2990 836 3027 est

395 3047 427 3095 23
439 3044 466 3093 id
478 3042 527 3111 est]
539 3049 557 3097 l.
571 3046 628 3095 ideo

340 3130 411 3186 am
444 3144 489 3195 pro
502 3131 650 3179 seinvicem
663 3139 801 3195 ponuntur,
818 3142 846 3180 ut
858 3146 977 3181 maxinme
990 3146 1035 3197 pro
1050 3132 1167 3187 maxime,
1184 3132 1223 3179 vel
1239 3133 1298 3195 qnia
1316 3144 1467 3196 expressum
1480 3143 1570 3179 sonum
1584 3143 1628 3177 uon

440 3196 534 3247 liabent
546 3199 571 3246 in
584 3197 713 3260 aliquibus
726 3198 889 3259 dictionibus,
902 3210 930 3248 ut
942 3200 982 3249 vir
996 3209 1021 3248 et
1034 3213 1152 3248 maxume

394 3268 426 3315 33
441 3280 500 3315 num
517 3267 634 3329 quotiens
651 3280 708 3315 cum
726 3278 795 3316 muta
813 3268 915 3316 iunctae
932 3267 1035 3330 luerint,
1053 3269 1211 3332 antepositae
1229 3266 1341 3317 vocalem
1361 3264 1463 3331 longam
1483 3264 1590 3321 iaciunt,
1607 3274 1630 3311 ut

439 3336 536 3395 urbem,
550 3334 700 3400 postposita,
715 3346 742 3383 ut
754 3334 855 3396 Atrida,
868 3350 884 3383 a
897 3350 1057 3385 communem
1072 3336 1194 3400 syllabam
1209 3335 1269 3385 lacit

339 3402 382 3463 23,
395 3403 411 3449 4
441 3402 507 3450 sicut
519 3412 588 3451 muta
601 3416 761 3451 communem
774 3403 898 3467 syllabam
912 3402 971 3453 lacit

397 3469 446 3518 121
461 3480 508 3518 etr
521 3480 565 3518 aut
577 3479 686 3534 pereunt

396 3538 430 3585 23
443 3552 472 3587 eo
485 3538 554 3601 quod
567 3537 653 3602 plures
667 3537 763 3586 litterae
776 3538 976 3603 comprehensae
988 3540 1113 3604 syllabam
1127 3555 1202 3591 unam
1215 3540 1320 3590 iaciunt.
1346 3553 1404 3589 cum
1418 3553 1433 3585 a
1446 3537 1558 3603 pluribus
1570 3536 1630 3585 litte·

440 3606 475 3654 ris
488 3605 522 3655 ait
534 3604 610 3664 dicta,
623 3620 668 3653 cur

339 3674 383 3731 23,
397 3674 429 3721 12
442 3673 533 3737 longae
545 3682 616 3737 suut,
629 3688 660 3721 ae
672 3688 702 3721 oc
714 3687 746 3721 au
760 3690 790 3723 eu
804 3676 835 3723 ei.
860 3676 974 3739 exceptis
985 3702 1019 3711 —
1031 3677 1122 3725 breves
1140 3688 1207 3730 sunt.
1232 3678 1279 3726 itur

397 3738 430 3790 32
443 3743 604 3790 terminatum
618 3741 715 3797 vocalb
727 3742 841 3805 sequitur

339 3829 382 3885 30,
395 3828 428 3875 26
441 3826 462 3877 ἰι·
476 3828 551 3876 etiam
564 3827 672 3875 creticus
684 3827 777 3876 dicitur
788 3830 981 3893 transponenda
992 3837 1050 3879 suat
1061 3836 1120 3894 post
1133 3832 1165 3880 27
1178 3830 1268 3895 longae
1280 3830 1383 3892 cingant

339 3914 381 3973 31,
396 3914 410 3961 7
441 3910 563 3975 trisyllabi
581 3921 653 3975 octo,
671 3912 825 3975 tetrasyllabi
843 3914 954 3963 sedecim
972 3914 1052 3980 peiles
1070 3930 1114 3980 per
1131 3916 1268 3965 varietates
1285 3913 1382 3963 similes
1395 3911 1501 3975 faciunt,
1517 3912 1628 3977 disyllabi

440 3978 539 4059 11111111
553 3994 618 4059 'cum
640 3980 778 4044 trisyllabis
798 3981 891 4041 iuncti,
916 3982 1039 4046 trisyllabi
1066 3984 1200 4047 sexaginta
1227 3992 1251 4033 et
1274 3992 1394 4045 quattuor
1416 3996 1474 4030 cum
1500 3982 1628 4045 trisyllabis

397 4117 428 4165 12
440 4058 594 4180 gprppaetppoe
611 4117 702 4179 quina,
720 4116 776 4165 sive
793 4117 853 4179 quia
871 4134 916 4167 nec
933 4132 1014 4180 aequa
1032 4118 1124 4167 divisio
1142 4118 1207 4167 inter
1224 4118 1294 4185 ipsos
1308 4132 1355 4166 nec
1368 4116 1445 4182 dupla
1460 4132 1505 4166 nec
1520 4116 1627 4180 sescupla

395 4254 429 4301 22
442 4193 606 4317 61866636ῗὲ
619 4251 736 4316 lmitimi:
756 4253 872 4314 quisunt
885 4252 1020 4311 naturales,
1037 4256 1062 4303 in
1076 4252 1176 4303 heroico
1189 4254 1323 4319 spondius.
1350 4254 1432 4303 nothi:
1446 4254 1592 4319 degeneres,
1603 4264 1629 4299 ut

441 4321 463 4369 si
480 4319 552 4369 dicas
570 4319 661 4369 nothus
678 4321 710 4369 de
727 4332 799 4385 patre
817 4322 895 4371 nobili
912 4331 937 4370 et
955 4330 1034 4371 matre
1046 4322 1159 4387 ignobili,
1174 4331 1202 4370 ut
1213 4322 1340 4386 Vergilius
1354 4349 1385 4357 —
1399 4324 1505 4373 creavit.
1531 4318 1629 4385 legitimi

440 4400 501 4437 sunt
518 4388 626 4451 spondei
639 4415 671 4423 —
684 4388 742 4437 lacti
761 4388 841 4439 notbl.
865 4388 936 4439 nothi
953 4390 1061 4451 dactuli,
1080 4390 1139 4454 quin
1158 4390 1237 4439 fractu
1254 4387 1350 4453 syllaba
1368 4391 1477 4456 spondei
1495 4390 1578 4438 lacuna
1595 4395 1629 4434 est

445 4456 544 4517 nothus,
558 4455 618 4505 inde
630 4457 757 4506 dactulus.

394 4526 427 4573 23
440 4534 560 4573 accentus
577 4526 669 4573 dicitur
686 4525 795 4591 partium
814 4526 936 4575 orationis
950 4527 1023 4587 quasi
1037 4527 1168 4575 adcantus.
1193 4535 1314 4575 accentus
1332 4526 1453 4575 dicuntur
1470 4534 1495 4573 et
1512 4524 1578 4585 toni,
1595 4522 1629 4571 di-

441 4602 533 4641 cuntur
545 4603 570 4640 et
582 4604 684 4642 tenores

339 4680 381 4742 32,
395 4678 410 4727 'i
439 4679 471 4727 ab
483 4677 621 4727 accinenda

394 4748 427 4795 23
443 4754 523 4795 ιιιιιιιιι
534 4755 665 4795 accentum
680 4759 704 4796 et
715 4748 740 4797 in
754 4750 953 4815 antepenultima
965 4756 1068 4797 acutum
1082 4749 1172 4814 recipit

394 4818 427 4863 33
439 4814 463 4861 1ιι
479 4814 691 4945 tantepcupltima:
713 4817 748 4877 cs.
767 4820 809 4873 33,
826 4820 843 4867 3
861 4813 971 4882 [codicia
989 4819 1141 4881 arripueram
1159 4818 1215 4880 ipso
1235 4814 1343 4879 Hugeuo
1361 4823 1479 4867 monente
1500 4830 1550 4864 aaa
1567 4819 1631 4861 recte
1735 4790 1736 4868 l

440 4898 478 4930 mit
491 4898 590 4931 weram
1734 4908 1735 4911 ’
