3525 5600
765 377 939 442 Rucvuau
1184 381 1192 398 ⁸
1432 374 1496 441 499

1293 500 1314 542 p.
1328 487 1429 530 197842
1445 486 1469 530 P.
1492 521 1496 528 .

210 565 286 628 rium
308 568 444 646 imperii,
474 568 618 629 scrinium
646 569 766 636 scrinii,
796 567 972 647 Capitolium
996 568 1150 647 Capitolii,
1174 569 1335 630 tentorium
1362 569 1494 638 tentorii,

212 655 372 714 armarium
394 655 514 713 armarii
539 653 694 734 [solarium
717 653 833 722 solarii,
858 655 1070 714 armentarium
1093 655 1265 714 armentarii
1288 653 1340 713 ubi
1362 661 1495 714 armenta

210 735 386 818 ponuntur],
410 740 536 818 spatium
559 741 663 819 spatii,
687 739 849 799 sacrarium
871 739 996 799 sacrarii
1021 736 1119 818 [locus
1140 741 1170 798 in
1193 757 1252 818 quo
1274 757 1358 800 sacra
1380 757 1494 817 ponun-

210 819 289 903 tur];
312 824 356 882 sic
371 823 523 884 horarium
537 823 665 892 horarii,
690 824 830 884 solarium
852 824 969 892 solarii,
993 825 1151 884 tectorium
1173 826 1293 884 tectorii
1318 822 1494 903 [tentorium

185 909 345 976 stentorii,
373 907 405 967 id
428 915 473 968 est
495 906 718 969 tabernaculum
745 906 906 988 nulitum],
941 909 1116 970 viridarium
1144 908 1294 978 viridarii,
1329 909 1495 989 pomerium

156 1012 160 1024 ·
209 995 335 1072 pomerii
360 990 456 1072 [locus
478 1000 545 1073 post
566 992 693 1073 muros],
717 994 897 1054 sacrificium
920 994 1069 1062 sacrificii,
1093 994 1197 1055 lolium
1219 994 1293 1064 lolii,
1317 993 1424 1055 solium
1446 1011 1493 1053 so·

210 1078 258 1147 lii,
281 1081 484 1139 testimonium
507 1081 687 1149 testimonii;
711 1082 753 1139 sic
776 1082 923 1139 rosarium
945 1081 1067 1148 rosarii,
1097 1080 1242 1139 aviarium
1265 1081 1369 1139 aviarii
1399 1077 1496 1158 [locus

209 1161 253 1223 vel
276 1163 363 1224 sedes
386 1162 515 1243 avium],
540 1156 696 1240 augurium
719 1166 851 1242 augurii,
875 1166 1039 1243 auspicium
1062 1166 1198 1242 auspicii,
1222 1166 1346 1224 exitium
1371 1163 1374 1244 l
1399 1165 1493 1230 exitii,

209 1248 331 1309 exilium
354 1249 452 1320 exilii,
477 1250 644 1328 prodigium
666 1249 811 1327 prodigii,
836 1247 978 1309 auxilium
1000 1249 1118 1318 auxilii,
1143 1249 1326 1328 praesidium
1340 1247 1493 1327 praesidii,

175 1351 196 1388 n
209 1335 318 1395 atrium
339 1335 423 1403 atrii,
447 1336 606 1414 aucupium
629 1336 761 1412 aucupii,
791 1333 972 1395 adiutorium
994 1335 1149 1403 adiutorii,
1179 1335 1359 1412 mancipium
1382 1335 1493 1394 manci·

208 1421 267 1498 pii,
297 1419 408 1478 dolium
436 1419 516 1480 dolii.
562 1425 607 1479 est
635 1427 664 1478 ct
691 1419 747 1479 alia
776 1420 869 1479 lorma
897 1422 1017 1496 generis
1044 1421 1156 1486 neutri,
1187 1438 1261 1497 quae
1291 1436 1344 1497 per
1367 1436 1401 1478 us
1423 1419 1492 1485 exit,

208 1512 241 1564 ut
262 1504 318 1564 hoc
340 1521 432 1583 pecus
454 1505 543 1565 huius
564 1506 682 1584 pecoris
704 1505 773 1564 huic
796 1506 897 1584 pecori
919 1504 1121 1583 boc⁴pecnso
1142 1517 1234 1583 pecus
1251 1503 1287 1567 ab
1309 1503 1364 1562 boc
1385 1521 1493 1582 pecore

207 1589 282 1649 hacc
303 1606 412 1670 pecora
434 1589 539 1650 horum
561 1607 702 1669 pecorum
730 1589 776 1649 his
803 1589 965 1668 pecoribus
991 1589 1067 1649 baec
1088 1607 1196 1668 pecora
1218 1608 1236 1648 o
1258 1606 1371 1666 pecora·
1387 1587 1424 1647 ab
1446 1587 1494 1648 bis

208 1672 377 1754 pecoribus.
423 1675 458 1735 ad
487 1675 562 1736 hanc
588 1673 744 1735 formulam
771 1673 987 1736 declinabimus
1020 1673 1105 1734 ulcus
1131 1673 1247 1742 ulcera,
1276 1673 1392 1733 lacinus
1420 1673 1492 1733 laci·

174 1774 296 1828 canora,
320 1758 413 1820 vellus
440 1759 565 1828 vellera,
595 1762 692 1820 viscus
719 1761 847 1828 viscera,
877 1777 929 1819 rus
951 1777 1034 1827 rura,
1064 1761 1111 1820 ins
1133 1761 1211 1827 iura,
1235 1776 1340 1817 neruus
1361 1775 1491 1825 nemora,

209 1851 312 1922 tergus
338 1851 472 1922 tergora,
502 1850 606 1925 peetus
633 1851 770 1924 pectora,
799 1861 892 1923 genus
919 1861 1043 1921 genera,
1073 1844 1189 1922 pondus
1215 1843 1362 1922 pondera,
1386 1861 1494 1922 corpus

207 1947 348 2009 corpora,
373 1929 463 1989 decus
478 1929 600 1999 decora,
617 1930 706 1990 lunus
721 1931 840 1997 lunera,
864 1931 951 1990 lenus
965 1931 1086 1996 lenera,
1111 1928 1175 1989 olus
1190 1928 1287 1995 olera,
1310 1928 1382 1988 litus
1396 1927 1491 1996 litora,

207 2033 283 2095 opus
298 2032 402 2093 opera,
424 2014 518 2075 rudus
533 2015 655 2084 rudera,
680 2021 727 2074 tus
741 2022 824 2083 tura,
848 2022 965 2094 tempus
979 2021 1121 2093 tempora,
1144 2013 1249 2074 foedus
1263 2013 1393 2081 foedera,
1417 2020 1492 2074 ster-

206 2117 261 2159 cus
283 2108 429 2168 stercora,
458 2119 533 2160 onus
560 2117 665 2168 onera,
694 2099 771 2160 latus
799 2100 902 2160 latera.
947 2106 992 2159 est
1019 2099 1075 2159 alia
1103 2100 1220 2178 species
1241 2100 1362 2176 generis
1384 2100 1491 2165 neutri,

171 2202 283 2264 coquas
312 2185 445 2244 continet
473 2187 592 2245 nomina
620 2187 651 2244 in
678 2203 715 2244 ur
742 2187 894 2253 exeuntia,
925 2193 959 2244 ut
984 2185 1041 2244 boe
1068 2201 1203 2244 murmur
1224 2183 1313 2244 huius
1333 2184 1493 2243 murmoris

206 2270 278 2329 buic
305 2271 449 2330 murmori
476 2269 532 2330 boc
560 2286 695 2330 murmur
722 2288 739 2329 o
767 2287 903 2330 murmur
925 2269 962 2329 ab
984 2268 1041 2329 hoc
1063 2287 1213 2329 murmore
1240 2267 1314 2328 haec
1342 2286 1493 2328 murmora

204 2354 314 2414 horum
341 2373 525 2418 murmurum
552 2353 599 2415 his
629 2353 830 2416 marmoribus
862 2354 935 2414 haec
966 2372 1117 2415 murmura
1152 2373 1169 2414 o
1196 2371 1347 2413 murmura
1374 2350 1411 2412 ah
1444 2352 1492 2412 his

204 2437 418 2500 marmoribus.
450 2439 485 2499 ad
507 2440 583 2500 banc
605 2439 762 2500 formulam
785 2438 893 2500 similia
916 2437 1095 2508 declinabis,
1118 2445 1152 2498 ut
1173 2437 1249 2499 ebur
1270 2436 1371 2506 ebora,
1393 2439 1493 2498 lemur

206 2527 335 2594 leniora,
359 2524 483 2603 sulphur
504 2524 657 2603 sulphura,
681 2524 780 2602 iulgur
802 2523 928 2601 fulgora.
962 2524 1015 2584 sed
1037 2542 1074 2583 ex
1096 2524 1150 2584 bac
1173 2522 1299 2583 lormula
1320 2541 1379 2583 non
1401 2521 1492 2583 multa

170 2611 415 2678 otorantinam,
439 2609 601 2688 quomodo
623 2627 717 2688 pauca
740 2617 808 2669 sunt
830 2611 950 2686 generis
971 2611 1081 2676 neutri,
1105 2627 1180 2688 quae
1203 2610 1234 2668 in
1257 2625 1291 2668 or
1313 2616 1437 2676 exeunt,
1460 2611 1493 2667 ut

205 2712 338 2754 marmor
364 2694 453 2754 buius
480 2696 637 2754 marmoris
665 2694 733 2754 huic
761 2696 902 2754 marmori
931 2693 986 2755 hoc
1013 2712 1144 2754 marmor
1172 2713 1189 2753 o
1214 2710 1345 2752 marmor
1372 2691 1410 2753 ab
1436 2692 1492 2752 hoc

204 2796 363 2841 mancare.
408 2781 451 2840 sic
479 2797 589 2859 aequor
617 2797 760 2859 aequora,
790 2797 841 2839 cor
868 2779 967 2839 corda.
1012 2778 1069 2840 alia
1096 2780 1213 2858 species
1234 2779 1353 2855 generis
1381 2779 1491 2847 neutri,

204 2884 281 2945 quae
308 2866 440 2925 continet
468 2866 586 2925 nomina
615 2867 646 2924 in
673 2883 707 2923 ar
734 2862 875 2943 syllabam
899 2866 1052 2933 exeuntia,
1080 2871 1114 2923 ιιι
1134 2864 1181 2924 lar
1203 2863 1291 2924 buius
1313 2864 1403 2923 larris
1423 2861 1492 2923 huic

204 2952 280 3011 larri
304 2950 360 3011 boc
383 2951 430 3011 lar
452 2968 470 3009 o
492 2952 538 3010 lar
562 2949 598 3009 ab
621 2948 677 3009 hoc
699 2950 794 3020 larre;
818 2951 847 3011 in
871 2949 978 3028 plurali
1001 2958 1063 3009 tres
1077 2968 1164 3009 casus
1184 2947 1275 3008 habet
1295 2948 1374 3009 solos
1396 2950 1491 3009 nomi·

167 3048 191 3087 ³⁰
206 3036 339 3095 nativum
361 3034 434 3095 baec
457 3036 552 3105 larra,
576 3035 775 3095 accusativum
797 3034 937 3095 similiter
958 3032 1032 3093 haec
1054 3034 1151 3103 larra,
1174 3034 1340 3093 vocativum
1362 3052 1379 3092 o
1400 3034 1490 3093 sarra.

204 3138 266 3181 non
289 3118 380 3179 babet
402 3136 474 3195 ergo
496 3121 659 3195 genitivum
682 3119 812 3179 dativum
835 3128 864 3179 et
886 3118 1056 3180 ablativum.
1080 3114 1086 3199 Ι
1108 3118 1187 3179 unde
1210 3118 1330 3196 triptota
1352 3118 1492 3179 diduntur

204 3208 237 3266 in
260 3204 383 3285 plurali,
407 3202 437 3264 id
460 3214 506 3265 est
527 3207 618 3265 trium
640 3221 776 3273 casuum,
801 3212 833 3263 nt
855 3212 924 3265 sunt
945 3206 1026 3265 iura:
1049 3222 1109 3263 non
1130 3202 1257 3264 dicimus
1271 3202 1377 3264 horum
1392 3205 1492 3263 iurum

204 3290 253 3350 his
275 3288 407 3357 iuribus,
436 3307 491 3348 nec
519 3307 621 3349 aeruna
643 3288 779 3358 acribus,
808 3307 864 3349 nec
892 3288 1047 3349 meliorum
1069 3288 1222 3356 mellibus,
1252 3294 1282 3347 et
1303 3287 1361 3348 alia
1381 3306 1490 3368 pauca:

205 3394 261 3435 nec
290 3375 370 3433 enim
398 3372 488 3455 multa
516 3380 594 3433 sunt.
639 3374 714 3434 hanc
744 3390 815 3451 ergo
843 3374 970 3434 loannem
991 3391 1116 3433 numero
1138 3379 1251 3433 tantum
1274 3372 1418 3450 singulari
1440 3371 1490 3433 de·

168 3472 192 3514 as
205 3457 343 3519 clinabis.
381 3465 411 3518 et
432 3458 488 3519 hoc
512 3465 614 3519 nectar
635 3460 781 3528 nectaris,
806 3459 883 3519 lasar
905 3458 1009 3519 lasaris
1031 3466 1061 3518 et
1082 3459 1192 3527 instar,
1215 3457 1294 3537 quod
1317 3465 1363 3517 est
1384 3456 1490 3518 simili·

205 3543 278 3605 tudo
302 3540 369 3623 [sed
391 3550 455 3602 tres
476 3562 561 3603 casus
582 3541 709 3612 babent,
733 3545 947 3604 nominativum
969 3545 1168 3604 accusativum
1191 3550 1222 3602 et
1241 3541 1438 3622 vocativum],
1462 3548 1492 3602 et

205 3634 276 3689 sunt
298 3628 415 3688 numeri
436 3633 550 3688 tanturn
572 3627 741 3705 singularis.
772 3628 828 3689 alia
851 3630 968 3708 species
989 3630 1108 3705 generis
1129 3630 1239 3697 neutri,
1262 3646 1338 3706 quae
1360 3627 1491 3687 continet

204 3715 325 3774 nomina
354 3714 384 3772 in
412 3731 446 3774 er
474 3714 626 3781 exeuntia,
655 3713 707 3773 sed
734 3715 851 3774 numeri
880 3720 992 3775 tantum
1016 3711 1188 3790 singularis,
1218 3712 1274 3773 boc
1295 3714 1382 3792 piper
1404 3711 1491 3773 huius

203 3799 321 3878 piperis
342 3797 412 3857 huic
433 3798 532 3877 piperi
554 3798 609 3858 boc
638 3800 724 3877 piper
752 3818 769 3859 o
798 3801 885 3878 piper
912 3797 949 3858 ab
971 3798 1028 3857 boc
1049 3801 1165 3877 pipere.
1209 3797 1245 3858 ad
1267 3796 1343 3857 hanc
1365 3798 1491 3858 sormam

275 4034 292 4082 2
310 4032 433 4081 solarium
450 4032 536 4083 solarii
555 4036 684 4084 tectorium
698 4036 794 4085 tectorii
813 4036 993 4085 armentarium
1009 4032 1181 4085 msrmeutsrii
1198 4031 1434 4098 (armamentarium
1452 4047 1490 4083 sr-

203 4103 364 4153 mamcntsrii
377 4102 522 4165 Putsclo'us)
540 4102 684 4169 spartane
702 4104 834 4155 Putscbius
896 4104 913 4155 3
931 4104 1002 4155 locus
1019 4104 1107 4167 inquo
1126 4117 1199 4153 sacra
1216 4112 1344 4167 ponuntur
1360 4116 1438 4159 oms

202 4176 219 4223 ιι
238 4170 369 4221 horarium
386 4172 481 4222 horarii
498 4172 631 4225 Putscdius
649 4175 760 4224 orarium
774 4174 850 4223 orarii
868 4175 913 4230 ἲς
982 4173 1103 4223 solarium
1120 4172 1206 4223 solerii
1225 4186 1294 4223 corr.
1310 4172 1430 4222 salarium
1448 4186 1490 4221 sa-

203 4240 262 4292 larii
280 4240 306 4288 F
320 4241 440 4292 salarium
460 4242 547 4292 salarii
566 4257 583 4299 ς
645 4246 774 4294 tectorium
790 4272 825 4281 —
843 4243 950 4291 militum
968 4255 1048 4299 oms
1109 4243 1126 4294 6
1144 4242 1216 4291 locus
1230 4253 1289 4307 post
1308 4255 1394 4292 muros
1412 4256 1491 4299 orsa

275 4312 291 4360 7
310 4310 380 4361 locus
400 4311 438 4360 vel
454 4312 529 4361 sedes
546 4314 632 4362 avium
651 4330 697 4365 om.
719 4326 736 4369 ς
788 4313 805 4363 8
823 4312 940 4378 agurium
959 4313 1043 4377 agurii
1060 4312 1086 4361 F
1143 4311 1179 4362 17
1192 4312 1269 4362 luuus
1287 4309 1388 4376 lunera]
1409 4327 1490 4362 sunus

203 4394 302 4429 sunem
319 4380 343 4429 F
410 4379 443 4432 18
462 4381 565 4431 foedera
583 4382 608 4431 id
626 4393 665 4433 est
682 4384 795 4447 pactsF
860 4381 896 4432 20
912 4381 989 4431 huius
1004 4383 1140 4431 murmuris
1157 4383 1269 4432 οιείσίη
1285 4383 1422 4447 reliquias

202 4448 238 4499 28
258 4448 371 4516 nomina]
395 4450 551 4501 nominatiuo
567 4454 594 4503 F
662 4452 695 4505 33
714 4468 760 4502 neo
780 4466 839 4502 sera
853 4466 939 4501 ascum
961 4452 1062 4501 aeribus
1080 4452 1284 4501 adaersmentum
1304 4466 1351 4501 uec
1365 4452 1391 4501 F
1456 4450 1490 4501 34

202 4518 284 4569 multa
298 4529 365 4569 sunt.
391 4519 453 4569 baec
469 4522 569 4570 nomina
590 4522 614 4571 in
633 4538 676 4573 um
695 4530 801 4588 ponunt.
824 4529 863 4570 est
880 4521 947 4570 enim
966 4534 1065 4570 morum
1081 4520 1175 4571 farrum
1190 4521 1216 4569 iu
1232 4520 1346 4587 genitiuo
1364 4521 1449 4571 dicere
1465 4521 1490 4569 in

202 4590 257 4637 dat.
278 4588 440 4639 hislarribus
458 4592 521 4640 etin
541 4590 591 4645 abl.
611 4591 642 4641 ab
659 4592 700 4643 his
722 4591 838 4644 torribus.
857 4589 924 4639 lianc
943 4592 969 4640 F
982 4590 1062 4640 mults
1079 4599 1146 4642 suut.
1166 4590 1204 4641 sic
1220 4606 1268 4640 uec
1282 4590 1373 4645 horum
1393 4590 1488 4640 farrum

203 4660 229 4707 iu
244 4658 360 4724 genitiuo
380 4674 516 4723 possumus
535 4660 618 4711 dicere
634 4671 677 4713 sut
696 4663 722 4711 iu
740 4663 826 4712 datiuo
845 4659 886 4709 his
904 4659 1023 4710 turribus
1040 4659 1106 4711 banc
1121 4673 1138 4717 ς
1197 4659 1231 4711 34
1249 4660 1390 4711 declinabis
1406 4670 1511 4710 ιιοοιιιι.

201 4742 218 4785 ς
272 4727 307 4779 35
322 4728 403 4778 lassas
416 4728 495 4792 (corr.
512 4730 591 4790 issar)
608 4730 711 4781 lassaris
720 4732 746 4781 F
761 4732 842 4781 lssser
855 4730 958 4779 lasseris
971 4743 989 4785 ς
1000 4729 1068 4779 isser
1082 4729 1171 4780 lassris
1184 4729 1331 4781 Pumilus:
1350 4732 1385 4793 cf.
1395 4732 1488 4796 frapm.

202 4798 269 4849 Bob.
283 4797 316 4847 dc
335 4814 398 4852 coru.
414 4815 442 4863 p.
465 4798 511 4851 131
533 4800 572 4853 ed.
594 4802 671 4851 Viod.
742 4800 776 4853 36
802 4800 846 4851 sed
864 4798 939 4851 habet
957 4809 1008 4849 tres
1026 4815 1101 4851 casus
1119 4809 1215 4851 tanturn
1230 4814 1298 4853 nom.
1316 4814 1370 4854 acc.
1388 4809 1413 4850 et
1430 4816 1487 4852 uoc.

203 4876 228 4917 et
244 4876 283 4916 est
298 4868 432 4925 numeris
501 4877 525 4918 et
544 4884 588 4919 om.
608 4870 634 4920 F
