3525 5600
324 377 387 452 126
417 379 424 388 ’
889 387 1043 456 ΡΟΜΡΕΠ

347 511 369 552 p.
382 499 459 540 ets-st
472 497 495 538 L.

323 579 425 640 dicunt
446 577 533 638 oden.
563 575 685 637 verbum
707 575 745 636 de
766 573 857 636 verbo
879 575 976 636 Latini
999 583 1225 656 expresserunt,
1248 583 1281 636 ut
1303 574 1437 635 dicerent
1457 573 1609 654 prosodias
1716 635 1717 642 y

323 689 472 742 accentus.
518 678 570 741 sed
592 678 688 739 Latini
710 676 821 738 babent
843 685 873 737 et
896 678 951 739 alia
974 679 1108 739 nomina:
1131 687 1160 739 et
1180 687 1281 739 tonum
1304 684 1333 738 et
1347 683 1482 738 tenorem
1499 675 1607 737 dicunt.

322 783 396 843 nibil
423 785 562 851 interest,
591 783 652 840 sire
681 787 836 840 accentum
864 778 997 840 dicamus
1024 761 1085 841 sive
1113 789 1215 841 tonum
1244 781 1306 840 slve
1328 785 1479 848 tencrem;
1509 777 1610 840 eadem

322 886 398 945 ratio
427 892 484 955 est,
511 884 632 943 nomina
659 889 728 942 sunt
755 889 868 941 tantum
895 881 983 942 modo
1012 882 1163 945 dissimile.
1207 890 1346 943 accentus
1374 884 1425 962 qui
1452 882 1612 942 necessarii

323 986 409 1048 nubis
432 994 501 1047 sunt
522 986 581 1046 duc
603 992 671 1046 sunt
693 991 806 1044 tantum
826 982 830 1062 Ι
850 983 939 1064 mado
962 983 1040 1062 apud
1062 985 1197 1062 Latinos,
1222 991 1325 1045 acutus
1348 993 1377 1044 et
1391 983 1633 1045 circumflexust

323 1098 427 1150 acutus
448 1089 558 1149 dicitur
580 1067 733 1157 accentus,
757 1086 894 1165 quotiens
916 1087 1026 1147 cursim
1048 1085 1189 1166 syllabam
1211 1086 1407 1167 proferimus
1432 1092 1464 1178 ut
1483 1086 1511 1146 si
1534 1084 1610 1144 dicas

323 1191 405 1252 arma
433 1192 537 1252 arcus:
565 1209 626 1281 uma
659 1206 819 1269 possumus
843 1187 946 1256 ¹(licere
975 1191 1071 1258 arma,
1103 1208 1162 1249 uon
1177 1183 1178 1189 '
1195 1207 1353 1269 possumus
1381 1188 1481 1250 dicere
1514 1191 1608 1247 arcus.

323 1301 426 1354 acutus
469 1311 540 1372 ergo
578 1293 700 1362 dicitur,
739 1289 857 1370 quando
895 1292 1005 1351 cursim
1047 1290 1189 1370 syllabam
1230 1291 1419 1370 proferimus.
1484 1292 1610 1350 circum

322 1395 417 1456 llexus
451 1394 569 1465 dicitur,
604 1393 723 1473 quando
761 1394 878 1454 tractim
921 1391 1062 1473 syllabam
1096 1393 1291 1472 proferimus,
1332 1401 1365 1454 ut
1400 1395 1479 1454 meta
1515 1391 1610 1453 birisa:

322 1516 382 1558 nun
418 1516 577 1577 possumus
612 1497 714 1557 dicere
750 1494 842 1563 meta,
880 1513 941 1555 nou
978 1513 1135 1574 possumus
1172 1495 1273 1563 dicere
1309 1494 1400 1556 bleisa,
1447 1512 1517 1572 ergo
1555 1495 1647 1553 cir-10

323 1598 501 1659 cumllexum
532 1597 656 1660 dicimus
683 1600 733 1678 qui
762 1598 881 1657 tractim
908 1597 1074 1676 profertur,
1104 1605 1222 1658 acutum
1245 1596 1326 1657 illum
1351 1598 1400 1675 qui
1423 1597 1543 1657 cursim.
1569 1605 1613 1655 est

323 1703 412 1763 etiam
433 1702 546 1779 gravis,
574 1699 626 1762 sed
648 1702 704 1761 iste
730 1717 826 1779 paene
853 1699 1023 1778 superlluus
1046 1707 1091 1760 θεῖ
1119 1699 1195 1778 apud
1223 1699 1352 1760 Latinos,
1398 1717 1456 1778 qua
1477 1699 1610 1759 ratione?
1716 1695 1717 1752 l

323 1822 379 1864 nec
401 1813 505 1864 acutus
527 1821 583 1864 nec
605 1801 811 1862 circumflexus
833 1810 887 1862 est.
932 1804 1029 1862 omnis
1051 1820 1150 1863 sermo
1172 1819 1295 1863 neccsse
1317 1809 1361 1864 est
1382 1810 1415 1863 ut
1429 1809 1481 1862 aut
1495 1809 1611 1861 acutum
1716 1823 1717 1872 g

323 1905 431 1966 babeat
452 1913 502 1966 aut
523 1904 761 1966 circumflexum:
774 1902 885 1980 ¹nullus
908 1911 953 1964 est
975 1923 1088 1974 sermo,
1112 1906 1163 1984 qui
1185 1905 1249 1966 sine
1271 1904 1334 1964 istis
1357 1904 1407 1964 sit:
1431 1905 1456 1964 si
1477 1921 1538 1964 non
1560 1903 1611 1963 ba·
1716 1893 1717 1968 l

323 2006 374 2068 bet
401 2015 535 2078 acutum,
564 2006 788 2068 circumflexum
820 2005 924 2074 babet:
960 2007 985 2066 si
1019 2025 1079 2066 nou
1107 2005 1197 2065 babet
1225 2005 1462 2076 circumflexum,
1493 2013 1611 2066 acutum
1625 2016 1648 2056 1⁵
1716 1977 1717 2067 l

322 2109 422 2170 babet.
446 2117 476 2169 et
502 2110 599 2188 gravis
621 2109 673 2170 ubi
696 2111 765 2179 erit,
795 2109 820 2168 si
848 2107 892 2167 vel
913 2106 963 2168 ille
989 2107 1036 2168 vel
1058 2107 1107 2168 ille
1130 2107 1186 2169 sibi
1208 2126 1378 2169 sermonem
1399 2106 1545 2168 vindicati
1580 2109 1611 2167 in

322 2210 462 2292 reliquis,
492 2210 543 2272 ubi
570 2229 631 2271 non
659 2217 704 2271 est
731 2228 787 2270 nec
814 2216 919 2270 acutus
947 2228 1003 2270 uec
1030 2209 1252 2281 circumflexus,
1281 2213 1311 2271 in
1338 2209 1463 2287 reliquis
1492 2207 1612 2288 syllabis

323 2315 416 2393 ipsius
439 2314 595 2374 sermonis.
641 2321 673 2373 ut
700 2320 770 2393 puta
791 2312 972 2381 malesanus
1002 2331 1033 2372 sa
1056 2313 1278 2374 circumflexum
1305 2311 1408 2381 babet,
1436 2329 1483 2372 ma
1506 2309 1613 2371 lenus
1716 2321 1717 2374 l

321 2418 397 2477 istae
418 2423 480 2476 tres
501 2413 630 2496 syllabae
652 2432 770 2492 gravem
799 2411 912 2474 babent
933 2423 1096 2476 accentum.
1138 2433 1206 2476 uam
1235 2414 1303 2476 ideo
1331 2414 1427 2475 dictus
1449 2421 1495 2474 est
1516 2415 1613 2490 gravis
1716 2403 1717 2462 l

323 2517 379 2578 bac
400 2519 531 2586 ratione,
561 2515 760 2594 quodminus
786 2525 887 2586 sonet,
915 2536 1003 2597 quam
1030 2525 1115 2578 sonat
1142 2515 1193 2577 illc
1219 2515 1376 2594 legitimus.
1420 2535 1468 2576 ma
1496 2514 1524 2575 lc
1547 2527 1650 2584 busur
1716 2523 1717 2580 i

323 2619 464 2700 numquid
487 2621 530 2680 sic
552 2626 659 2679 sonant
681 2637 785 2679 omnes
806 2619 881 2680 istae
904 2616 1046 2698 syllabae,
1077 2637 1166 2698 quem
1188 2619 1224 2679 ad
1246 2619 1368 2680 modum
1390 2629 1475 2679 sonat
1497 2617 1547 2678 sa?
1581 2636 1613 2678 sa
1716 2639 1717 2684 l

323 2722 391 2804 plus
413 2729 507 2783 sonat.
531 2720 599 2782 ideo
621 2721 718 2780 dictae
739 2728 807 2782 suut
821 2721 890 2782 illae
904 2719 1015 2782 babere
1035 2737 1153 2798 gravem
1169 2729 1331 2790 accentum,
1356 2719 1434 2798 quod
1450 2727 1480 2780 θῖ
1494 2722 1613 2801 pigrum
1716 2719 1717 2794 l

324 2832 354 2885 et
376 2826 475 2884 miuus
502 2832 619 2885 surrent.
663 2841 735 2902 ergo
764 2826 843 2885 scire
869 2822 960 2885 debes
988 2824 1055 2903 quia
1083 2822 1165 2885 uullo
1192 2823 1257 2885 loco
1284 2825 1380 2902 gravis
1406 2825 1477 2903 poni
1504 2830 1612 2903 petest

324 2909 469 3008 quantum
496 2925 532 2985 ad
560 2925 715 2986 utilitatem
742 2928 885 3005 pertinet,
914 2927 971 2987 nisi
1000 2924 1052 2986 ubi
1080 2944 1139 2987 nou
1166 2926 1257 2987 luerit
1283 2933 1387 2987 acutus
1415 2934 1466 2987 aut
1486 2927 1613 2986 circum·
1716 2942 1717 2997 t

323 3030 435 3098 flexus;
456 3028 488 3087 iu
511 3026 614 3087 eadem
635 3035 734 3088 tamen
756 3037 842 3108 parte
863 3030 1019 3099 oraticula,
1049 3047 1110 3089 nou
1138 3028 1194 3089 sibi
1215 3027 1373 3108 specialem
1395 3027 1523 3089 vindicat
1544 3046 1613 3107 par·
1626 3038 1649 3076 2⁵
1716 3012 1717 3059 i

322 3137 398 3201 tem,
421 3148 482 3190 ucri
504 3128 594 3191 babet
615 3133 775 3209 propriam.
821 3130 873 3191 sed
896 3130 953 3191 boc
975 3130 1052 3209 apud
1074 3130 1194 3191 Latinos
1215 3137 1340 3192 tantum.

204 3251 264 3312 426,
278 3250 310 3299 16
408 3232 445 3292 Et
467 3230 537 3310 quid
559 3240 606 3292 θεῖ
626 3230 691 3311 ipse
711 3233 869 3293 accentus?
892 3234 931 3293 ita
947 3232 1084 3293 delinitus
1100 3240 1158 3303 est,
1182 3234 1339 3294 ‘accentus
1354 3239 1398 3293 θεῖ
1415 3233 1499 3312 quasi
1515 3233 1614 3293 arbua
1716 3242 1717 3261 ³

324 3336 431 3402 rocis’,
454 3332 486 3393 id
509 3339 555 3393 est
577 3339 716 3394 accentus
738 3342 783 3395 θεῖ
804 3336 901 3396 anima
923 3332 1081 3395 verborum
1105 3342 1134 3403 et
1148 3336 1246 3397 anima
1260 3336 1340 3395 vocis
1355 3336 1444 3396 unius
1459 3336 1611 3414 cuiusque.

323 3454 412 3514 quem
434 3434 615 3495 admodum
637 3454 747 3515 corpus
767 3444 902 3497 nostrum
924 3456 985 3497 nou
1006 3444 1104 3516 potest
1127 3456 1192 3499 θεεθ
1215 3438 1279 3499 sine
1301 3438 1413 3507 anima,
1438 3438 1481 3497 sic
1496 3454 1552 3497 nec
1567 3436 1612 3497 ul·
1716 3434 1717 3517 J

322 3536 384 3597 lum
407 3536 531 3598 verbum
554 3556 611 3597 nec
631 3536 711 3598 ullus
733 3557 833 3599 sermo
855 3540 920 3599 sine
943 3545 1067 3600 accentu
1088 3547 1187 3619 potest
1209 3556 1285 3601 csse.
1322 3548 1352 3599 et
1374 3556 1463 3619 quem
1491 3538 1527 3598 ad
1549 3556 1613 3597 mc·
1626 3548 1650 3587 ³⁰
1716 3524 1717 3601 f

323 3639 394 3700 dum
417 3641 514 3701 anima
536 3648 637 3700 nostra
658 3641 690 3699 in
711 3648 775 3701 toto
797 3658 923 3719 corpore
944 3642 1007 3720 ipsa
1029 3640 1095 3721 plus
1116 3649 1228 3722 potest,
1253 3644 1295 3702 sic
1318 3644 1406 3703 etiam
1428 3640 1479 3701 illa
1502 3638 1614 3721 syllaba
1716 3664 1717 3671 θ

321 3741 391 3830 plus
414 3748 500 3802 sonat
520 3743 552 3801 in
574 3750 636 3802 toto
658 3740 764 3813 verbo,
794 3760 870 3821 quae
898 3752 1053 3804 accentum
1081 3742 1180 3805 babet.
1217 3762 1287 3823 ergo
1308 3744 1359 3805 illa
1380 3742 1506 3823 syllaba,
1536 3762 1613 3823 quae
1716 3802 1717 3811 ,

323 3850 482 3905 accentum
504 3842 609 3915 babet,
639 3843 708 3925 plus
735 3854 833 3916 sonat,
862 3847 948 3925 quasi
974 3847 1039 3926 ipsa
1066 3836 1156 3907 habet
1183 3848 1326 3907 maiorem
1352 3854 1538 3927 potestatem.
1585 3852 1615 3905 et
1716 3848 1717 3857 ’

395 4070 457 4120 lut
477 4068 590 4117 dicerent
612 4067 747 4133 prosodias
765 4068 952 4119 Lindemurmus
975 4076 1002 4117 ut
1021 4066 1133 4119 dicerent
1151 4066 1270 4133 prosodia
1289 4068 1373 4120 ABG
1442 4070 1508 4118 det
1525 4076 1613 4117 tonum
1705 4074 1717 4127 ,’

323 4154 371 4191 om.
386 4139 468 4188 ABG
515 4139 533 4187 b
550 4147 579 4187 ut
599 4139 622 4186 si
636 4138 708 4187 dicas
723 4152 794 4186 arma
811 4151 861 4186 nou
873 4152 1010 4201 possumus
1026 4136 1111 4187 dicere
1124 4138 1203 4188 armai
1215 4150 1290 4188 arcus
1307 4155 1357 4189 nnn
1375 4153 1511 4204 possumus
1528 4138 1614 4187 dicere
1716 4164 1717 4187 ÷

324 4211 354 4272 (θ
373 4210 434 4261 add.
455 4204 502 4273 a*)
520 4222 590 4257 arma
608 4222 683 4256 arcus
702 4222 752 4257 non
769 4221 906 4273 poscumus
925 4208 1008 4257 dicere
1026 4207 1055 4273 (a
1073 4209 1134 4259 add.
1152 4207 1181 4273 a)
1199 4224 1274 4259 arcus
1292 4210 1317 4258 A
1386 4209 1401 4257 7
1425 4209 1509 4258 dicere
1527 4208 1615 4257 adram

898 4286 911 4314 a
1314 4288 1327 4316 2

322 4344 407 4391 arcus·
421 4344 471 4377 nou
492 4342 629 4392 pessumus
647 4327 735 4377 arircua
757 4329 778 4377 0
798 4328 882 4379 dicere
900 4344 971 4379 arma
987 4344 1061 4379 arcus
1081 4344 1131 4379 non
1150 4344 1288 4395 possumus
1316 4344 1390 4380 arcus
1407 4330 1434 4379 B
1503 4327 1537 4379 10
1562 4342 1613 4377 nou

323 4395 426 4464 possum
450 4398 534 4448 dicere
553 4407 620 4447 meta
638 4412 689 4447 non
706 4413 842 4463 possumus
861 4398 981 4463 (possum
1001 4400 1032 4459 G)
1052 4400 1135 4449 dicere
1159 4415 1231 4449 musa
1249 4400 1333 4451 ABG
1400 4399 1434 4450 12
1451 4414 1502 4461 qua
1515 4400 1614 4447 ratione

324 4470 384 4531 quia
402 4484 448 4517 nec
466 4477 555 4539 acutus
573 4482 620 4516 nec
638 4468 815 4518 circumflexus
830 4470 913 4519 omnis
930 4469 951 4519 0
1021 4469 1054 4521 16
1072 4480 1097 4519 et
1118 4470 1169 4532 (est
1185 4472 1247 4520 add.
1264 4470 1304 4535 B)
1321 4470 1410 4536 grauis
1429 4470 1472 4518 ubi
1491 4468 1539 4518 erit
1557 4470 1614 4518 siue

324 4538 359 4601 (si
376 4539 418 4588 uel
436 4537 472 4602 B)
495 4538 537 4587 ille
558 4538 599 4586 uel
620 4538 663 4587 ille
687 4539 735 4588 eibi
757 4554 900 4590 sermonem
918 4540 1036 4589 uindecat
1054 4540 1197 4603 (uindicem
1215 4540 1253 4603 B)
1272 4542 1298 4589 in
1319 4540 1424 4604 reliquis
1442 4538 1486 4588 ubi
1505 4552 1556 4588 nou
1576 4546 1615 4588 est

324 4624 371 4657 uec
395 4617 484 4657 acutus
503 4608 559 4657 AB
583 4616 622 4657 θεῖ
644 4618 669 4656 et
689 4609 778 4675 grauis
792 4610 837 4659 ubi
852 4624 904 4659 non
925 4620 964 4659 est
981 4610 1108 4661 acutusC
1174 4610 1206 4661 18
1221 4610 1366 4661 malesanus
1384 4610 1480 4659 maleta
1497 4624 1526 4658 sa
1540 4609 1615 4659 Bou

323 4678 470 4728 malesanus
493 4678 589 4727 molesa
612 4680 637 4729 A
707 4678 742 4729 20
758 4676 842 4744 sonat]
869 4688 942 4730 acuet
966 4678 1051 4728 ABG
1118 4680 1149 4731 21
1171 4680 1460 4744 omnesillaesyllabaa
1478 4680 1505 4731 Β
1524 4692 1614 4729 omnes
1716 4720 1717 4747 ἶ

324 4750 389 4797 istae
407 4749 504 4798 litterae
522 4749 573 4798 ΑΒ
639 4750 674 4802 22
691 4751 799 4816 pigreO
866 4748 901 4800 26
919 4750 987 4814 apud
999 4749 1102 4800 Latinos
1119 4758 1217 4800 tantum
1231 4752 1417 4801 Lindemannus
1433 4748 1502 4816 apud
1520 4749 1614 4798 latinos
1716 4748 1717 4797 ἐ

324 4818 509 4939 ‘amp-‘mg
574 4821 607 4872 31
626 4822 701 4870 etiam
721 4821 763 4869 illa
781 4820 878 4885 syllaba
895 4820 967 4869 Bur
985 4822 1058 4871 etiam
1077 4822 1135 4885 ipsa
1153 4820 1291 4886 syllabast
1344 4820 1378 4872 33
1395 4821 1468 4885 quasi
1486 4820 1545 4885 ipsa
1558 4818 1614 4869 AB

325 4903 469 4953 quasrrpse
507 4905 523 4937 a
1716 4908 1717 4923 t
