3525 5600
342 352 406 418 482
906 356 1093 420 EVTYCHIS
1193 398 1197 406 ‚

368 463 524 517 piscosi„
1435 467 1596 520 pecasse.

495 565 534 606 os
556 553 724 608 tenerum
747 547 856 625 pueri
878 545 1105 625 balbumque
1127 552 1239 625 pocta
1260 547 1423 624 ligurat:

343 650 474 730 exeeptis
502 667 557 710 uro
584 651 648 708 uris
676 655 706 708 ot
731 666 843 728 quaero
872 650 968 709 activo
997 649 1133 727 quaeris,
1165 666 1201 708 ex
1223 666 1283 728 quo
1304 651 1484 728 composita,
1506 649 1572 710 licet
1590 670 1617 711 ae

343 752 547 831 diphthongon
574 751 605 811 in
633 753 643 810 i
671 750 789 828 longam
816 757 1010 818 convertunt.
1039 751 1281 827 coniugationem
1307 759 1409 812 tamen
1439 760 1567 822 serrant,
1592 762 1618 814 ut

343 855 463 933 inquiro
485 853 628 933 inquiris,
653 853 789 914 Lucanus
809 852 888 914 libro
910 851 988 914 Vllll
1009 851 1177 932 ‘inquire
1199 853 1239 913 in
1261 853 1340 914 lata
1367 853 1522 914 nefandi
1542 854 1617 916 Gae-

344 958 466 1026 saris',
500 957 645 1035 conquiro
678 955 840 1034 conquiris.
885 961 1064 1015 consonante
1097 955 1187 1014 etiam
1220 972 1408 1034 quacumque
1441 955 1637 1016 antecedentes

343 1059 456 1138 primae
472 1065 555 1128 sunt,
581 1066 613 1118 ut
627 1057 747 1118 celebro
769 1055 917 1127 celebras,
940 1055 1067 1117 tenebro
1088 1074 1231 1116 consecro
1252 1054 1378 1117 obsecro
1400 1057 1514 1138 quadro
1534 1060 1617 1136 migro

343 1160 419 1220 latro
441 1160 534 1221 lustro
556 1177 647 1220 narro
670 1177 748 1218 erro.
779 1165 922 1219 notantur
943 1159 1052 1218 tertiae
1067 1160 1286 1236 coniugationis
1307 1177 1397 1220 curro
1419 1161 1523 1229 curris,
1544 1179 1617 1221 verm

345 1261 456 1332 verris,
479 1261 592 1323 Statius
615 1259 785 1322 Thebaidos
806 1259 885 1321 libro
905 1259 960 1320 llll

672 1370 729 1423 sat
750 1360 900 1423 dubium
922 1369 1033 1423 coetu
1055 1361 1203 1424 solante
1226 1364 1399 1424 timorem

495 1465 632 1527 lallere
655 1471 691 1524 et
712 1462 878 1524 incultos
900 1465 977 1524 aris
998 1464 1206 1525 adrerrere
1228 1467 1368 1526 crines.
1625 1489 1644 1526 o

344 1571 375 1629 in
409 1585 459 1628 ror
491 1567 659 1628 desinentia
692 1564 870 1646 deponentia
903 1565 948 1626 rel
981 1569 1151 1628 eommunia
1178 1569 1294 1646 primae
1322 1573 1407 1636 sunt,
1437 1574 1471 1627 ut
1496 1586 1617 1629 exsecror

344 1672 511 1748 morigeror
537 1670 658 1730 leneror
685 1667 779 1728 miror
807 1685 908 1728 moror
939 1667 1047 1729 odoror
1070 1664 1082 1749 11
1106 1669 1191 1728 furor
1218 1667 1333 1738 lucror,
1367 1677 1492 1749 excepto
1513 1689 1614 1750 queror,

344 1779 377 1832 ut
399 1779 466 1834 ante
490 1771 684 1839 dictumest,
709 1771 824 1830 tertiae.
1708 1826 1709 1837 ,

429 1873 463 1934 ln
486 1892 519 1934 so
542 1872 681 1934 similiter
703 1873 816 1952 primae
839 1877 910 1932 sunt
931 1871 1164 1949 coniugationis,
1187 1874 1256 1953 quia
1279 1872 1444 1934 deriratira
1465 1883 1539 1934 sint.
1558 1893 1615 1934 nam

345 1975 391 2037 rel
419 1993 434 2036 a
463 1974 632 2035 nominibus
658 1975 799 2055 pleraque
832 1972 1022 2043 derivantur,
1057 1973 1103 2034 rel
1129 1981 1211 2034 certe
1238 1975 1457 2054 frequentativa
1483 1983 1561 2045 sunt,
1588 1985 1645 2036 utu

344 2077 421 2140 lasso
447 2077 540 2139 lassas
565 2094 658 2156 penso
687 2077 782 2156 spisso
810 2075 917 2144 denso,
940 2075 1019 2155 quod
1042 2083 1072 2135 ot
1099 2076 1210 2137 denseo
1232 2077 1381 2137 secundae
1404 2079 1615 2156 coniugationls,

343 2188 378 2240 ut
404 2181 435 2240 in
464 2199 500 2240 ec
528 2180 734 2246 terminatum,
763 2177 834 2238 licet
861 2195 931 2237 raro
957 2177 1082 2247 lectum,
1110 2179 1276 2248 invenitur,
1299 2187 1333 2239 ut
1355 2179 1463 2240 extulit
1483 2182 1513 2240 in
1533 2183 1617 2259 primu

343 2280 423 2342 libro
445 2284 607 2358 georgicon
629 2279 784 2357 Virgilius,
1709 2304 1710 2351 q

496 2383 625 2443 denset
646 2389 753 2443 erant
774 2397 865 2460 quae
889 2399 974 2442 rara
996 2380 1113 2450 modo,
1143 2389 1181 2441 et
1201 2401 1294 2461 quae
1317 2382 1432 2443 densa
1453 2384 1597 2452 relaxat,

344 2485 424 2546 idem
446 2487 478 2545 in
501 2484 555 2546 llll
576 2484 655 2545 libro
678 2481 850 2564 Aeneidos!
1626 2505 1646 2542 s
1709 2508 1710 2511 ¹

450 2639 453 2648 .
496 2586 577 2647 vela
600 2586 722 2655 dabit,
745 2603 807 2645 vos
830 2587 996 2646 unanimi
1019 2587 1174 2646 densete
1197 2593 1384 2658 catervam

344 2690 429 2749 culus
456 2689 634 2749 infinitivum
663 2687 810 2748 Salustius
836 2687 1031 2748 historiarum
1058 2688 1135 2748 libro
1163 2685 1190 2748 ll
1218 2689 1330 2758 relert,
1359 2688 1445 2750 ‘ille
1475 2689 1615 2748 lestinat

344 2789 529 2852 subsidiis
551 2791 751 2871 principes
773 2807 911 2868 augere
934 2798 969 2851 et
996 2790 1157 2851 densere
1185 2791 1386 2852 lrontem’:
1414 2810 1536 2851 convaso
1555 2810 1615 2851 con·
1710 2803 1711 2868 l

344 2912 445 2963 rasas,
468 2892 628 2953 Terentius
649 2894 680 2952 in
702 2891 881 2955 Phormione
905 2892 1068 2972 ‘aliquid
1091 2897 1344 2954 conrassem’:
1368 2912 1476 2954 accuso
1496 2912 1614 2961 accusas,
1710 2931 1711 2964 1

344 3012 441 3055 merso
469 3012 556 3055 curso
583 3012 677 3055 cesso.
722 2996 912 3073 excipiuntur
940 3012 1061 3055 accerso
1088 3014 1206 3055 arcesso
1234 2996 1347 3056 lacesso
1374 2996 1489 3057 lacesso
1509 3014 1645 3076 capessos

344 3098 476 3167 incesso,
500 3098 585 3157 ouius
607 3095 796 3175 inpersonale
819 3096 998 3157 infinitivum
1020 3096 1162 3174 Virgilius
1184 3095 1361 3158 duodecimo
1382 3097 1462 3158 libro
1483 3098 1561 3168 dixit,

491 3199 632 3259 incessi
655 3216 792 3267 muros,
816 3198 916 3275 ignis
937 3198 980 3257 ad
1002 3206 1101 3259 tecta
1123 3198 1267 3268 volare3

294 3312 298 3323 ·
344 3300 457 3361 Statius
477 3318 594 3379 quoque
616 3302 647 3360 in
669 3299 747 3361 libro
770 3300 783 3359 l
805 3297 974 3359 Thebaidos
988 3299 1094 3359 extulit
1109 3302 1174 3361 eius
1188 3303 1317 3362 activum
1339 3302 1387 3363 rel
1409 3302 1537 3363 neutrale
1557 3320 1615 3361 rer·

343 3400 415 3462 hum
430 3402 609 3463 inlinitivum
625 3402 733 3463 ‘hanc
756 3402 867 3462 etlam
890 3402 1024 3480 poenis
1046 3403 1243 3463 incessere
1267 3412 1418 3481 gentem
1441 3403 1615 3464 decretum

343 3506 425 3573 est’,
446 3501 528 3564 idem
548 3502 625 3563 libro
647 3502 686 3563 lll
1625 3524 1646 3562 a

434 3726 447 3775 l
468 3720 554 3790 poeta]
582 3738 672 3787 poema
690 3724 714 3773 B
733 3730 892 3789 poetarumt
978 3726 1119 3775 dlueanus
1139 3725 1183 3777 lib.
1203 3724 1262 3774 Vlll
1281 3724 1318 3774 Pt
1339 3722 1446 3775 lucanus
1469 3724 1511 3775 lib.
1525 3724 1566 3772 Vll
1580 3722 1617 3773 B:

344 3792 464 3849 Paarear.
483 3794 549 3844 Vllll
567 3793 618 3844 {258
706 3794 802 3857 inquire
822 3794 848 3842 in
874 3793 926 3844 lata
945 3794 1051 3844 celandi
1071 3802 1081 3843 t
1098 3794 1198 3858 inquire
1217 3796 1242 3843 iu
1262 3792 1329 3843 lacta
1347 3794 1451 3845 nefandi
1472 3794 1616 3857 [inquirere

344 3866 370 3928 in
388 3863 440 3913 lata
459 3862 564 3913 celandi
579 3862 605 3911 P
622 3865 720 3926 inquire
740 3862 850 3913 celanda
868 3863 1012 3927 (euperem.
1025 3868 1060 3916 ol.
1075 3880 1106 3914 m.
1124 3866 1149 3913 in
1169 3862 1233 3927 lata)
1252 3864 1354 3914 nefandi
1372 3864 1398 3914 B
1467 3862 1616 3914 Sthehaides

343 3934 385 3983 lib.
404 3934 450 3984 Vll
470 3934 510 3983 Bt
524 3931 657 3982 thebaidos
676 3934 739 3983 libro
758 3934 867 3999 septimo
882 3934 908 3983 P
922 3934 1055 3984 thebaidos
1073 3935 1136 3983 liber
1156 3934 1210 3985 Ulli
1230 3932 1291 3982 dicit
1306 3934 1332 3993 s:
1347 3936 1390 3983 llll
1406 3935 1459 3983 202
1524 3932 1616 3985 Seoetu

343 4003 425 4054 solent
449 4004 517 4055 etin
542 4018 636 4051 morem
654 4004 679 4053 P
700 4012 784 4054 coctos
803 4002 886 4053 solent
908 4016 933 4053 et
950 4004 1092 4069 (aspernor.
1110 4014 1198 4054 eoetua
1222 4002 1324 4054 eoluant
1343 4005 1428 4066 cibos)
1445 4004 1472 4053 in
1490 4018 1577 4052 morem
1595 4001 1617 4050 B

343 4082 430 4123 coetus
446 4073 545 4124 soleant
560 4074 683 4123 iuniorem
702 4081 712 4122 t
733 4081 803 4121 cetus
820 4073 903 4123 solent
921 4084 945 4123 et
962 4076 1085 4124 inmorem
1102 4074 1121 4135 s
1170 4073 1203 4124 10
1216 4084 1241 4122 et
1255 4073 1281 4121 in
1299 4074 1404 4125 occultis
1420 4076 1473 4125 aris
1487 4084 1511 4124 et
1526 4086 1617 4122 nme

342 4150 353 4193 t
406 4142 438 4193 lo
451 4153 479 4193 ut
497 4142 568 4207 lapso
587 4142 659 4193 aeB
712 4142 743 4196 17
762 4144 788 4191 in
809 4144 891 4207 primo
909 4142 974 4195 libro
992 4141 1095 4210 georg]
1117 4160 1141 4194 o.
1158 4142 1274 4206 419:cs.
1291 4144 1376 4194 Prisc.
1394 4146 1413 4197 l.
1433 4144 1489 4194 Vlll
1499 4161 1525 4209 p.
1537 4141 1617 4200 llam

823 4218 863 4277 t'q
882 4214 924 4263 md
1154 4223 1179 4261 et
1241 4244 1256 4277 a

412 4280 444 4332 lu
459 4279 547 4331 denset
564 4289 575 4330 t
591 4280 680 4331 densat
698 4282 733 4331 P:
750 4282 827 4333 dense
845 4292 927 4332 terant
948 4282 973 4343 q.
995 4296 1051 4331 rara
1070 4280 1145 4329 modo
1162 4283 1179 4345 q
1197 4282 1358 4333 deserelaxat
1374 4284 1400 4333 B
1486 4280 1519 4332 20
1533 4281 1559 4329 iu
1574 4278 1616 4327 Xll

342 4349 407 4401 libro
427 4346 503 4416 Aen]
523 4349 613 4403 aeda
683 4350 713 4401 21
735 4350 876 4403 veladnbit
897 4368 943 4404 om.
962 4351 1021 4412 Pes
1083 4353 1197 4401 unanimi
1214 4353 1260 4417 Ps
1272 4354 1405 4402 urraisimes
1419 4352 1460 4401 Bt
1524 4350 1617 4399 densete

340 4422 372 4483 ts
385 4420 491 4471 densete
508 4435 576 4470 corr.
597 4423 700 4471 densete
718 4421 745 4472 B
761 4420 865 4471 densete
881 4421 907 4470 P
990 4421 1023 4469 22
1042 4419 1106 4469 libro
1125 4420 1202 4472 relert
1219 4422 1331 4471 secumlo
1349 4424 1375 4472 P
1399 4422 1445 4472 lib.
1465 4421 1499 4471 lll
1516 4419 1587 4470 relert
1603 4434 1617 4474 ς

411 4488 573 4545 lestiuatom.
593 4491 672 4553 Pers·
741 4490 774 4541 '23
793 4492 946 4557 princepae
1016 4490 1163 4540 densareP
1214 4490 1321 4541 frontem
1341 4506 1359 4549 ς
1377 4491 1473 4543 lentem
1491 4490 1575 4551 aret

341 4574 467 4611 connaseo
486 4561 664 4611 concessasP
749 4562 783 4610 24
800 4560 825 4610 ln
846 4557 1009 4625 Phormione]
1031 4560 1079 4619 14,
1099 4560 1131 4611 la
1201 4577 1338 4613 conuaseru
1357 4564 1384 4615 B
1472 4562 1616 4624 dbeapeeso

341 4645 417 4697 passo
443 4644 515 4681 cesso
534 4632 634 4680 incesso
653 4628 678 4677 P
745 4629 780 4682 26
799 4630 968 4695 impersonale
985 4644 1114 4693 ruperecr.
1133 4631 1159 4679 ia
1175 4631 1201 4680 B
1270 4632 1423 4683 duodecimo
1440 4626 1514 4696 libro]
1532 4647 1555 4681 o.
1572 4627 1617 4679 aaa

410 4700 443 4751 27
460 4702 552 4751 incessi
566 4707 703 4767 paruerunt
721 4714 793 4749 muro
811 4702 894 4752 deleto
909 4717 933 4753 o.
952 4708 1091 4765 paruerunt
1111 4700 1135 4750 B
1187 4700 1256 4766 ignis
1268 4701 1317 4766 Bf
1330 4704 1404 4768 ignee
1422 4703 1563 4766 ligneaque
1576 4699 1616 4751 ΡΞ

410 4770 443 4819 28
462 4770 487 4818 in
507 4770 570 4820 llhro
588 4771 598 4819 l
617 4766 707 4835 Theb]
728 4785 751 4819 c.
768 4772 818 4820 245
889 4770 1028 4819 neutralem
1047 4768 1199 4819 infinitiuum
1219 4770 1244 4821 B
1314 4771 1349 4823 tu
1368 4772 1437 4822 idem
1455 4772 1479 4819 iu
1498 4769 1561 4818 libro
1577 4768 1615 4816 llll

343 4845 353 4886 t
373 4839 440 4889 idem
459 4840 524 4889 libro
538 4848 627 4903 quarto
643 4852 660 4895 ς
679 4856 694 4905 ¹:
715 4838 793 4890 Theb.
815 4840 849 4889 lll
867 4839 917 4891 301
