3525 5600
329 398 370 460 84
896 401 1048 464 Ponruu

327 585 519 671 pascimin
553 586 687 650 summis
721 585 924 670 marginibus
953 585 1131 672 adparent,
1159 589 1207 648 lit.
1235 603 1353 666 pomp„
1383 585 1523 670 scriptae
1550 605 1624 648 esse

326 686 490 752 videntur.

412 821 530 890 Codex
543 823 711 889 Parisinus
728 825 1019 909 sangermanensis
1037 824 1120 888 1179
1142 828 1279 898 „litera
1300 831 1381 903 petri
1401 826 1622 887 corbienensis“

327 926 436 991 forma
456 925 599 1012 oblonga
613 927 761 1014 Pompeii
782 925 904 992 librum
918 935 1044 992 mutato
1059 926 1173 992 ordine
1196 925 1329 992 exhibet
1350 926 1413 1007 ita,
1436 925 1494 989 f.1
1517 929 1624 987 Partes

325 1035 468 1092 metionis
481 1041 550 1093 suat
563 1039 627 1094 octo
642 1067 683 1075 -
698 1029 722 1093 f.
739 1029 781 1094 89
797 1041 897 1110 potest
910 1033 973 1093 dici
987 1028 991 1116 l
1008 1031 1208 1092 EXPLICIT
1221 1033 1279 1092 BE
1292 1032 1341 1092 IN
1345 1029 1627 1091 TEBIECTIONE

326 1130 374 1216 (p.
397 1129 569 1216 82-414)
593 1133 617 1196 f.
633 1131 701 1196 89*
723 1135 989 1196 COMMENTIIM
1008 1133 1135 1194 ARTIS
1155 1133 1314 1194 EONATI
1335 1137 1340 1216 l
1367 1133 1459 1194 Unius
1480 1134 1622 1206 00100000

325 1238 373 1295 ret
391 1239 515 1297 scientia
537 1271 579 1280 —
601 1233 626 1297 f.
651 1233 738 1298 106*
760 1237 884 1312 adipes
902 1239 971 1310 linit
992 1230 1038 1319 (p.
1061 1231 1185 1319 3-82)
1210 1231 1215 1316 Ι
1239 1237 1298 1296 PE
1317 1232 1591 1322 BARBARISMO
1615 1232 1618 1312 i

324 1337 541 1400 Barbariana
569 1347 620 1401 est
647 1376 687 1383 -
715 1335 739 1400 l.
765 1334 850 1399 119*
873 1347 927 1398 aut
947 1357 967 1399 α
987 1338 1112 1414 paribus
1146 1337 1268 1397 EINIT
1300 1337 1432 1398 LIBER
1464 1335 1625 1396 POMPEI

263 1457 267 1462 ’
326 1441 594 1501 GRAMMATICI
611 1441 834 1501 FELICITER
858 1437 904 1524 (p.
919 1435 1114 1519 417-480).
1144 1437 1307 1522 scriptura
1328 1434 1449 1501 codicis
1466 1443 1620 1500 accurata

325 1547 359 1602 et
384 1537 541 1624 diligens,
568 1530 794 1625 rmdetm'ginta
822 1539 972 1604 versibus
1000 1540 1034 1603 in
1057 1536 1193 1622 singulis
1215 1538 1346 1623 paginis
1370 1537 1517 1622 scriptis,
1539 1535 1620 1600 dua-

245 1651 253 1664 ·
323 1641 404 1722 bus,
426 1651 464 1704 ut
485 1640 634 1723 videtur,
656 1641 809 1706 manibus
832 1650 979 1706 correcta
998 1651 1062 1723 est,
1087 1661 1284 1726 quamquam
1300 1639 1461 1702 nonsatis
1477 1647 1619 1718 constat,

276 1776 279 1782 ,
324 1741 366 1806 ab
388 1749 463 1805 utra
484 1763 584 1805 manu
605 1764 753 1829 quaeque
774 1743 924 1829 profecta
945 1744 1025 1824 sint,
1049 1750 1082 1806 et
1104 1740 1249 1806 dubitari
1271 1749 1381 1828 potest
1396 1761 1506 1804 annon
1521 1761 1621 1826 quae·

324 1841 400 1906 dam
422 1843 527 1908 veteri
548 1840 684 1909 librario
706 1843 898 1910 debeantur.

408 1977 525 2044 Codex
552 1978 720 2045 Parisinus
750 1979 1039 2066 Sangermanensis
1069 1977 1153 2044 1180
1181 2001 1221 2052 „e
1242 1983 1326 2042 libris
1353 1999 1376 2041 s.
1397 1981 1619 2058 00101000ὺὶ0-

322 2086 447 2144 nensis“
474 2079 581 2144 forma
608 2080 750 2167 oblonga
778 2083 919 2168 scriptus
948 2093 999 2147 est
1019 2079 1148 2168 paginis
1176 2080 1330 2146 bifariam
1352 2079 1487 2161 divisis,
1511 2079 1619 2144 itaut

322 2202 438 2247 versus
460 2182 597 2266 triginta
619 2184 762 2270 quinque
784 2183 837 2248 vel
859 2183 995 2267 triginta
1017 2205 1077 2247 sex
1103 2183 1140 2246 in'
1159 2181 1298 2266 singulis
1321 2180 1478 2246 columnis
1502 2179 1617 2264 scripti

303 2283 389 2347 -sint
410 2281 528 2348 litteris
549 2285 735 2350 accuratius
758 2285 858 2350 etiarn
880 2295 914 2350 et
936 2282 1116 2369 elegantius
1139 2307 1237 2372 quam
1259 2285 1294 2348 in
1316 2285 1484 2369 superiore
1505 2281 1618 2348 codiee

320 2385 430 2470 pictis.
474 2383 515 2448 de
536 2383 599 2451 hoe
621 2385 746 2451 dictum
768 2395 819 2450 est
841 2388 904 2452 vol.
929 2385 978 2450 IV
1001 2385 1105 2473 prael.
1128 2408 1159 2473 p.
1184 2385 1353 2450 XXXIII.
1391 2383 1538 2470 Pompeii
1560 2404 1618 2446 an·

320 2496 386 2551 tem
414 2485 497 2551 liber
523 2508 588 2550 000
617 2487 731 2554 addito
759 2490 889 2552 nomine
917 2488 1123 2572 grammatici
1150 2488 1291 2573 scriptus
1314 2496 1364 2552 est
1385 2485 1463 2550 iude
1486 2511 1506 2550 a
1526 2484 1551 2548 f.
1576 2485 1617 2548 75
1727 2543 1728 2580 ἦ

319 2589 480 2675 usquead
494 2586 593 2652 finem
607 2588 729 2655 codicis
750 2589 774 2654 f.
793 2589 874 2654 168*
894 2594 945 2653 IN
958 2593 1123 2653 NOMINE
1134 2593 1210 2653 DEI
1228 2593 1368 2652 SUMMI
1385 2591 1465 2651 INC.
1482 2591 1511 2649 E
1514 2589 1619 2651 TIAM

324 2692 540 2753 TRACTANE
559 2693 617 2752 DE
638 2693 843 2755 PANTIBUS
862 2693 1098 2755 MAIONIBUS
1124 2691 1370 2772 ORATIONISl
1400 2691 1524 2753 NNIIIS
1545 2691 1616 2750 CII·
1727 2687 1728 2706 ¹

319 2793 471 2866 INSOIIE
494 2795 574 2856 REI
597 2830 639 2840 —
667 2814 687 2855 0
713 2797 801 2857 rebus
825 2798 951 2873 paribus
980 2790 984 2879 Ι
1012 2797 1138 2873 0ορ11011
1164 2797 1202 2857 dc
1229 2801 1330 2875 tropis.
1368 2793 1463 2857 ineo
1487 2812 1615 2883 quoque

319 2904 414 2959 vetus
437 2894 603 2980 scriptura
625 2917 723 2981 saepe
745 2916 845 2958 manu
866 2916 931 2959 nou
953 2895 1054 2960 multo
1078 2896 1258 2961 recentiore
1282 2906 1429 2959 correcta
1451 2904 1511 2958 est.

404 3029 531 3095 Horum
552 3030 654 3114 igitur
675 3029 832 3094 librorum
853 3030 1100 3117 antiquissimus
1116 3028 1516 3111 estllsollenbuttelanus,
1532 3028 1613 3095 adeo

318 3140 355 3197 ut
382 3132 526 3198 dubitari
553 3132 659 3219 possit
686 3154 795 3198 annon
817 3141 934 3197 octavo
957 3130 1087 3197 saeculo
1108 3134 1217 3218 potius
1241 3153 1339 3218 quam
1362 3151 1448 3196 0000
1471 3132 1613 3219 scriptus

319 3234 380 3314 sit,
408 3234 652 3299 recentissimus
681 3234 970 3319 Sangermanensis
1003 3234 1098 3313 1179,
1127 3255 1323 3320 quamquam
1351 3256 1391 3297 ne
1418 3232 1447 3296 is
1480 3230 1613 3320 quidem

318 3358 441 3400 nonum
463 3333 632 3401 saeculum
653 3336 812 3400 excedere
833 3336 974 3401 videtur.
1005 3330 1344 3400 Wollenbuttelanum
1361 3335 1611 3415 aBethmanno,

317 3435 535 3502 bibliothecae
556 3435 881 3503 Wolfenbuttelanae
909 3436 1093 3525 praefecto,
1120 3434 1302 3501 liberaliter
1330 3436 1373 3501 ad
1401 3460 1453 3502 me
1475 3437 1612 3501 missum

317 3538 403 3605 inter
429 3539 537 3625 ipsum
564 3537 685 3605 edendi
711 3537 858 3605 laborem
884 3538 1060 3627 usurpavi,
1088 3537 1387 3623 Sangermanenses
1417 3560 1437 3603 a
1464 3560 1516 3603 me
1538 3560 1612 3602 eum

317 3638 536 3704 Lindemanni
563 3639 713 3728 exemplo
741 3640 888 3707 conlatos
918 3641 1030 3707 habui.
1074 3640 1133 3705 sed
1161 3641 1196 3705 in
1224 3641 1327 3708 altero
1353 3641 1532 3705 utacum
1555 3638 1611 3703 ali·

316 3764 415 3828 quam
437 3751 563 3828 partem
585 3740 663 3809 olim
685 3754 719 3809 01
740 3755 886 3830 tempore
908 3752 1042 3810 coactus
1066 3756 1099 3808 et
1120 3741 1249 3807 molesti
1270 3740 1393 3809 laboris
1415 3742 1524 3809 taedio
1548 3741 1610 3807 fes·

317 3866 372 3907 000
395 3843 591 3927 omisissem,
613 3843 695 3911 haec
716 3854 832 3932 postea
853 3867 906 3910 me
920 3855 1058 3931 rogante
1073 3844 1258 3909 humaniter
1272 3843 1439 3932 supplevit
1461 3844 1488 3909 I.
1504 3842 1611 3909 Schir·

316 3966 434 4009 merus.
479 3942 519 4010 de
559 3947 755 4013 auctoritate
788 3956 898 4011 autem
935 3948 1085 4013 codicum
1118 3966 1278 4033 quaerens
1311 3946 1609 4032 sangermanenses

315 4046 417 4112 libros
444 4046 492 4111 ita
519 4045 710 4135 plerumque
738 4051 824 4115 10100
850 4071 886 4113 00
915 4050 1100 4113 consentire
1125 4049 1268 4136 repperi,
1301 4058 1339 4114 ut
1365 4058 1539 4136 utrumque
1567 4071 1611 4112 ex

315 4148 432 4215 eodem
458 4148 636 4237 archetypo
669 4149 802 4215 ductum
835 4173 907 4215 esse
938 4149 1116 4217 verisimile
1149 4152 1201 4215 sit.
1246 4148 1401 4215 videntur
1433 4162 1544 4215 autem
1576 4150 1610 4214 hi

313 4248 391 4315 libri
413 4249 562 4334 Corbeii,
590 4252 677 4317 unde
705 4250 782 4318 olim
803 4253 947 4318 Parisios
970 4251 1109 4318 travecti
1132 4263 1225 4335 sunt,
1249 4254 1363 4339 scripti
1384 4274 1468 4317 esse.
1512 4251 1608 4339 paulo

313 4349 443 4438 longius
477 4352 520 4417 ab
550 4354 590 4417 iis
622 4354 746 4421 recedit
774 4352 1071 4422 Wolfenbuttelani
1103 4354 1224 4421 codicis
1258 4356 1432 4441 scriptura.
1477 4356 1608 4419 omnino

314 4463 424 4520 autem
449 4453 484 4517 10
511 4453 571 4520 hoc
593 4455 741 4544 Pompeii
762 4456 846 4523 libro
875 4455 1092 4523 deserIbendo
1120 4478 1185 4521 000
1207 4456 1288 4522 illud
1313 4464 1448 4541 egerunt
1470 4454 1608 4537 librarii,

313 4563 351 4619 nt
372 4566 525 4621 accurate
547 4557 650 4623 verba
671 4560 876 4643 grammatici
897 4567 1092 4645 repeterent,
1116 4558 1190 4641 sed,
1213 4560 1367 4646 quoniam
1389 4580 1468 4623 suae
1490 4557 1607 4622 aetatis

314 4660 479 4722 commodo
501 4658 741 4743 inserviebant,
764 4659 868 4725 multa
889 4659 943 4725 vel
964 4659 1173 4746 neglegenter
1201 4660 1446 4747 descripserunt
1472 4657 1526 4723 vel
1547 4682 1607 4746 pro

312 4778 372 4822 000
400 4758 538 4826 arbitrio
564 4752 783 4827 mutaverunt.
829 4784 893 4849 quo
921 4761 1045 4827 factum
1074 4772 1124 4827 est
1151 4772 1189 4826 ut
1214 4784 1312 4850 saepe
1334 4760 1612 4828 dissentientibus

311 4858 406 4924 libris
428 4884 495 4927 non
520 4863 616 4928 modo
639 4862 719 4950 quid
745 4886 766 4928 a
787 4873 899 4930 vetere
921 4874 1053 4929 auctore
1076 4866 1233 4951 scripturn
1256 4865 1355 4929 fuerit
1376 4885 1443 4930 000
1465 4873 1606 4944 constet,
