3525 5600
662 373 898 438 COMMENTVM
1366 371 1428 436 237

1245 493 1267 534 p.
1280 482 1368 522 arv-19
1381 479 1404 519 L.

156 565 331 646 pronominis.
376 569 406 623 et
427 560 572 641 numquid
594 580 714 641 possum
737 561 837 622 dicere
860 563 928 638 ‘ego
949 559 1004 621 tibi
1025 560 1123 637 lego’t
1146 578 1217 621 ecce
1239 559 1339 621 dixisti
1360 561 1429 637 ‘ego

157 668 199 728 tibi
217 667 307 744 leg'o',
331 663 382 726 sed
406 681 465 724 uon
488 662 527 724 nb
550 663 626 725 hanc
648 682 775 733 carosam,
802 671 835 724 ut
856 671 886 724 te
909 662 1097 733 ostenderes,
1127 663 1179 722 sed
1204 670 1235 722 ut
1257 662 1346 724 alium
1369 680 1429 722 non

155 769 321 830 ostenderes.
368 785 437 827 uam
464 775 534 845 puta
563 768 692 845 quinque
718 773 812 834 stant,
836 775 865 826 et
892 764 929 826 ab
958 764 1096 826 omnibus
1124 783 1226 844 speras
1255 761 1429 844 [numquid]

155 873 273 950 arripere
302 869 469 930 lectionem.
520 868 636 947 quando
665 867 731 928 dico
753 869 908 947 ‘expecta
938 887 993 945 ego
1020 867 1074 927 tibi
1100 865 1200 944 lego',
1230 886 1289 927 non
1311 866 1341 927 id
1364 884 1428 944 ago,

136 981 180 1032 snt
198 991 242 1032 me
263 970 432 1040 ostendam,
461 969 512 1030 sed
536 976 569 1030 ut
590 988 605 1030 a
629 971 737 1030 ceteris
759 986 929 1047 segregem,
959 987 997 1028 ne
1017 971 1142 1048 incipias
1170 969 1207 1030 ab
1237 968 1301 1028 aliis
1323 986 1429 1047 expec-

154 1083 214 1136 tare.
261 1072 365 1134 melius
394 1082 438 1133 est
468 1079 580 1141 tamen,
615 1074 639 1131 si
669 1075 765 1151 prima
798 1089 925 1150 persona
958 1090 1018 1132 nou
1051 1072 1176 1152 accipiat
1207 1071 1428 1137 nominativum,

154 1179 208 1255 lego
229 1175 336 1237 scribo.
369 1173 372 1256 l
404 1173 533 1235 secunda
562 1185 660 1234 autern
689 1191 816 1252 persona
844 1175 1012 1234 necessario
1041 1181 1122 1235 tenet
1149 1174 1327 1241 vocativum,
1356 1171 1430 1249 legis

154 1277 244 1340 scribis
265 1277 356 1351 audis,
381 1285 462 1338 tenet
484 1278 656 1337 vocativum.
691 1277 778 1335 tertia
801 1277 1016 1337 nominativum
1038 1283 1128 1345 tenet,
1151 1274 1223 1353 legit
1242 1274 1303 1342 ille,
1327 1272 1429 1333 scribit

154 1380 202 1448 ille,
222 1382 313 1440 currit
329 1377 429 1460 [puta]
453 1378 511 1439 ille.
539 1395 611 1457 ergo
634 1379 730 1458 prima
752 1396 812 1437 nou
836 1384 903 1454 eget
924 1397 1003 1447 casn,
1025 1376 1156 1438 secunda
1172 1379 1336 1438 vocativum
1351 1394 1428 1434 senr-

126 1502 199 1562 uper
218 1490 304 1550 tenet,
328 1483 416 1541 tertia
438 1483 649 1542 nominativum
673 1497 792 1558 semper
816 1487 905 1539 tenet.
950 1497 1007 1559 qua
1028 1482 1145 1542 ratione
1166 1479 1224 1539 hoo
1245 1479 1336 1538 diviti
1369 1476 1430 1536 noli

155 1593 245 1664 putare
271 1603 307 1644 ex
334 1583 487 1664 superlluo
515 1582 573 1642 hoc
601 1600 668 1642 eum
696 1582 810 1642 iecisse.
861 1581 1006 1642 babemus
1033 1583 1064 1642 in
1091 1583 1220 1658 antiquis
1251 1577 1428 1646 auctoribus,

154 1686 298 1766 praecipue
320 1687 351 1745 in
375 1687 504 1764 antiquis
525 1686 620 1764 poetis
642 1685 809 1745 invenimus
834 1685 912 1744 varie
933 1685 1049 1746 iunctas
1064 1685 1134 1744 istas
1150 1701 1306 1763 personas,
1330 1680 1428 1748 credo,

154 1791 214 1862 quita
234 1786 329 1847 adbuc
352 1786 502 1848 indefinita
525 1792 589 1846 erat
610 1787 666 1847 ista
688 1787 778 1846 ratio:

288 1891 370 1960 itis,
394 1889 534 1969 paratis
557 1905 655 1948 arma
678 1889 974 1967 quamprimum,
999 1890 1109 1961 viri;⁴

127 1999 179 2050 cet
198 1990 249 2050 alio
270 1989 336 2052 loco
359 1991 432 2052 dixit

290 2093 420 2164 Danai,
444 2094 506 2173 qui
528 2092 832 2172 parentltridis‚
857 2110 961 2170 quam
983 2094 1143 2172 primum
1165 2109 1263 2152 arma
1285 2091 1428 2151 sumite.

129 2195 234 2276 :bauai
259 2197 310 2274 qui
338 2213 425 2256 casus
454 2196 516 2256 est?
553 2196 701 2255 vocativus
728 2196 792 2256 sine
820 2193 920 2256 dubio.
971 2195 1029 2255 iste
1052 2195 1198 2256 vocativus
1226 2211 1313 2254 casus
1342 2209 1429 2269 qnam

153 2297 296 2376 personam
324 2295 426 2356 debuit
460 2299 580 2356 teneret
626 2296 795 2357 secundam.
846 2304 954 2375 parent
986 2297 1073 2357 tertia
1100 2313 1231 2375 persona
1258 2302 1316 2356 est:
1360 2313 1430 2354 ecce

152 2401 236 2460 inurit
263 2400 380 2459 tertiam
402 2417 559 2477 personam
584 2400 724 2468 vocativo,
755 2398 881 2468 ‘llanai,
912 2400 961 2475 qui
987 2406 1093 2478 parent
1113 2397 1254 2466 Atridis';
1288 2395 1432 2456 debuerat

124 2501 240 2561 aedicere
261 2503 296 2561 ‘o
312 2501 412 2572 Danai,
436 2502 487 2581 qui
508 2502 647 2581 paretis',
672 2500 750 2578 qnod
775 2500 871 2561 estin
894 2501 1023 2562 secunda
1046 2518 1184 2580 persona.
1213 2517 1287 2577 ergo
1307 2507 1430 2578 propter

153 2604 329 2664 contusiones
352 2604 534 2682 antiquitatis
557 2601 638 2663 dedit
659 2602 801 2681 regulam,
825 2608 858 2664 ut
878 2604 964 2673 scias,
988 2621 1077 2682 quem
1099 2620 1200 2662 casum
1221 2604 1270 2662 cui
1284 2620 1430 2681 personae

153 2706 263 2783 iungere
284 2704 405 2766 debeas.
452 2703 554 2785 [tertia
575 2723 692 2784 semper
715 2705 925 2766 nominativum
949 2703 1056 2785 tenet].

224 2810 317 2870 Etiam
341 2808 430 2869 verba
448 2807 660 2889 inpersonaiia,
690 2824 766 2885 quae
794 2810 824 2869 iu
848 2816 908 2869 tres
930 2817 1040 2869 exeunt
1059 2806 1194 2887 regulas,
1222 2814 1256 2867 ut
1283 2808 1429 2877 novimus,

152 2913 177 2970 in
198 2919 252 2981 tur,
275 2912 305 2972 in
329 2919 368 2979 et,
390 2911 422 2970 in
445 2912 476 2980 it,
500 2909 611 2969 habent
633 2907 778 2987 defilnitos
792 2929 887 2981 casus,
910 2909 1019 2989 quibus
1033 2914 1201 2988 iungantur.
1238 2909 1336 2969 omnia
1355 2927 1430 2987 quae

124 3016 177 3072 sain
198 3021 243 3073 tur
266 3020 374 3073 exeunt
396 3012 554 3073 ablativum
577 3018 692 3089 regunt,
715 3009 823 3091 legitur
845 3032 862 3074 a
883 3032 940 3083 me,
964 3014 1117 3091 quaeritur
1138 3030 1155 3073 a
1176 3021 1216 3081 te,
1239 3010 1379 3071 scribitur
1393 3009 1431 3071 ab

151 3116 202 3175 illo.
232 3134 301 3193 ergo
324 3115 451 3195 quaein
475 3122 523 3173 tur
546 3121 654 3174 exeunt
675 3114 875 3193 inpersonaiia
897 3113 1054 3175 ablativum
1076 3114 1196 3175 babent
1234 3132 1311 3193 quae
1332 3121 1429 3174 autem

153 3219 217 3277 init
238 3226 358 3287 exeunt,
382 3216 511 3278 dativum
534 3234 635 3277 casum
657 3224 779 3293 regunt,
809 3218 953 3295 contingit
979 3216 1052 3276 mihi
1078 3215 1132 3277 tibi
1153 3214 1206 3275 illi.
1250 3217 1379 3295 quaein
1402 3224 1432 3274 et

153 3328 256 3391 orennt,
279 3320 351 3380 duas
373 3318 483 3381 habent
504 3317 637 3395 regulas,
661 3316 817 3396 aliquando
839 3320 1038 3380 accusativum
1060 3327 1176 3388 tenent,
1199 3317 1358 3398 aliquando
1380 3316 1430 3377 da·

153 3422 240 3481 tivum.
271 3430 342 3500 puta
365 3422 575 3490 accusativum,
597 3418 688 3499 pudet
711 3438 772 3488 me;
797 3440 857 3481 non
874 3439 995 3500 possum
1018 3421 1118 3482 dicere
1133 3420 1225 3500 pudet
1245 3418 1329 3479 mibi.
1360 3437 1430 3479 ecce

124 3538 202 3599 aoqno
223 3522 310 3583 ruodo
333 3524 530 3584 accusativum
554 3530 643 3584 tenet.
688 3522 759 3582 item
788 3522 916 3582 dativum
937 3529 1031 3595 tenet,
1061 3530 1133 3604 puta
1160 3521 1233 3583 libet
1253 3523 1341 3589 mibi;
1370 3540 1430 3582 non

152 3644 258 3702 possum
288 3626 388 3687 dicere
416 3624 490 3685 libet
512 3644 574 3693 me,
608 3630 679 3702 puta
708 3622 799 3683 ‘libet
826 3642 873 3684 me
901 3624 973 3687 illud
1001 3626 1116 3687 lacere'
1147 3644 1207 3686 non
1235 3631 1281 3685 est
1308 3620 1429 3683 la'tinmn

152 3728 270 3804 penitus,
300 3726 351 3787 sed
380 3726 453 3787 libet
480 3726 567 3787 mihi:
601 3724 674 3786 libet
702 3727 780 3787 enim
808 3726 937 3789 dativum
964 3736 1047 3790 tenet
1073 3746 1183 3788 casum.
1227 3744 1300 3805 ergo
1325 3726 1357 3785 io
1382 3732 1430 3785 tu'r

151 3828 299 3897 ablativum
321 3838 412 3899 tenet,
436 3835 469 3891 ut
490 3830 588 3907 agitur
609 3847 626 3888 a
649 3846 710 3897 me;
744 3847 820 3909 qnae
846 3832 877 3890 in
905 3832 943 3901 it,
971 3831 1103 3891 dativum
1124 3847 1224 3889 casnm
1246 3836 1363 3897 tenent,
1398 3834 1431 3887 ut

152 3933 283 4010 contingit
307 3930 389 3993 milri.
434 3931 480 3991 tuo
507 3928 587 3991 nulla
616 3929 758 3991 dubitatio
786 3940 840 3991 est.
884 3950 960 4012 qnae
987 3940 1085 3993 antem
1113 3933 1144 3992 in
1171 3939 1201 3992 et
1228 3937 1349 3999 exeunt,
1378 3928 1430 3988 ali·

125 4034 257 4111 cquando
279 4035 442 4113 iunguntur
466 4032 576 4103 dativo,
600 4031 758 4112 aliquando
780 4036 956 4095 accusativo.
999 4050 1076 4109 quoe
1097 4038 1205 4107 reputa
1224 4040 1282 4101 est,
1311 4032 1431 4107 quondo

152 4137 240 4195 dativo
262 4140 435 4209 innuuntur,
459 4133 576 4214 quaudo
598 4136 782 4195 accusativo?
817 4135 896 4196 milla
920 4137 976 4196 nisi
998 4137 1188 4198 auctoritatis.
1231 4138 1263 4194 in
1284 4141 1348 4194 arte
1370 4152 1430 4193 nou

213 4408 224 4457 l
241 4416 265 4456 et
278 4408 340 4470 quid
353 4408 427 4459 ABG
478 4410 494 4457 2
509 4408 541 4457 ob
553 4408 737 4457 Linderaananv
750 4408 782 4457 ud
795 4408 873 4465 Bou,
886 4423 932 4463 ona.
945 4409 971 4457 Α
1024 4409 1101 4458 ulium
1115 4424 1165 4457 non
1181 4409 1299 4458 ostendas
1310 4407 1381 4458 ABG

155 4474 180 4525 ld
191 4491 236 4540 qua
249 4479 345 4526 ratione
358 4478 421 4528 ace
434 4479 546 4541 quareA
597 4478 906 4541 llenmom.A‚udrl.a
956 4478 987 4529 13
1001 4480 1062 4543 quia
1073 4494 1119 4531 om.
1134 4479 1207 4529 ABG
1255 4492 1308 4527 erat
1323 4480 1367 4529 Ca
1383 4480 1430 4527 erit

154 4546 195 4594 ΑΒ
241 4547 273 4598 14
288 4548 332 4597 itis
347 4546 410 4599 laea
425 4549 480 4598 istis
495 4548 526 4601 A.
540 4550 629 4599 incerti
642 4556 733 4611 poetae
745 4564 849 4610 uersum,
868 4557 893 4597 ct
908 4548 971 4624 barre
984 4559 1008 4599 et
1024 4565 1078 4598 eum
1096 4550 1139 4613 qai
1153 4551 1274 4613 aequitem,
1290 4566 1325 4599 eae
1340 4552 1432 4599 Donati

154 4665 180 4714 tle
190 4668 327 4719 soloecismo
343 4673 516 4721 coementario
530 4686 557 4732 p.
579 4668 641 4729 394,
660 4671 676 4720 5
695 4672 827 4731 Ponrpeiue
839 4672 925 4734 petiuit
994 4667 1102 4733 paratis]
1119 4633 1204 4733 partds
1217 4686 1286 4719 corr.
1305 4672 1339 4721 -is
1354 4670 1379 4719 B

157 4734 182 4785 la
196 4752 263 4785 arma
279 4754 327 4793 om.
345 4740 378 4797 A.
397 4740 459 4791 add.
480 4756 497 4789 a
569 4738 600 4789 itt
620 4741 701 4789 irruerit
719 4740 818 4789 tertiam
839 4741 888 4789 na
910 4740 992 4789 ivrnxit
1010 4742 1147 4789 secundam
1165 4740 1219 4789 AO
1286 4743 1319 4791 25
1339 4741 1431 4805 legitur

155 4819 212 4854 ame
230 4810 359 4869 quaeritur
375 4823 390 4858 a
407 4818 432 4856 te
449 4810 464 4857 b
482 4809 572 4874 legitur
590 4826 605 4857 u
627 4824 665 4858 me
685 4814 713 4873 (a
732 4820 756 4859 te
776 4811 817 4860 Ga
833 4820 890 4859 ante
905 4810 940 4872 A)
966 4811 1096 4872 quaeritur
1112 4824 1127 4858 u
1147 4815 1186 4858 uie
1199 4809 1283 4860 ABG
1351 4812 1385 4862 33
1404 4822 1430 4859 ut

157 4886 259 4939 ageretur
277 4878 334 4928 AB
403 4878 439 4929 35
452 4894 517 4943 quae
536 4882 625 4945 regula
640 4891 678 4929 est
696 4880 797 4942 quando
814 4880 898 4931 dativo
919 4881 1057 4945 iunguntur
1074 4894 1121 4934 om.
1139 4879 1225 4931 Ano
