3525 5600
325 404 388 470 466
877 410 1060 473 uvrluuts

351 528 373 568 p.
388 518 431 557 ns
444 518 469 558 u
483 513 504 557 t.
1412 531 1433 570 p.
1448 518 1548 558 ares-cr
1559 517 1580 558 a.

326 616 360 658 or
382 597 561 666 desinentia,
586 600 610 657 si
633 600 748 677 passiva
766 593 778 680 ΙΙ
798 619 856 660 uon
879 594 939 660 siut
961 618 1017 660 nec
1039 601 1212 662 deriventur
1234 599 1271 660 ab
1294 601 1416 667 activis,
1441 607 1474 658 ut
1495 600 1601 660 illomm

326 707 487 778 sequantur
514 700 749 777 coniugationeS,
779 702 840 759 slve
869 701 1047 780 deponentia
1076 706 1135 763 siut
1163 722 1216 762 seu
1245 703 1428 771 communia,
1453 701 1599 761 uniformis

326 801 376 862 illa
399 801 498 878 regula
521 802 651 863 vindicat
680 807 712 862 ut
738 803 850 882 primae
879 810 994 863 tantum
1016 805 1103 864 inodo
1118 807 1178 865 sint
1200 806 1264 884 ipsa
1286 822 1403 883 quoque
1428 805 1600 879 coniugatio·

291 887 297 902 ’
326 905 373 963 uis
404 902 642 965 observationem
673 911 775 965 secuta
807 906 992 981 generalem,
1023 909 1093 985 quia
1120 907 1263 987 pleraque
1290 913 1360 966 sunt
1392 925 1409 965 a
1441 904 1602 965 nominibus

325 1005 472 1075 derivata,
496 1012 529 1065 ut
551 1025 658 1085 precor
680 1006 771 1066 vador
787 1025 876 1086 vagor
899 1007 1046 1086 suffragor
1070 1005 1212 1088 [gratior]
1238 1010 1377 1087 negotior
1398 1007 1526 1068 auxilior
1546 1010 1621 1086 opi-⁵

327 1106 404 1167 tulcr
426 1109 561 1185 gratulor
584 1127 718 1170 racemor
740 1111 833 1170 rimor
854 1111 1033 1189 peregrinor
1048 1109 1155 1187 dignor
1176 1128 1308 1191 aucupor
1330 1128 1425 1190 equor
1446 1113 1540 1170 miror
1559 1110 1601 1168 ad·

328 1227 431 1269 versor
453 1213 713 1288 testor,convivor
739 1214 821 1272 rixcr
855 1219 885 1273 et
907 1212 1032 1272 similia:
1061 1215 1193 1292 exceptis
1215 1215 1334 1292 pauciS,
1362 1231 1438 1292 quae
1460 1219 1531 1272 sunt
1550 1219 1600 1270 ter-

327 1311 382 1371 tiae
407 1319 577 1391 correptae,
601 1321 634 1374 ut
655 1312 739 1374 labor
761 1315 868 1391 fungor
891 1333 999 1394 sequor
1022 1314 1120 1393 liquor
1141 1315 1246 1394 loquor
1261 1333 1371 1393 queror
1392 1321 1526 1376 revertor
1545 1321 1602 1373 utor

326 1413 419 1480 nitor,
444 1421 473 1474 ct
494 1433 569 1493 quac
592 1413 629 1474 ab
652 1415 698 1475 his
721 1415 846 1493 singulis
867 1422 1100 1496 componuntur,
1123 1435 1199 1496 quae
1222 1417 1289 1477 ideo
1311 1423 1435 1496 excepta
1456 1419 1522 1476 iure
1543 1425 1602 1476 suut
1705 1494 1706 1503 ἵ

300 1580 303 1588 y
327 1517 434 1576 tertiae
463 1517 680 1593 coniugationis
708 1499 880 1588 verbo'mm,
910 1520 980 1599 quia
1007 1518 1119 1580 nullam
1145 1518 1283 1580 videntur
1310 1520 1437 1595 originis
1459 1520 1600 1578 nominum
1612 1531 1631 1570 1⁰
1705 1510 1706 1571 i

324 1619 512 1678 occasionem
541 1625 706 1680 monstrare
737 1617 891 1700 (idemque
913 1620 969 1681 boc
992 1623 1082 1681 etiam
1104 1622 1136 1681 in
1158 1622 1296 1700 superius
1319 1620 1437 1688 velatis,
1460 1619 1490 1680 id
1512 1628 1557 1680 est
1575 1624 1601 1680 iu

324 1721 371 1779 ior
393 1720 439 1781 vel
462 1723 493 1780 in
515 1739 571 1781 uor
593 1721 799 1782 desinentibus
813 1721 925 1794 verbis,
949 1721 1104 1783 observari
1125 1730 1239 1803 potest,
1262 1722 1341 1802 quod
1363 1722 1401 1782 ad
1422 1722 1540 1782 tertiam
1559 1722 1600 1781 illa

327 1821 477 1900 pertinent
505 1823 756 1900 coniugationem,
786 1843 861 1903 quae
889 1827 973 1904 quasi
1001 1827 1152 1905 primitiva
1180 1827 1334 1885 nominum
1356 1833 1461 1884 carent
1482 1843 1600 1884 commu·

327 1925 428 1993 aione,
452 1933 484 1985 ut
506 1925 627 2003 gradior
649 1927 760 1986 morior
784 1929 878 2004 patior
900 1929 981 1988 orior
995 1929 1093 2008 potior
1113 1929 1199 1990 lruor
1214 1927 1311 2007 liquor
1325 1944 1435 2006 sequor
1450 1945 1600 2006 exsequor;

326 2045 341 2086 a
373 2025 542 2088 nominibus
569 2026 701 2088 dertvata
729 2033 738 2090 i
767 2028 886 2108 quidem
913 2028 1125 2108 paenultimam
1153 2047 1259 2108 puram
1287 2028 1469 2089 habentibus
1495 2030 1631 2108 primaeu

325 2137 409 2200 sunt,
433 2129 488 2189 boc
511 2135 608 2190 autem
631 2130 744 2209 privata
767 2139 889 2210 quartae
911 2134 1112 2209 coniugationi
1128 2132 1298 2192 necessario
1320 2130 1510 2211 deputantur,
1533 2130 1601 2209 quod

326 2239 356 2292 et
377 2233 408 2292 in
431 2234 459 2292 io
482 2231 685 2292 desinentibus
708 2231 823 2302 verbis,
846 2233 876 2293 id
899 2240 945 2294 est
967 2235 1069 2294 activis
1083 2233 1129 2293 vel
1151 2232 1348 2301 neutralibus,
1372 2235 1439 2292 lieri
1461 2232 1601 2312 praedixi·

327 2352 406 2403 muS,
428 2335 531 2412 paucis
555 2333 613 2395 illis
635 2335 774 2413 superius
795 2337 906 2395 notatis
927 2335 964 2396 ad
986 2337 1107 2396 tertiam
1128 2335 1323 2396 redeuntibus
1344 2332 1531 2414 primitivisl:
1557 2353 1601 2392 ca·

325 2437 421 2514 ceptis
443 2437 532 2496 etiam
554 2438 586 2496 in
609 2455 660 2496 cor
687 2435 892 2498 desinentibus
919 2436 1126 2498 communibus
1148 2438 1195 2498 vel
1216 2436 1436 2516 deponentibus
1457 2455 1490 2496 as
1511 2435 1601 2495 veles

327 2538 371 2597 vel
386 2539 412 2596 is
428 2544 494 2598 ante
517 2557 569 2598 cor
590 2536 784 2609 habentibus,
807 2557 897 2619 quae,
913 2541 975 2600 sive
999 2540 1145 2619 primitiva
1168 2540 1228 2599 sint
1248 2558 1301 2600 seu
1323 2539 1496 2607 derivativa,
1519 2537 1631 2597 source

326 2641 432 2700 tertiae
455 2648 538 2709 sunt,
567 2647 600 2700 ut
629 2659 735 2702 nascor
762 2643 875 2702 irascor
897 2659 1001 2702 vescor
1021 2641 1151 2702 ulciscor
1171 2643 1327 2702 nanciscor
1349 2643 1484 2719 paciscor
1506 2658 1600 2719 exper-

326 2744 424 2821 giscor
452 2745 659 2805 comminiscor
688 2743 837 2825 adipiscor
864 2743 911 2804 vel
940 2745 1060 2823 antique
1092 2745 1209 2824 apiscor
1240 2742 1415 2813 obliviscor;
1447 2743 1600 2821 meritoque

325 2846 398 2907 baec
430 2864 547 2925 quoque
581 2846 687 2917 verba,
720 2846 791 2907 licet
818 2846 961 2926 quaedam
989 2865 1026 2907 ex
1053 2846 1100 2906 his
1129 2846 1262 2907 derivata
1289 2853 1358 2906 suut
1385 2865 1402 2905 a
1431 2843 1600 2907 nominibus.

327 2950 448 3008 tertiam
472 2949 710 3025 coniugationem
734 2968 792 3009 non
815 2946 1008 3026 cillugemnt,
1036 2966 1112 3027 quae
1135 2967 1224 3009 unam
1245 2948 1275 3007 iu
1297 2966 1349 3007 sco
1371 2948 1601 3007 terminationem

327 3055 385 3110 tam
415 3051 446 3109 in
474 3049 659 3120 derivativis,
688 3070 763 3131 quae
793 3051 906 3112 formae
933 3058 1002 3111 sunt
1030 3050 1230 3119 inchoativae,
1253 3068 1341 3129 quam
1363 3050 1394 3108 in
1410 3045 1420 3129 d
1442 3049 1631 3128 primitivis,ff

326 3170 400 3230 quae
424 3152 537 3212 lormae
559 3160 629 3212 sunt
650 3154 815 3231 perfectae,
845 3153 906 3213 sula
928 3152 1070 3232 possidet.
1114 3151 1264 3232 semelque
1287 3151 1343 3210 hoc
1364 3150 1542 3227 generaliter
1561 3156 1601 3209 est

326 3252 558 3323 observandum,
588 3254 666 3333 quod
694 3256 724 3314 in
753 3258 782 3316 io
809 3274 861 3315 seu
890 3256 921 3315 in
948 3256 996 3314 ior
1023 3255 1191 3315 desinentia
1219 3252 1310 3312 verba
1339 3251 1384 3312 rel
1406 3255 1518 3332 primae
1539 3259 1601 3311 suot

327 3360 440 3416 tantum
462 3354 638 3425 derivativa,
662 3356 706 3416 vel
729 3364 851 3435 quartae
874 3364 934 3417 tam
956 3356 1103 3435 primitiva
1125 3374 1213 3434 quam
1236 3356 1411 3423 derivativa,
1435 3353 1485 3413 sed
1507 3350 1600 3413 obser·

253 3498 256 3513 .
326 3459 443 3517 vatione
469 3460 584 3533 primae
613 3460 830 3537 coniugationis
857 3461 1005 3528 carentia;
1033 3464 1244 3518 consonantem
1272 3474 1342 3515 vem
1369 3463 1438 3517 ante
1465 3475 1483 3515 o
1510 3454 1552 3513 vel
1570 3472 1600 3512 cr
1705 3537 1706 3540 Ἴ

326 3558 465 3620 babentia
492 3557 583 3620 verba
609 3562 705 3639 prima
733 3559 852 3641 quidem
880 3561 1065 3638 coniugatio,
1087 3560 1222 3638 quamvis
1244 3559 1419 3637 plerumque
1440 3556 1630 3621 derivativall

326 3669 425 3721 tamen
446 3660 539 3722 babet
559 3661 710 3724 interdum
732 3668 762 3721 et
783 3664 943 3741 primitiva.
987 3663 1076 3721 tertia
1104 3680 1174 3721 vero
1201 3659 1313 3738 absque
1341 3660 1373 3719 in
1401 3677 1451 3719 sco
1472 3658 1598 3718 desinen-

328 3760 408 3823 tibus
430 3762 608 3827 inchoativis
634 3772 664 3824 et
692 3763 900 3825 communibus
929 3764 974 3825 vel
1003 3760 1222 3843 deponentibus
1250 3762 1282 3820 in
1304 3780 1372 3821 scor
1394 3758 1597 3825 desIncntibus,

326 3868 359 3925 in
380 3862 490 3944 quibus
512 3864 582 3925 solis
603 3865 864 3926 terminationibus
879 3864 970 3926 babet
985 3864 1163 3933 derivativa,
1186 3864 1218 3923 in
1240 3860 1379 3923 omuibus
1393 3861 1515 3940 reliquis
1535 3862 1598 3920 lina·

326 3967 458 4029 litatibus
481 3985 540 4028 non
562 3968 648 4029 facile
671 3968 841 4037 derivativa,
865 3967 918 4028 sed
940 3969 1091 4047 primitiva
1111 3974 1228 4027 tantum
1251 3963 1342 4026 verba
1364 3963 1474 4025 babere
1493 3964 1598 4041 reperi·

329 4154 342 4159 ..
369 4154 629 4165 ...a-...-

396 4258 412 4307 5
431 4264 457 4307 ut
478 4272 566 4322 precor
584 4272 671 4321 preces
689 4257 769 4307 uador
788 4270 833 4305 uas
852 4272 934 4324 ringor
958 4258 1087 4323 suffragor
1102 4254 1218 4321 gratulor
1234 4254 1350 4319 negotior
1369 4253 1494 4317 negotium
1512 4251 1600 4317 gratior

327 4328 408 4391 qratia
425 4328 535 4378 auxilior
553 4326 675 4377 auxilium
692 4325 803 4391 opitulor
821 4341 935 4376 racemor
953 4329 978 4376 P
1045 4327 1140 4392 gratior
1155 4342 1222 4377 corr.
1243 4324 1357 4390 mercior
1374 4322 1401 4371 B
1416 4320 1531 4388 grator!
1546 4334 1598 4387 gra-

327 4398 423 4449 tulcrt
492 4396 639 4462 bgratulcr
657 4411 771 4446 racemor
788 4412 833 4450 om,
853 4396 916 4454 Bts
974 4397 1122 4461 peregrinor
1137 4411 1220 4445 moror
1238 4395 1354 4459 dignor!
1404 4406 1513 4455 aucupor
1528 4405 1599 4453 aqucr

327 4484 372 4517 om.
393 4468 458 4530 Bas
523 4468 537 4515 7
556 4476 634 4515 testor
651 4466 771 4517 testificor
784 4476 809 4515 et
826 4466 920 4517 similia
938 4466 1096 4517 Bteatitiecr
1114 4478 1139 4515 et
1156 4466 1250 4515 similia
1264 4465 1296 4525 ts
1345 4462 1379 4513 10
1396 4463 1454 4525 quia
1470 4476 1516 4509 non
1530 4459 1597 4507 ullam

329 4539 351 4586 Ρ
420 4539 452 4587 ld
467 4551 593 4599 exsequor
611 4535 756 4587 nominibus
775 4536 884 4586 diriuata
903 4538 928 4586 P
944 4549 1070 4599 exsequor
1087 4551 1120 4584 ex
1139 4534 1284 4586 nominibus
1303 4542 1389 4581 autem
1405 4531 1510 4580 diriuata
1528 4538 1538 4578 t

329 4608 361 4659 15
378 4606 543 4672 penultimam
562 4622 650 4672 puram
670 4607 787 4657 babentia
805 4607 860 4657 BP
873 4605 1036 4671 penultimam
1054 4606 1165 4656 nominis
1184 4619 1272 4669 puram
1292 4601 1443 4657 habendas
1507 4602 1540 4649 22
1557 4598 1598 4647 ad-

327 4678 442 4742 aepiaccr
461 4678 501 4727 uel
525 4678 663 4740 (auperscr.
686 4677 796 4740 antiqui)
815 4676 960 4741 ipdqpiacor
973 4675 998 4724 B
1023 4675 1151 4741 adipiscor
1172 4674 1242 4723 vrelut
1264 4672 1360 4735 antiqui
1382 4672 1506 4736 apiaccrt
1568 4667 1597 4716 tl

328 4746 367 4794 uel
387 4746 483 4810 primae
502 4747 551 4797 sint
570 4756 665 4797 tautum
683 4746 790 4795 diriuata
807 4748 829 4795 P
845 4746 885 4795 uel
902 4746 997 4810 primae
1016 4755 1075 4794 auat
1093 4761 1149 4794 cum
1168 4746 1220 4794 aiut
1237 4751 1332 4791 tautum
1349 4742 1486 4790 deriuattua
1501 4737 1538 4788 Bt

327 4815 361 4865 30
380 4816 524 4882 coniugatio
544 4814 606 4879 (sibi
625 4816 686 4869 aad.
705 4814 727 4879 t)
747 4816 863 4865 raeadicat
880 4815 998 4877 quamuis
1013 4815 1055 4864 Bt
1112 4812 1304 4865 cruentatus
1323 4810 1399 4861 babet
1413 4809 1541 4859 diriaariua
1558 4806 1597 4856 sed

328 4885 456 4953 primitius
472 4894 569 4935 mutum
588 4886 664 4935 uerba
680 4884 773 4936 babere
790 4886 854 4937 solet
872 4885 917 4935 sed
935 4888 960 4935 P
