3525 5600
316 412 379 480 468
591 367 596 376 ⁶
868 416 1052 480 svrrcurs

343 523 497 576 p.1tt.tct.
1267 559 1271 562 .
1406 538 1426 578 p.
1440 525 1571 566 aaaron.

317 604 445 685 aliquem
468 607 594 666 inveniri
618 607 821 683 cognorimus,
851 609 910 667 nisi
929 607 1108 668 infinitivum
1132 605 1146 686 11
1169 607 1292 668 scabere
1315 606 1392 686 apud
1415 607 1591 685 ldeuippeum

317 705 480 768 Varronem
501 710 531 768 in
555 707 714 779 Catamito;
738 708 815 788 quod
838 711 943 770 venire
965 727 982 769 a
1003 712 1151 789 positione
1166 709 1250 771 verbi
1272 710 1350 790 quod
1373 715 1420 768 est
1442 707 1591 770 scabiorel

317 807 421 878 scabo,
445 810 523 870 unde
546 808 661 871 scabies
684 829 791 872 nomen
814 819 858 872 est
880 811 1061 881 derivatum,
1085 819 1115 872 et
1129 806 1292 872 verisimile
1315 818 1412 892 potest
1427 812 1590 873 existimari.

217 993 222 1004 ⁸
317 913 326 972 i
349 930 419 971 vero
441 911 635 972 antecedente
657 911 730 973 baec
753 919 867 974 tautum
889 921 959 976 suut
986 916 1093 975 tertiae
1115 916 1346 992 coniugationis‚
1375 911 1462 973 brevi
1484 913 1591 992 qaudam

318 1020 348 1073 ut
371 1012 442 1073 bibo
464 1011 559 1083 bibis,
583 1014 670 1092 longa
693 1033 763 1076 vero
785 1023 817 1076 ut
839 1015 939 1078 scribo
961 1015 1080 1078 scribis.
1125 1017 1197 1077 item
1219 1035 1239 1076 u
1261 1016 1353 1077 vocali
1376 1016 1464 1093 longa
1485 1023 1610 1078 antece-⁵

316 1116 403 1175 dente
425 1133 516 1176 unum
540 1122 585 1176 est
605 1119 712 1178 tertiae
735 1121 967 1196 coniugationis,
990 1125 1024 1179 ut
1044 1117 1124 1179 nubo
1146 1117 1252 1188 uubis;
1279 1139 1309 1179 m
1330 1136 1401 1178 vero
1423 1125 1591 1177 consonante

315 1216 509 1278 antecedente
532 1218 589 1278 duo
611 1227 696 1289 suxit,
720 1227 752 1280 ut
774 1220 872 1281 lambo
895 1220 1016 1291 lambis,
1040 1220 1119 1280 unde
1141 1220 1283 1298 Virgilius
1305 1220 1332 1281 11
1354 1219 1435 1280 libro
1456 1219 1592 1280 Aeneidos

316 1319 391 1378 dixit
414 1319 596 1381 ‘lambere
619 1321 768 1384 llamma
790 1323 940 1393 comas',
969 1313 1037 1383 et'a
1061 1321 1152 1382 verbo
1173 1321 1297 1391 cumbo,
1320 1321 1400 1402 quod
1422 1321 1546 1400 simplex
1565 1323 1591 1381 iu

316 1439 371 1482 usu
404 1439 463 1482 non
499 1431 558 1492 est,
590 1427 768 1504 composita,
806 1425 947 1487 incumbo
980 1424 1142 1496 incumbis,
1172 1423 1334 1505 procumbo
1373 1422 1555 1503 procumbis,
1586 1419 1591 1503 1

314 1524 456 1585 accumbo
490 1524 653 1596 accumbis,
688 1527 849 1588 succumbo
882 1526 1068 1596 succumbis,
1108 1544 1235 1607 quorum
1262 1527 1448 1606 primitivum
1480 1526 1543 1584 sine
1567 1543 1621 1587 mn

316 1629 487 1688 enuntiatur
520 1635 639 1707 tamque
672 1629 798 1708 simplex
834 1647 924 1709 quam
952 1631 1148 1707 compositum
1177 1631 1242 1689 sine
1266 1648 1295 1689 m
1317 1628 1467 1708 prolatum
1487 1627 1591 1707 primae

314 1731 533 1807 coniugationis
555 1736 615 1800 est,
638 1737 672 1790 ut
693 1729 770 1792 cubo
792 1729 898 1799 cubas,
922 1729 1032 1792 incubo
1054 1731 1193 1801 incubas,
1216 1729 1349 1810 procubo
1370 1727 1528 1809 procubas,
1548 1747 1590 1788 ex-

314 1830 390 1891 cubo
413 1829 551 1892 excubas.
651 1885 655 1890 .

343 1927 350 1938 '
398 1917 431 1993 ln
459 1951 494 1994 co
522 1933 690 1994 desinentia
718 1934 807 1996 verba
834 1937 986 2015 primitiva
1013 1953 1067 1996 seu
1101 1935 1262 1996 derivativa
1295 1951 1481 2014 quacumque
1509 1933 1590 1993 vocali

314 2035 507 2096 antecedente
530 2037 644 2114 primae
667 2044 736 2097 sunt
758 2039 992 2114 coniugationis,
1016 2045 1048 2098 ut
1069 2037 1154 2117 placo
1176 2037 1287 2117 placas,
1310 2054 1383 2096 vaco
1404 2053 1504 2105 vacas,
1526 2053 1620 2096 aeeon

315 2155 418 2206 necas,
442 2155 511 2196 seco
533 2137 611 2216 plico
634 2139 710 2197 mico
732 2137 841 2198 dimico
864 2141 960 2199 emico
982 2140 1059 2199 irico
1081 2138 1149 2198 dico
1178 2138 1359 2219 paenultima
1388 2136 1488 2208 brevi,
1516 2139 1591 2197 cuius

315 2239 447 2299 futurum
469 2240 500 2299 in
523 2238 536 2298 I
557 2237 634 2299 libro
657 2238 803 2300 Aeneidos
825 2239 967 2318 Virgilius
988 2242 1104 2320 posuit,

465 2340 624 2400 conubio
646 2342 794 2419 iungam
817 2332 1243 2423 stabili-propriamque
1266 2341 1416 2411 dicabo,

314 2441 391 2502 unde
420 2443 525 2503 dedico
553 2443 652 2504 indico
681 2442 787 2504 abdico
817 2452 1048 2526 componuntur:
1084 2444 1180 2504 albico
1207 2447 1278 2505 item
1306 2442 1433 2512 albicas,
1462 2443 1591 2503 Horatius

312 2547 477 2606 carminum
498 2543 575 2606 libro
597 2544 610 2606 1
1600 2563 1621 2601 n

464 2665 530 2707 uec
553 2655 658 2728 prata
681 2650 785 2709 canis
807 2647 975 2710 albicant
996 2651 1161 2728 pruinis:

315 2748 419 2809 vellica
447 2749 582 2819 vellices,
611 2749 690 2811 idem
718 2767 889 2812 sermonum
916 2750 994 2812 libro
1022 2750 1034 2812 1
1057 2751 1232 2813 ‘vellicat
1253 2749 1450 2811 absentem
1471 2749 1588 2810 [leme-

315 2853 448 2912 trius':
476 2851 609 2912 claudico
637 2852 800 2922 claudicas,
830 2853 948 2914 vindico
976 2852 1123 2924 vindicas,
1157 2853 1277 2933 duplico
1304 2852 1453 2933 duplicas,
1481 2851 1590 2914 eradico

314 2954 462 3024 eradicas,
487 2953 646 3015 Terentius
668 2956 699 3014 in
722 2954 832 3017 Andria

464 3055 501 3115 di
523 3063 558 3117 te
582 3055 796 3125 eradicent,
821 3059 871 3117 ita
894 3075 948 3116 me
969 3058 1145 3118 miserem
1167 3060 1341 3118 territas:
1600 3073 1621 3111 25

315 3156 452 3217 mendico
475 3158 641 3227 mendicas,
664 3158 776 3219 suiioco
791 3158 934 3228 suliocas,
958 3158 1022 3218 loeo
1042 3159 1136 3228 loeas,
1159 3178 1231 3218 roco
1253 3176 1354 3227 rocas,
1378 3158 1456 3237 quod
1477 3157 1590 3237 paenul-

315 3261 416 3321 timam
437 3262 567 3321 nominis
589 3260 706 3337 longam
729 3262 759 3319 in
782 3259 872 3319 verbo
895 3262 1050 3338 corripuit.
1095 3267 1234 3323 notantur
1255 3262 1363 3321 tertiae
1385 3261 1590 3337 coniugationis

314 3380 385 3421 coco
419 3364 498 3422 cocis
532 3368 562 3423 et
593 3380 668 3441 quae
697 3360 734 3421 ab
763 3380 798 3421 eo
825 3370 1058 3440 componuntur,
1093 3362 1202 3423 decoco
1234 3380 1362 3442 percoco
1395 3365 1505 3424 incoco.
1546 3363 1589 3420 cui

314 3461 404 3523 verbo
427 3463 497 3525 licet
520 3481 625 3524 nomen
648 3462 790 3525 adhaeret
811 3481 914 3531 cocus,
937 3472 1036 3524 tamen
1057 3482 1117 3525 non
1138 3463 1176 3525 ab
1197 3483 1233 3524 eo
1249 3462 1387 3532 verbum,
1410 3464 1493 3525 seda
1508 3461 1589 3522 verbe

313 3584 421 3625 nomen
444 3565 549 3626 deduci
573 3572 771 3625 monstratum
793 3566 824 3625 in
847 3583 937 3645 supra
953 3565 1041 3627 dictis
1061 3567 1244 3627 sufficienter
1267 3566 1416 3625 existimo.
1446 3568 1620 3644 excipiunto

314 3675 362 3728 tur
377 3685 469 3746 pauca
485 3669 583 3737 etiam,
611 3685 686 3747 quae
709 3668 815 3727 tertiae
838 3674 908 3729 sunt
929 3670 1147 3745 coniugationis
1168 3667 1354 3729 differentiae
1377 3685 1479 3727 causa:
1500 3668 1511 3726 i
1531 3667 1590 3745 qui·

313 3769 380 3829 dem
404 3769 497 3830 vocali
520 3770 607 3847 longa
630 3768 837 3839 antecedente,
861 3769 928 3829 dico
951 3769 1041 3839 dicis,
1065 3770 1095 3830 id
1118 3778 1164 3831 est
1183 3787 1290 3839 narro,
1315 3778 1347 3830 ut
1369 3769 1459 3830 distet
1472 3764 1486 3849 ΙΙ
1501 3767 1537 3827 ab
1557 3784 1588 3827 oo

313 3872 361 3931 cui
383 3868 482 3930 brevis
504 3872 514 3930 i
537 3864 685 3931 antecedit
707 3878 736 3931 et
758 3889 848 3931 sensu
869 3878 900 3932 et
921 3872 1129 3948 coniugatione
1151 3878 1182 3931 et
1203 3878 1348 3950 tempore.
1392 3870 1469 3932 unde
1489 3871 1588 3931 merito

313 3974 375 4033 suis
397 3970 579 4051 respondent
600 3973 760 4051 primitivis
783 3972 820 4034 ab
842 3979 969 4052 utroque
992 3975 1169 4052 composita,
1199 3981 1232 4034 ut
1255 3970 1356 4052 [edico
1379 3970 1486 4050 edieis]
1509 3988 1587 4050 prae·

313 4074 380 4135 dico
407 4072 555 4154 praedicis
581 4073 797 4151 longitudinem
830 4075 975 4154 primitivi
1008 4092 1131 4136 servans
1163 4077 1271 4136 tertiae
1297 4081 1344 4135 est
1370 4074 1618 4164 contemtionem

313 4244 614 4255 ——-.

383 4346 396 4397 1
416 4346 524 4396 inueniri
543 4356 553 4398 t
571 4346 670 4397 iuterim
687 4346 743 4396 BP
760 4346 859 4396 interim
875 4347 985 4396 inueniri
1001 4348 1018 4410 s
1065 4342 1236 4413 menippeum]
1256 4345 1404 4411 mempbum
1419 4353 1431 4395 t
1446 4342 1587 4409 mempbium

311 4417 328 4477 s
375 4416 433 4465 2in
452 4417 542 4466 cantito
561 4416 622 4478 Bis
670 4415 1144 4483 7111131111ιεηοὶάοεΒτΑεη,
1168 4416 1258 4467 11681
1308 4412 1445 4481 ileumbo]
1465 4414 1586 4476 enarre

313 4488 330 4539 1.
346 4486 370 4535 X
388 4503 415 4550 p.
434 4486 494 4549 aot,
513 4486 530 4537 3
600 4486 629 4538 11
650 4485 793 4536 enuntiatur
810 4495 912 4549 tumque
927 4486 1035 4552 simplex
1050 4487 1075 4536 B
1087 4487 1242 4537 enrxutiatum
1256 4494 1357 4547 tamque
1372 4486 1480 4549 simplex
1495 4485 1520 4533 P
1530 4497 1587 4532 uun·

313 4558 392 4606 cietur
410 4564 460 4604 tam
479 4556 617 4619 aixnplext
687 4555 718 4607 13
740 4555 836 4605 excubo
855 4556 967 4605 excubas
984 4572 1029 4605 em.
1048 4558 1075 4607 P
1126 4558 1158 4607 15
1178 4569 1241 4605 uoco
1260 4570 1337 4606 uocas
1357 4558 1381 4604 P
1448 4554 1478 4606 lt
1493 4552 1587 4606 breuis

314 4625 466 4676 breuisBP
519 4627 550 4678 17
569 4636 597 4676 ut
614 4626 722 4676 conubio
735 4627 774 4677 P:
796 4628 874 4691 Verp.
893 4624 1036 4676 Aesim
1107 4625 1142 4676 20
1159 4640 1237 4678 earm,
1257 4622 1322 4675 libro
1342 4622 1406 4692 111,
1422 4622 1586 4685 4;ι[.Ρη’κ.

312 4694 696 4762 1.vr11p.397,10.432,1
751 4696 783 4747 21
804 4694 860 4760 nee]
881 4694 1017 4758 baeths
1065 4697 1099 4747 22
1115 4692 1193 4761 idem]
1213 4696 1272 4745 item
1286 4694 1343 4743 BP
1401 4709 1474 4745 serm.
1491 4692 1551 4742 libro
1567 4686 1584 4755 l]

314 4763 356 4825 10,
372 4764 405 4814 87
423 4763 483 4828 (tu)
535 4766 671 4815 demetrias
688 4765 749 4826 Pas
797 4767 872 4816 24111
894 4762 1000 4831 Andria]
1023 4765 1111 4825 11111,
1131 4766 1164 4814 22
1221 4766 1256 4815 25
1273 4764 1301 4813 di
1318 4774 1344 4813 te
1360 4763 1493 4813 eradieanti
1508 4769 1586 4811 tamen

314 4834 429 4883 miseram
448 4835 558 4885 territam
580 4836 603 4885 P
620 4844 643 4884 te
657 4835 780 4884 eridleant
794 4836 829 4884 ite
842 4850 883 4883 me
901 4835 1041 4883 miseritam
1055 4836 1192 4885 territnmt
1207 4835 1334 4885 eradicent
1352 4849 1393 4883 me
1411 4842 1459 4882 tam
1475 4830 1585 4880 misera·

312 4903 505 4967 territumquef
569 4906 689 4955 miserum
703 4903 729 4953 B
797 4905 831 4954 27
850 4911 967 4954 notantur
984 4906 1019 4968 tf
1033 4913 1133 4957 notatur
1150 4903 1206 4954 BP
1272 4902 1307 4954 et
1325 4905 1358 4954 sb
1377 4911 1478 4967 unaque
1492 4902 1519 4951 P
