3525 5600
610 339 615 350 '
675 357 913 422 ιιιιιιιιιιιιιι
1379 355 1444 422 263

1213 469 1225 511 t
1256 467 1418 521 ndu-¹161..

166 555 248 618 natus,
271 549 458 610 ‘cenatum
480 548 650 610 noluerit
671 546 886 618 occidere’,
920 565 996 628 quae
1018 566 1088 627 pars
1111 549 1256 609 orationis
1277 550 1341 610 est?
1373 549 1443 628 quid

165 651 244 713 babes
269 650 389 712 dicere?
428 668 537 714 nomen
564 651 626 712 estt
662 669 719 732 que
745 651 879 712 ratione?
913 651 982 730 quia
1010 656 1133 711 cenatus
1162 668 1223 712 non
1249 656 1349 731 potest
1376 669 1443 711 esse

164 753 348 834 participium.
392 770 453 814 non
483 753 563 814 enim
586 754 681 814 oritur
703 759 826 814 cenatus
848 753 907 814 nisi
933 771 950 814 a
971 755 1134 833 praeterito
1162 759 1298 830 tempore
1321 759 1443 813 cenatus

163 873 226 918 suto.
264 860 391 916 cccmus
410 871 476 915 ιιιιιι
496 862 595 916 autem
616 856 648 914 in
670 853 798 916 neutrali
819 853 912 915 verbo
938 873 999 916 non
1026 861 1124 934 potest
1152 873 1227 916 esse.
1273 871 1331 933 quo
1353 855 1442 917 modo

143 975 224 1037 sergo
244 963 367 1018 cenatus
387 957 577 1037 participium
600 957 663 1017 esti
686 955 739 1018 sed
761 956 907 1034 originem
929 956 1015 1032 verbi
1035 955 1135 1018 babet.
1181 975 1197 1017 e
1219 953 1370 1017 contrario
1391 974 1441 1035 ga·

161 1062 244 1122 leatus
263 1077 324 1120 non
346 1056 442 1120 solum
465 1060 511 1120 sui
533 1059 678 1137 originem
701 1076 762 1120 non
784 1056 892 1126 hebet,
915 1057 969 1118 sed
992 1077 1047 1119 nec
1069 1057 1152 1120 verbi
1173 1059 1318 1136 originem
1340 1057 1439 1119 babet.

162 1162 220 1224 ideo
239 1177 310 1238 ergo
332 1161 389 1222 ista
411 1167 524 1222 tantum
546 1161 666 1222 nomina
688 1167 766 1231 sunt,
789 1160 930 1240 quoniam
951 1161 1007 1221 iste
1026 1178 1087 1221 non
1108 1157 1206 1220 solum
1228 1162 1275 1221 sui
1296 1161 1440 1238 originem

161 1282 213 1326 non
233 1259 356 1332 babent,
385 1262 438 1324 sed
461 1280 518 1324 nec
539 1281 662 1344 suorum
685 1261 843 1324 verborum
866 1261 1028 1341 originem
1057 1279 1179 1323 suorum
1206 1261 1383 1332 verborum,
1410 1263 1441 1324 id

161 1374 199 1428 est
222 1365 365 1443 originem
392 1364 473 1426 unde
498 1367 581 1426 nesci
608 1363 783 1426 debuerant.
833 1383 963 1445 pransus
990 1371 1113 1425 cenatus
1146 1371 1177 1424 et
1204 1363 1334 1443 reliqua,
1367 1364 1441 1426 baec

131 1469 246 1532 ιιοιιιιιιι
268 1467 423 1548 participia
446 1472 523 1535 suut,
546 1465 599 1528 sed
620 1467 685 1528 siue
706 1465 871 1528 uerborum·
886 1485 1008 1528 suorum
1023 1467 1154 1545 origine;
1178 1467 1326 1545 originem
1342 1473 1441 1527 autem

161 1568 304 1632 uerborum
326 1567 448 1630 babent
493 1567 564 1646 quid
587 1570 677 1648 ergo?
698 1567 802 1631 licebit
822 1565 910 1630 nobis
931 1568 967 1630 ad
990 1569 1076 1630 istam
1104 1565 1329 1630 similitudinem
1352 1568 1440 1629 etiam

160 1672 207 1736 alia
225 1671 340 1734 iaceret
363 1688 402 1733 ne
423 1671 501 1732 torte
522 1669 604 1732 dicas
621 1665 627 1756 Ι
647 1669 728 1740 mibi,
753 1677 783 1732 et
803 1670 877 1731 mibi
898 1671 985 1732 datur
998 1677 1130 1752 potestas
1150 1679 1191 1740 ut,
1214 1669 1266 1731 ubi
1285 1669 1439 1739 voluerim,

158 1771 289 1835 inrerbo
310 1779 419 1835 neutro
440 1773 546 1834 taciem
567 1771 627 1834 tale
657 1773 847 1852 participium
881 1779 913 1834 et
939 1772 1037 1834 dicam
1064 1789 1170 1862 carere
1197 1773 1328 1850 origine,
1356 1777 1389 1832 ut
1414 1774 1439 1832 si

159 1876 229 1938 dicas
248 1881 380 1943 natatus,
403 1873 542 1936 natatus
568 1881 614 1934 est
640 1873 713 1935 mibi
734 1874 863 1944 amnis‘,
892 1880 927 1934 ut
948 1875 974 1934 si
995 1873 1077 1936 dicas
1098 1873 1278 1936 ‘dormitum
1294 1881 1347 1934 est
1367 1874 1440 1934 mihi

130 1976 221 2041 uillud
241 1979 386 2056 tempus’
432 1982 533 2050 utrum
559 1995 681 2055 possum
708 1975 808 2038 dicere
835 1975 1026 2037 ‘meridiatus
1049 1994 1115 2036 sum
1137 1975 1188 2036 ilia
1209 1977 1279 2037 ιιιί
1321 1974 1439 2056 [uuum

159 2080 256 2158 possim
283 2076 412 2158 dicere]
429 2085 529 2140 utrum
557 2095 681 2158 possum
708 2095 856 2158 usurpare
882 2079 938 2138 ista
965 2077 1121 2158 participia
1149 2076 1187 2138 ad
1214 2077 1438 2139 similitudinem

157 2180 226 2240 iiiios
245 2180 464 2260 usurpationis?
493 2187 523 2241 et
543 2182 620 2242 scire
643 2177 786 2241 debemus
807 2180 947 2260 quoniam
969 2198 1029 2241 non
1051 2198 1213 2259 possumus
1234 2183 1363 2260 penitus.
1409 2190 1436 2242 et

159 2281 223 2352 ride,
244 2288 352 2362 manta
374 2283 490 2344 ratione
511 2281 656 2369 probetur
671 2283 812 2360 quoniam
834 2280 987 2343 nonlicet.
1015 2284 1071 2342 ista
1093 2283 1192 2342 omnia
1213 2301 1290 2362 quae
1312 2283 1438 2344 dicimus

159 2385 313 2463 mmpativa
327 2391 406 2445 sunt.
430 2385 455 2444 si
469 2401 540 2463 ergo
557 2387 727 2465 usurpative
739 2391 818 2454 sunt,
831 2385 889 2444 iam
903 2391 997 2446 artem
1012 2402 1073 2444 non
1084 2383 1210 2452 babent;
1226 2387 1251 2444 si
1266 2392 1360 2446 artem
1376 2403 1437 2445 non

128 2485 263 2553 nbabent.
279 2482 423 2574 debemus
440 2484 536 2548 settim
551 2485 597 2548 vel
619 2488 825 2548 auctoritatem
847 2488 941 2590 sequi.
971 2503 1061 2546 omne
1083 2486 1163 2546 enim
1185 2486 1278 2566 qarob
1286 2485 1438 2566 loquimur

158 2607 208 2648 non
220 2595 334 2649 constat
349 2588 406 2648 nisi
428 2606 484 2650 usu
506 2597 570 2650 arte
592 2591 776 2651 auctoritate.
801 2605 872 2667 ergo
889 2563 922 2648 in
939 2607 997 2649 usu
1014 2605 1075 2648 non
1091 2585 1185 2648 babes
1200 2595 1233 2649 ut
1254 2588 1337 2649 dicas
1358 2589 1432 2658 ιιοιι;

158 2707 188 2748 ιι
206 2697 264 2750 arte
285 2689 387 2750 venne
409 2707 470 2751 nou
492 2697 605 2770 potest;
629 2690 721 2752 debes
744 2695 843 2752 autem
864 2689 911 2750 vei
932 2692 1141 2752 auctoritatem
1164 2693 1259 2771 sequi.
1289 2709 1349 2752 non
1365 2709 1437 2768 ergo

157 2789 236 2853 debes
262 2798 294 2854 tu
321 2791 422 2854 dicere
451 2798 481 2855 et
506 2792 574 2855 alia.
618 2812 678 2855 non
707 2793 786 2854 enim
813 2802 895 2855 tuam
923 2794 1131 2855 anctoritatem
1159 2791 1267 2863 babes,
1301 2793 1354 2855 sed
1386 2792 1437 2854 iiia

155 2900 255 2955 tantum
277 2902 363 2974 potes
384 2894 495 2965 dicere.
520 2911 596 2974 quae
616 2894 724 2975 legisti.
768 2894 880 2956 idcirco
908 2896 965 2958 ista
988 2897 1095 2966 omnia,
1118 2912 1194 2973 quae
1215 2902 1320 2957 contra
1341 2902 1436 2957 artem

126 3004 283 3077 susurpeta
304 3003 383 3067 mut,
407 2996 470 3059 sola
492 2996 646 3067 dicuntum
670 2998 811 3077 quoniam
826 2998 883 3059 iam
900 3016 961 3059 non
975 2996 1088 3059 artibus
1102 3005 1235 3067 utuntur,
1259 2997 1312 3059 sed
1334 3006 1435 3060 aucto-

154 3099 239 3169 ritate,
262 3117 323 3161 non
344 3100 403 3160 iem
426 3116 481 3161 nos
502 3100 638 3167 dicimus,
660 3100 718 3160 nisi
731 3115 815 3188 quae
837 3102 949 3161 seimus
975 3100 1054 3161 dicta
1083 3118 1158 3161 esse.
1202 3100 1316 3161 idcirco
1338 3099 1435 3160 soioe-

153 3200 266 3261 cismum
286 3201 367 3270 iacit,
390 3202 449 3262 nisi
471 3198 639 3280 exemplum
661 3176 748 3270 dicat,
771 3208 843 3281 puta
849 3185 924 3279 legi
942 3198 975 3282 Ι
967 3218 998 3260 ιιι
1018 3199 1070 3261 ilio
1091 3207 1223 3263 auctore
1264 3204 1290 3262 si
1311 3221 1361 3263 ars
1382 3202 1434 3262 de·

153 3304 213 3372 icit,
234 3302 379 3365 debemus
401 3302 437 3363 ad
459 3304 663 3365 auctoritatem
685 3320 855 3365 recurrere

224 3404 289 3467 Non
322 3404 467 3465 debemus
499 3402 610 3465 bebere
642 3404 793 3467 licentiam
830 3403 1020 3484 conponendi
1055 3404 1126 3465 istas
1161 3424 1221 3467 res.
1275 3413 1344 3466 sunt
1381 3403 1433 3465 aii·

126 3522 200 3581 aqua
220 3507 390 3586 participia,
420 3524 494 3585 quae
515 3513 576 3567 mm
598 3504 648 3567 diu
675 3512 746 3567 sunt
766 3507 940 3586 participia.
974 3524 1064 3584 quam
1092 3505 1143 3567 diu
1175 3505 1320 3586 simplicia
1352 3514 1429 3568 sunt„

152 3624 277 3686 conpone
303 3606 368 3677 iila,
398 3614 428 3695 et
449 3608 525 3671 flunt
545 3608 674 3671 uomina.
718 3614 790 3687 puta
815 3610 961 3669 innocens
995 3617 1025 3670 et
1051 3626 1175 3670 nocens:
1221 3627 1334 3670 nocens
1365 3628 1433 3689 par·

153 3710 273 3787 ticipium
305 3718 366 3780 est;
406 3726 516 3778 noceo,
550 3711 596 3771 teo
628 3712 831 3791 perticipium,
865 3728 992 3779 nocens;
1028 3729 1165 3791 conpone
1191 3709 1279 3779 iliud,
1315 3717 1344 3770 et
1375 3712 1433 3771 iam

153 3826 204 3871 oea
244 3820 289 3873 est
325 3812 523 3892 participium
579 3830 638 3893 qua
672 3814 806 3899 petione?
859 3815 998 3893 quoniam
1037 3815 1144 3893 recipit
1181 3814 1432 3893 conparationem,

153 3914 282 3975 inuocem
302 3916 494 3976 innocentior
516 3916 785 3977 innocentissimus.
830 3914 937 3985 deinde
960 3915 1098 3996 quoniam
1121 3914 1244 3976 verbum
1267 3933 1328 3975 non
1348 3915 1432 3976 facit:

127 4031 229 4075 enemo
251 4018 329 4077 enim
352 4015 425 4078 dicit
446 4018 582 4079 innoceo.
612 4018 684 4078 item
706 4024 776 4077 sunt
799 4015 897 4094 aliqua
919 4018 1074 4097 participia
1094 4019 1226 4096 exceptis
1241 4014 1300 4076 iilis
1321 4014 1432 4076 discre-

156 4115 283 4185 tionibus3
307 4119 367 4179 iam
390 4125 540 4179 memento
562 4116 626 4188 itta,
649 4119 704 4180 ista
728 4126 811 4191 entra
834 4126 911 4180 sunt
955 4125 1026 4179 sunt
1046 4118 1146 4198 aliqua
1168 4118 1334 4199 participia,
1357 4134 1433 4197 quae
1445 4132 1505 4195 ιιι,
1517 4132 1546 4185 21

214 4302 369 4373 lcenetum]
389 4304 441 4357 Cic.
458 4320 485 4369 p.
502 4306 587 4355 Deiot.
605 4306 630 4363 7,
648 4304 683 4357 20
766 4305 846 4355 noluit
863 4305 890 4353 Α
977 4304 993 4353 3
1011 4320 1028 4355 e
1043 4304 1179 4369 praeterito
1197 4312 1310 4369 tempore
1328 4312 1434 4354 cenatus

157 4380 227 4427 eutem
247 4376 272 4423 in
290 4376 400 4425 neutreii
416 4376 456 4437 (in
480 4376 594 4426 neutrale
613 4375 638 4424 A
656 4390 724 4429 corr.
744 4390 759 4423 ιι
778 4376 886 4425 ueratreii
904 4375 934 4440 a)
951 4376 1030 4425 uerbo
1049 4374 1132 4424 ABG
1216 4377 1376 4438 aegeon.
1396 4374 1432 4430 A.

157 4442 240 4497 addc
307 4455 412 4495 cenatus
428 4446 591 4511 perticipium
607 4454 646 4495 est
662 4452 767 4495 cenatus
784 4444 841 4494 AB
899 4444 946 4495 ced
961 4445 997 4511 (si
1012 4444 1117 4496 Bcorr.
1135 4445 1181 4494 sed
1199 4444 1227 4506 b)
1246 4445 1371 4509 originem
1392 4446 1433 4493 sui

159 4512 309 4565 nerbibebet
326 4515 448 4565 Aaou
466 4516 591 4581 originem
610 4516 651 4566 sui
670 4514 742 4565 uerbi
761 4530 810 4565 oon
829 4514 938 4565 habetb
1009 4514 1041 4566 ll
1059 4514 1137 4563 etiem
1157 4514 1233 4563 aliem
1254 4513 1279 4562 A
1350 4513 1383 4564 12
1405 4521 1433 4562 ut

159 4582 194 4629 ubi
207 4584 325 4634 uoluerim
344 4584 398 4634 AB
417 4593 445 4635 ut
462 4586 505 4634 ubi
525 4585 567 4633 ubi
585 4584 709 4635 uoluerim
721 4582 756 4633 a*
773 4592 802 4633 nt
818 4586 862 4635 nbi
882 4591 926 4633 ιιιιι
947 4584 992 4634 ubi
1012 4584 1136 4633 aroiuerim
1155 4584 1177 4633 G
1263 4582 1296 4633 13
1318 4584 1432 4647 origines

159 4651 228 4703 ABG
291 4654 325 4706 15
337 4662 422 4705 utrum
440 4655 538 4719 possim
558 4654 645 4705 dicere
663 4670 710 4705 om.
727 4654 755 4714 G,
773 4662 903 4719 expuncto
916 4662 975 4703 eunt
991 4656 1018 4703 in
1035 4654 1061 4703 B
1144 4652 1178 4704 lo
1194 4654 1292 4721 possim
1309 4667 1434 4719 usrrrpere
1517 4695 1519 4698 .

160 4720 321 4785 Aposanmos
339 4737 463 4791 usurpare
482 4722 521 4776 Cb
539 4726 668 4789 possimos
686 4738 809 4789 usurpare
825 4724 851 4774 B
903 4723 937 4774 23
952 4723 1032 4774 hebes
1050 4738 1096 4775 oni.
1110 4723 1145 4780 A,
1164 4724 1225 4773 odd.
1242 4738 1260 4772 a
1328 4722 1362 4772 25
1381 4736 1431 4772 non

161 4792 240 4841 artibus
255 4800 358 4843 utuntur
375 4792 448 4843 oea
466 4809 516 4845 non
535 4794 566 4843 ab
590 4796 686 4844 artibus
703 4801 807 4845 utantur
825 4796 850 4845 Α
919 4796 1092 4845 summitatem
1112 4792 1166 4845 BC
1233 4793 1267 4843 27
1285 4792 1432 4859 exemptum

162 4857 223 4909 ducat
238 4870 296 4928 puta
314 4862 413 4932 iegeA
483 4864 518 4915 28
535 4879 636 4914 currere
654 4864 710 4915 ΑΒ
1446 4868 1448 4876 “
