3525 5600
652 373 888 436 COhlhlENTVlll
1360 372 1420 435 155

1235 494 1256 535 p.
1271 481 1359 522 roo-oo
1372 480 1393 520 u.

218 565 315 644 Incipit
347 569 474 623 tractare
505 581 555 623 res
584 560 727 622 tenendas
755 561 893 624 omnihus
923 561 1049 634 viribus,
1088 563 1263 643 prraesertim
1292 563 1358 638 (potia
1392 567 1421 621 et

150 669 279 730 doctiores
299 683 354 726 nos
375 665 489 726 iaciunt
511 670 541 724 et
562 671 714 744 praestant
730 665 951 726 excreationem
968 664 1045 726 rorate
1065 663 1264 742 loquentibus
1288 663 1419 743 plerum·

148 788 197 848 quo
219 768 355 845 contingit
383 774 417 827 ut
444 783 579 826 erremus
604 767 636 826 iu
665 765 806 832 dictinum
837 785 908 846 ergo
931 774 1083 849 praestant
1106 769 1335 828 excusationum.
1380 765 1420 826 ait

148 876 194 940 sic,
214 869 381 951 plerumque
395 869 546 930 iuvenitur
561 865 699 936 elocutio,
721 873 755 928 ut
776 871 983 949 conparativus
1005 878 1204 950 praeponatur
1226 865 1418 947 superlativo.

128 976 234 1051 entique
259 969 426 1051 quomodo
452 972 596 1051 positivus
623 967 774 1048 paululum
796 973 955 1050 siguificat,
985 972 1190 1050 conparativus
1212 969 1279 1051 plus
1301 989 1317 1030 a
1340 969 1418 1048 posi-

146 1077 207 1145 tivo,
234 1071 427 1154 superlativus
459 1069 525 1151 plus
558 1091 574 1132 a
606 1071 810 1151 conparativo,
846 1074 885 1133 ita
914 1073 1007 1134 tichos
1036 1073 1132 1152 loqui,
1167 1079 1198 1133 ut
1223 1070 1420 1151 superlativus

146 1183 325 1258 praeponatur
340 1175 529 1256 conparativo
552 1183 582 1234 et
603 1175 729 1254 positivo
750 1176 967 1254 conparatum,
992 1193 1030 1236 ne
1053 1175 1194 1254 positivus
1217 1182 1419 1254 praeponatur

147 1278 324 1357 conparatho.
367 1285 414 1338 est
441 1295 458 1337 e
486 1277 636 1336 contrario
662 1284 697 1339 ut
724 1277 932 1357 conparativus
959 1284 1160 1357 praeponatur
1189 1273 1419 1355 superlativum

147 1380 188 1440 tali
214 1378 391 1446 elocutione,
421 1378 553 1440 ‘doctior
580 1379 683 1458 quovis
705 1378 912 1448 doctissimo’,
937 1379 1074 1440 ‘stultior
1093 1379 1196 1458 quovis
1218 1370 1438 1446 stultissimo',
1600 1455 1602 1460 Ι

121 1505 138 1542 o
147 1484 166 1542 si
186 1484 219 1541 ita
240 1480 327 1541 dicas.
354 1478 358 1559 Ι
383 1479 559 1560 pierumque
580 1482 797 1560 comparativus
820 1482 941 1560 punitur
957 1489 1045 1542 otest
1066 1482 1223 1560 positivus;
1247 1478 1521 1560 plerurruprctut‚8

149 1583 334 1662 conparativus
355 1584 479 1662 ponitur
500 1589 532 1642 et
552 1599 609 1644 uec
629 1583 772 1661 positivus
796 1591 848 1644 est.
880 1583 952 1644 duas
974 1603 1023 1644 ces
1046 1583 1132 1644 dixit:
1157 1581 1315 1661 aliquando
1337 1583 1420 1662 poni-

148 1695 186 1745 tur
204 1685 417 1764 conparativus,
446 1691 476 1743 et
498 1692 544 1745 εει
565 1683 631 1744 loco
652 1685 787 1762 positivi:
816 1684 978 1763 aliquando
1005 1685 1125 1766 ponitur
1146 1685 1367 1766 conparativus,
1392 1692 1421 1744 ει

148 1805 196 1846 non
221 1785 303 1846 modo
330 1787 537 1865 conparativus
565 1804 626 1847 nou
655 1795 714 1855 εει,
744 1786 796 1846 sed
825 1805 881 1848 uec
908 1787 1061 1866 positivus.
1105 1793 1138 1846 ut
1164 1793 1233 1865 puta
1260 1791 1331 1846 sunt
1362 1784 1420 1845 duo

148 1885 277 1967 exempla,
308 1905 400 1948 unum
433 1887 511 1966 apud
540 1886 715 1966 Vergilium,
748 1906 840 1949 ornum
873 1889 950 1969 apud
984 1887 1169 1950 Sallustium.
1214 1887 1358 1966 Vergilius
1381 1889 1422 1948 ait

121 1992 220 2052 o‘iam
241 1990 364 2050 senior
386 1981 450 2050 s'ed
474 1987 586 2050 cruda
609 1988 705 2049 deo'.
737 2009 807 2050 ecce
829 1991 918 2052 modo
942 1992 1042 2052 senior
1061 1979 1343 2070 conparatiouo'est,
1368 1987 1420 2050 sed

148 2111 192 2172 pro
211 2093 337 2172 positivo.
370 2107 427 2168 qua
449 2092 582 2152 ratione?
605 2093 672 2172 quia
689 2091 821 2162 Charon,
845 2091 916 2154 licet
931 2111 990 2154 nun
1006 2094 1045 2152 sit
1066 2093 1183 2162 senior,
1209 2098 1306 2153 tamen
1330 2111 1420 2152 senex

149 2203 193 2253 ost
231 2210 389 2273 numquam
418 2194 497 2252 euim
524 2179 683 2272 possumus
709 2192 810 2255 dicere
837 2195 1002 2263 seniorum,
1032 2195 1088 2254 nisi
1110 2194 1146 2254 ati
1170 2197 1420 2274 comparationem

149 2293 245 2356 siruiiis.
274 2303 343 2376 puta
367 2294 499 2355 ‘doctior
522 2302 566 2356 est
587 2294 780 2356 scholasticus
794 2295 970 2356 scholastico
980 2299 999 2364 ',
1024 2295 1144 2356 ‘clarior
1167 2304 1212 2356 cst
1233 2305 1352 2358 senator
1375 2316 1421 2356 εε-

149 2402 262 2458 natore’.
305 2416 366 2458 non
393 2415 553 2477 possumus
580 2397 679 2459 dicere
707 2396 833 2458 ‘elacior
860 2405 980 2458 senator
1008 2395 1153 2476 plebeio'.
1199 2397 1272 2458 haec
1296 2417 1354 2458 nou
1378 2405 1422 2458 est

122 2518 205 2561 evera
230 2501 414 2580 conparatio,
442 2499 495 2560 sed
522 2498 656 2567 abusiva;
684 2498 733 2560 illa
761 2508 806 2560 est
828 2518 897 2561 vera
926 2501 1112 2578 conparatio,
1137 2516 1212 2576 quae
1234 2501 1311 2560 inter
1334 2518 1422 2580 pares

149 2605 184 2661 ht.
210 2621 275 2680 ergo
298 2621 356 2682 quo
379 2601 468 2663 modo
491 2600 564 2662 dixit
578 2599 756 2662 Charontem
780 2603 946 2686 seniorem,
970 2620 1038 2662 cum
1054 2600 1152 2663 nullus
1175 2603 1213 2662 sit
1235 2599 1309 2663 alter
1331 2619 1420 2662 senex

150 2701 267 2765 Charon?
287 2703 337 2764 illa
361 2717 433 2782 ergo
454 2703 626 2783 conparatio
649 2703 807 2783 positivum
822 2705 976 2782 significat.
1008 2721 1075 2764 nam
1092 2702 1161 2764 licet
1176 2721 1236 2764 nou
1251 2704 1290 2762 sit
1304 2703 1422 2763 Charon

151 2806 249 2875 senior,
270 2813 368 2867 tamen
391 2804 508 2866 violetur
522 2824 623 2866 senex.
656 2814 702 2867 est
723 2808 803 2867 enim
820 2804 864 2867 rel
888 2808 938 2887 spui
961 2824 1051 2867 senex
1074 2808 1127 2877 sit,
1152 2806 1180 2867 id
1205 2814 1250 2867 est
1271 2806 1340 2866 licet
1362 2825 1421 2865 uon

150 2906 269 2968 sinteino
290 2907 468 2976 Charentes,
493 2914 525 2967 ut
544 2906 595 2967 ille
617 2909 656 2968 sit
677 2916 746 2987 puta
768 2927 874 2977 senex,
900 2906 950 2968 ille
973 2909 1087 2978 senior,
1111 2909 1162 2969 sed
1180 2926 1255 2969 uuus
1271 2908 1349 2969 idem
1366 2917 1420 2968 est.

123 3007 156 3088 ul
175 3028 236 3088 ergo
257 3012 281 3070 si
302 3028 381 3071 unus
403 3018 463 3079 est,
489 3008 560 3069 licet
585 3027 646 3069 uon
667 3012 706 3071 sit
727 3011 842 3081 senior,
867 3020 968 3071 tamen
991 3020 1035 3071 εει
1057 3008 1102 3069 νει
1125 3028 1225 3071 senex.
1271 3010 1341 3070 licet
1363 3030 1422 3071 non

150 3112 181 3169 sit
198 3114 410 3192 conparatirus,
435 3118 534 3172 tamen
557 3111 668 3172 estrei
690 3112 842 3192 positivus.
887 3114 918 3173 iu
940 3114 995 3173 ista
1019 3120 1116 3173 tamen
1140 3110 1307 3195 elocutione
1330 3111 1423 3173 Sallu·

152 3214 229 3275 stiaua
254 3232 311 3275 non
340 3213 437 3275 solum
465 3232 526 3275 uon
553 3216 594 3276 ait
622 3214 858 3295 conparauvum,
888 3214 939 3275 suoi
971 3234 1026 3274 uec
1056 3200 1212 3293 positivum
1235 3215 1370 3292 quidem,
1394 3222 1426 3274 ut

151 3317 247 3376 ‘mare
274 3317 466 3377 Ponticum
493 3313 640 3376 dulcius
668 3334 773 3396 quam
802 3318 949 3377 eetera’
980 3315 1076 3397 [mare
1104 3314 1219 3378 dulcius
1241 3314 1422 3397 Ponticum}

152 3425 209 3477 tunc
236 3419 308 3479 bene
341 3416 454 3479 diceret
484 3436 566 3479 mare
588 3418 743 3480 Ponticum
777 3437 842 3479 esse
876 3417 1006 3489 dulcius,
1038 3420 1062 3479 si
1091 3424 1169 3479 esset
1195 3417 1314 3497 aliquod
1344 3436 1424 3479 maro

125 3517 232 3579 aiulce.
271 3539 339 3581 eum
367 3528 466 3580 autem
492 3518 607 3581 nullum
636 3538 717 3581 mare
744 3522 784 3580 sit
810 3520 913 3591 dorice,
943 3538 1030 3598 quem
1058 3520 1094 3581 ad
1123 3519 1242 3580 morium
1265 3538 1425 3600 possumus

153 3619 235 3681 licere
260 3621 331 3683 iilud
360 3619 495 3683 dulcius?
524 3640 595 3699 ergo
624 3623 706 3683 violes
735 3625 817 3700 quia,
846 3622 964 3703 quando
986 3622 1052 3682 dico
1074 3624 1176 3683 ‘mare
1199 3621 1341 3693 dorlcius'‚
1365 3641 1425 3684 non

152 3722 229 3783 solum
249 3724 378 3793 dulcius,
408 3722 461 3783 sed
489 3741 526 3785 ne
555 3724 642 3787 ‹luice
664 3724 798 3803 quidem,
828 3726 897 3803 quia
924 3722 1038 3787 nullum
1062 3744 1144 3786 mare
1166 3744 1221 3785 uec
1246 3724 1358 3786 dulcius
1382 3734 1425 3785 est

154 3842 198 3884 uec
216 3824 303 3887 dorice.
348 3828 389 3887 ita
418 3827 567 3887 invenitur
589 3827 638 3889 hic
666 3828 874 3907 conparativus
896 3847 956 3889 uon
980 3826 1075 3889 solum
1100 3829 1341 3905 conparationem
1364 3846 1423 3886 non

154 3927 313 4003 significans,
342 3927 396 3989 sed
423 3946 479 3989 uec
508 3930 674 4009 positivum.
711 3948 779 3991 nam
807 3949 861 4009 per
889 3948 990 3991 rerum
1019 3937 1153 3991 naturam
1177 3947 1236 3989 uon
1259 3937 1358 4009 potest
1380 3930 1423 3989 in·

129 4045 241 4090 ereum.

210 4231 224 4282 3
239 4234 271 4282 ait
287 4250 331 4285 nm.
350 4234 385 4295 A,
404 4235 465 4283 oud.
483 4254 501 4286 a
553 4237 569 4283 5
588 4234 717 4299 paullulum
735 4236 865 4300 siguificat
883 4238 1063 4301 uonpumtiuus
1081 4244 1251 4300 praeponatur
1269 4236 1424 4300 superlatiuo

157 4301 226 4364 utique
241 4306 364 4365 quomodo
381 4306 510 4370 positiuus
529 4304 659 4368 paululum
679 4308 809 4370 signitiuut
821 4307 846 4355 A
898 4308 914 4356 ll
932 4307 1010 4354 «lelius
1028 4307 1110 4368 oioopri
1128 4306 1152 4353 A
1204 4308 1221 4353 8
1236 4304 1284 4367 ost]
1306 4316 1330 4353 et
1344 4306 1427 4354 Ant*

209 4372 224 4419 ll
245 4377 329 4423 «tuctus
348 4376 459 4436 (doctior
476 4376 537 4427 udal.
559 4378 585 4424 v'u
608 4378 699 4440 marry.)
722 4377 762 4426 oet
783 4377 875 4427 stultus
894 4378 985 4438 qorouis
1005 4374 1192 4425 stultissimull
1216 4376 1305 4423 doetus
1328 4375 1426 4423 doctior

156 4442 243 4499 (quouis
256 4439 406 4502 :nouissimo
425 4444 487 4497 add.
506 4443 552 4504 ιθ)
573 4435 674 4494 stultior
700 4447 791 4509 quouis
812 4446 965 4495 strottissimo
984 4448 1008 4494 Α
1027 4449 1051 4495 iu
1071 4448 1147 4494 litura
1219 4445 1250 4494 10
1270 4445 1338 4494 olicas
1358 4444 1425 4509 quool

157 4509 226 4560 senior
243 4528 286 4578 pro
298 4530 376 4564 senex
395 4515 461 4563 (lixit
479 4515 597 4580 uirgiiius
614 4516 763 4580 plerumque
780 4515 816 4564 B:
834 4516 902 4577 quoii
922 4516 1008 4566 sevrior
1026 4532 1071 4581 pro
1086 4530 1165 4564 surrex
1181 4516 1246 4564 (lixit
1262 4515 1380 4580 uirgilius
1401 4517 1426 4564 ia

157 4592 253 4643 verpa
320 4582 432 4651 thiam]
458 4584 755 4649 Verp.Aen.v1304
827 4586 995 4635 oleevaieo
1011 4586 1152 4648 uiridisque
1170 4592 1287 4635 senectus
1306 4601 1323 4633 vv
1394 4584 1426 4635 19

158 4654 352 4715 nonpossumA
421 4654 455 4705 '20
480 4654 629 4704 ohorsiucA
700 4655 732 4705 vl
755 4656 963 4705 ruoilussieAC
1030 4655 1064 4705 26
1084 4666 1165 4704 tannen
1184 4665 1222 4705 εει
1241 4654 1308 4718 quud
1328 4656 1426 4703 dulcius

157 4716 225 4767 uiuus
243 4723 346 4785 positiuo
369 4722 499 4789 significet
523 4724 563 4773 orel
579 4726 711 4788 positione
729 4725 770 4775 B:
794 4724 862 4788 quod
882 4726 984 4774 dulcius
1008 4726 1091 4775 miuus
1119 4725 1229 4789 positiuo
1257 4725 1383 4790 siguificat
1401 4726 1425 4774 ivo

156 4801 259 4908 Qu
321 4793 568 4857 lssdulciusquam
585 4791 907 4844 BCo*=olnloiuoouv.A
978 4794 1345 4857 nrneuutoequtoemotoo
1367 4796 1427 4843 Lv‘rv-

248 4875 275 4911 or
