3525 5600
341 385 404 450 342
887 390 1089 452 CONSEN'l'll

350 494 535 548 ‚p.tuvt.ttl‘.

342 577 604 652 grammaticorum
628 581 707 633 recta
730 577 785 634 ista
803 575 909 635 divisio
925 583 985 644 est,
1009 582 1042 635 ut
1059 577 1177 635 nomina
1200 593 1405 655 quaecumque
1427 577 1544 655 propria
1565 596 1617 637 non

341 683 410 736 sunt
432 675 596 753 generalia,
621 676 650 735 id
675 683 719 734 est
742 674 932 755 appellativa,
956 676 1104 737 dicantur.

241 789 329 852 etto
426 778 603 856 conparatio
626 783 687 836 tres
709 777 818 853 gradus
840 776 945 847 habet,
968 780 1128 856 positivum
1144 778 1206 837 sive
1221 777 1403 846 absolutum,
1426 781 1619 858 quiquoniam

342 881 492 958 perlectus
514 885 574 947 est,
599 897 614 937 a
638 873 815 956 quibusdam
838 881 869 938 in
892 897 1017 939 numero
1039 879 1185 956 graduum
1199 897 1259 938 non
1273 886 1466 958 conputatur,
1489 887 1521 939 ut
1541 882 1619 941 lortis

341 981 461 1048 doctus,
485 982 727 1058 conparativum,
752 999 767 1039 a
788 999 849 1058 quo
871 980 994 1056 gradum
1018 983 1152 1059 incipere
1174 979 1293 1050 dicunt,
1321 989 1354 1041 nt
1376 981 1482 1040 sortior
1503 981 1639 1049 doctior&
1716 1032 1717 1035 ,

341 1083 568 1161 superlativum,
600 1089 631 1142 ut
659 1083 840 1141 fortissimus
868 1082 1067 1142 doctissimus.
1112 1089 1312 1160 conparantur
1340 1101 1376 1140 ea
1408 1081 1469 1142 sola
1500 1086 1617 1149 nomina,

341 1201 416 1262 quae
451 1191 501 1244 aut
532 1183 707 1262 qualitatem
740 1183 909 1258 significant
942 1191 993 1242 aut
1025 1185 1231 1262 quantitatem.
1275 1183 1328 1242 sed
1360 1202 1419 1244 non
1452 1187 1547 1244 omnia
1571 1204 1618 1263 per

341 1304 443 1345 omnes
470 1285 581 1362 gradus
608 1291 689 1344 eunt.
735 1283 891 1362 aliquando
922 1287 1001 1344 enim
1030 1287 1175 1363 positivus
1202 1285 1312 1362 gradus
1334 1292 1449 1344 tantum
1469 1287 1618 1351 invenitur,

342 1395 373 1446 ut
396 1387 570 1456 mediocris;
600 1385 758 1464 aliquando
785 1387 930 1462 positivus
958 1395 987 1445 et
1015 1389 1237 1464 conparativus,
1266 1393 1300 1445 ut
1321 1403 1411 1447 senex
1433 1389 1547 1456 senior;
1572 1387 1618 1446 ali·
1716 1456 1717 1463 ἵ

341 1489 458 1568 quando
481 1490 625 1567 positivus
648 1495 677 1547 et
699 1487 910 1566 superlativus,
935 1495 968 1547 ut
981 1491 1050 1566 pius
1066 1490 1234 1566 piissimus:
1257 1487 1418 1566 quodcum
1441 1489 1551 1555 evenit,
1571 1506 1649 1566 prou
1716 1470 1717 1565 l

341 1590 470 1651 secundo
493 1589 588 1666 gradu
610 1591 704 1665 magis
727 1588 900 1649 adverbium
923 1592 1075 1667 ponimus,
1099 1598 1133 1650 ut
1155 1591 1249 1665 magis
1270 1592 1352 1667 pius:
1382 1589 1538 1667 aliquando
1558 1608 1618 1648 coo·
1716 1578 1717 1599 ¹

340 1693 493 1770 parativus
515 1699 544 1752 et
567 1690 777 1770 superlativus,
802 1698 834 1750 ut
856 1689 982 1750 ulterior
1003 1690 1139 1760 ultimus;
1169 1690 1326 1770 aliquando
1348 1690 1544 1769 superlativus
1563 1697 1618 1749 tan-

341 1800 414 1862 tum,
439 1801 470 1854 ut
486 1794 673 1854 novissimus.
704 1799 787 1852 extra
809 1791 887 1851 hanc
909 1792 1035 1852 iormam
1056 1799 1125 1852 sunt
1147 1810 1183 1852 ea
1205 1811 1281 1871 quae
1303 1811 1363 1852 non
1386 1793 1553 1858 inllexione,
1574 1792 1619 1851 sed

342 1897 538 1954 inmutatione
557 1897 800 1972 conparationem
817 1900 1059 1971 repraesentant,
1077 1902 1111 1954 ut
1127 1893 1224 1953 bonus
1244 1893 1347 1953 malus.
1379 1896 1489 1953 namsi
1509 1893 1620 1952 ilectere
1716 1892 1717 1963 ᾗ

341 1995 414 2056 velis
436 1999 499 2074 ipsa
523 1995 654 2056 absoluta
678 1996 812 2063 nomina,
841 1997 1084 2073 conparationem
1105 1995 1227 2055 latinam
1249 2013 1308 2055 raon
1330 1996 1480 2063 invenies;
1512 1997 1538 2055 si
1558 2006 1650 2052 veron
1716 1978 1717 2041 l

342 2105 521 2158 transmutes
555 2098 657 2157 eadem
693 2097 828 2164 nomina,
867 2097 1006 2156 conficies
1038 2099 1300 2175 conparationem,
1334 2105 1368 2156 ut
1400 2096 1495 2156 bonus
1526 2094 1621 2154 melior
1716 2080 1717 2159 Ῐ

254 2243 258 2252 .
341 2201 485 2279 optimus,
510 2199 604 2260 malus
627 2201 710 2277 peior
732 2200 888 2276 pessimus.
932 2216 1002 2258 sane
1031 2198 1103 2259 illud
1126 2201 1205 2258 seire
1227 2197 1385 2266 debemus,
1408 2199 1620 2275 conparativum
1716 2190 1717 2233 t

341 2302 466 2379 gradum
498 2302 635 2361 leminini
667 2319 700 2360 ao
734 2300 889 2359 masculini
923 2302 1044 2376 generis
1073 2319 1193 2378 semper
1224 2317 1288 2359 esse
1316 2317 1513 2358 communem.
1557 2301 1622 2359 item
1716 2302 1717 2365 l

341 2405 418 2462 scire
452 2400 595 2462 slebemus
628 2403 850 2480 conparativum
883 2401 1008 2477 gradum
1040 2400 1167 2460 ablativo
1200 2398 1291 2481 calsui
1323 2403 1480 2478 utriusque
1513 2401 1621 2460 numeri

341 2506 425 2582 iungi
454 2502 578 2572 deluere,
607 2504 744 2582 quotiens
770 2503 900 2582 aliquem
927 2502 973 2561 vel
1003 2502 1099 2562 alieno
1128 2503 1173 2562 vel
1200 2520 1254 2562 suo
1282 2504 1385 2579 generi
1420 2515 1652 2579 conparamus:n
1716 2530 1717 2549 1

341 2606 470 2666 dicimus
503 2607 582 2664 enim
617 2605 743 2665 ‘Hector
774 2606 882 2664 sortior
911 2603 1071 2664 Diomede’
1105 2604 1149 2664 vel
1184 2602 1341 2663 ‘Troianis
1373 2603 1514 2664 audacior
1544 2604 1621 2662 luit’.

342 2714 470 2768 attamen
498 2709 705 2784 conparativus
733 2706 782 2765 hic
811 2704 922 2782 gradus
951 2707 1040 2766 etiam
1069 2708 1249 2766 nominativo
1270 2707 1419 2781 iungitur,
1443 2712 1477 2764 ut
1498 2705 1622 2764 ‘doctior
1716 2710 1717 2759 t

342 2810 390 2869 lric
423 2828 511 2887 quam
544 2809 622 2869 ille'.
673 2808 888 2886 superlativum
920 2826 990 2866 vero
1018 2807 1113 2886 palam
1141 2816 1186 2868 est
1213 2810 1346 2885 genitivo
1380 2814 1495 2867 tantum
1523 2793 1622 2885 plurali
1716 2849 1717 2890 ,

342 2912 424 2988 iungi
448 2918 602 2989 oportere;
625 2917 654 2969 et
677 2918 739 2969 tum
762 2910 817 2970 hoc
840 2910 967 2978 utimur,
991 2928 1058 2970 cum
1080 2910 1208 2989 aliquem
1230 2927 1299 2977 suo,
1328 2927 1387 2968 non
1410 2908 1506 2968 alieno
1526 2909 1622 2985 generi
1716 2911 1717 2932 ¹

342 3030 550 3091 conparamus‚
580 3019 613 3071 ut
634 3010 761 3070 ‘ilector
789 3012 971 3071 fortissimus
992 3010 1188 3071 Troianorum
1216 3012 1301 3071 luit'.
1345 3010 1396 3070 hic
1423 3010 1503 3070 idem
1526 3020 1655 3088 super-tt
1716 3025 1717 3076 t

341 3114 447 3175 lativus
469 3112 643 3191 plerumque
672 3130 727 3191 pro
755 3114 882 3191 positivo
911 3113 1031 3189 ponitur
1063 3132 1119 3173 nee
1141 3121 1335 3191 conparatur,
1359 3118 1393 3171 ut
1415 3130 1482 3171 eum
1506 3112 1624 3171 dicimus

341 3213 475 3292 luppiter
508 3216 639 3293 optimus
673 3216 827 3274 maximus.
872 3214 1021 3273 interdum
1054 3218 1263 3293 comparativus
1294 3214 1405 3290 gradus
1437 3214 1622 3292 praeponitur
1716 3237 1717 3256 t

342 3314 536 3392 superlativo,
567 3323 598 3375 ut
627 3315 744 3389 stultior
768 3316 943 3376 stultissimo
965 3322 996 3373 et
1019 3316 1113 3373 maior
1135 3318 1273 3375 maximo.
1318 3318 1389 3374 item
1411 3316 1622 3393 conparativus,

342 3418 476 3494 quamvis
499 3419 624 3496 recipiat
646 3420 903 3496 conparationem,
928 3436 1015 3495 saepe
1038 3418 1137 3489 minus
1159 3436 1175 3476 a
1197 3418 1322 3495 positivo
1345 3417 1510 3493 significat,
1533 3422 1565 3475 ut
1584 3421 1623 3473 est
1716 3437 1717 3446 ¹

341 3520 457 3579 ‘mare
487 3517 678 3579 Ponticum
712 3518 860 3578 dulcius
892 3528 998 3597 qua'm
1031 3521 1185 3585 eetera’,
1219 3518 1250 3577 id
1278 3524 1325 3577 est
1350 3520 1451 3577 minus
1481 3528 1655 3576 asnarum2o

340 3622 440 3679 minus
463 3621 542 3679 enim
566 3626 610 3677 cst
633 3619 710 3697 quod
734 3619 809 3679 dixit
831 3620 962 3689 dulcius,
986 3638 1073 3698 quam
1096 3621 1121 3677 si
1140 3618 1265 3678 dixisset
1281 3618 1380 3679 dulce:
1404 3619 1575 3677 ‘tristior
1593 3625 1623 3675 et
1716 3613 1717 3626 ¹

342 3721 514 3781 lacrimis
537 3740 563 3779 o.
588 3738 610 3779 s.
635 3722 678 3779 n.'
702 3720 732 3779 id
756 3729 801 3781 est
822 3722 921 3782 miuus
942 3720 1028 3781 laeta.
1073 3722 1152 3780 idem
1179 3723 1255 3780 citra
1278 3720 1367 3781 ullam
1388 3722 1624 3797 conparationem

341 3841 396 3901 pro
418 3824 545 3901 positivo
567 3822 716 3881 interdum
740 3824 853 3899 positus
876 3826 975 3882 minus
996 3824 1122 3900 positivo
1144 3822 1305 3899 significat,
1330 3828 1363 3881 ut
1384 3829 1430 3881 est

494 3926 564 3983 iam
588 3926 728 3992 senior,
759 3924 820 3983 sed
843 3924 958 3985 cruda
981 3924 1048 3983 dea
1064 3924 1282 4009 viridisque
1305 3930 1497 3984 senectus:

331 4025 409 4103 plus
431 4026 511 4085 onim
533 4028 733 4099 demulceret,
764 4027 789 4083 si
812 4024 937 4085 dixisset
959 4026 1017 4084 iam
1041 4043 1141 4084 senex.
1182 4026 1374 4103 rorrparativo
1396 4031 1427 4083 et
1450 4024 1658 4102 superlativas

343 4134 400 4187 tarn
427 4124 529 4205 [adeo]
561 4128 654 4203 magis
681 4128 806 4187 maxime
836 4128 934 4186 minus
962 4128 1085 4186 minimo
1108 4127 1185 4187 adici
1209 4145 1267 4187 nou
1289 4132 1421 4204 oportet:
1457 4125 1532 4185 haee
1553 4127 1627 4185 enirn

341 4230 468 4306 positivo
483 4234 598 4287 tantum
615 4226 777 4296 adduntur,
801 4229 870 4305 quia
894 4234 952 4286 tam
978 4225 1081 4307 [arleo]
1099 4229 1195 4304 magis
1214 4228 1341 4287 maxime
1364 4244 1420 4305 pro
1442 4228 1628 4306 conparativo
1716 4251 1717 4322 q

410 4434 612 4497 lnonputntor
631 4430 663 4481 M
730 4431 813 4479 'lnon
832 4430 917 4479 onvois
936 4432 1100 4497 nominaper
1119 4430 1168 4491 11⁴
1195 4430 1227 4481 13
1243 4430 1398 4479 inlleetionis
1416 4440 1441 4479 et
1461 4429 1629 4479 inmotstioois
1716 4439 1717 4494 t

341 4503 548 4566 conparationem
567 4502 601 4551 M
622 4500 778 4551 inflectiones
800 4508 828 4566 ,et
851 4500 1030 4549 tumulationes
1048 4500 1258 4565 conparationem
1274 4500 1331 4549 BL
1418 4499 1450 4549 18
1468 4514 1570 4565 semper
1586 4513 1626 4547 oar.

343 4571 398 4619 nt
467 4570 501 4621 20
517 4573 605 4637 gerreri
624 4587 670 4623 om.
686 4571 715 4619 M
784 4570 818 4620 22
835 4584 864 4618 ac
881 4579 965 4619 tamen
981 4570 1011 4617 M
1081 4570 1116 4620 28
1134 4568 1204 4635 item]
1223 4569 1349 4619 interdurn
1368 4567 1400 4617 M
1468 4568 1504 4619 29
1522 4578 1629 4618 utmsre

343 4638 386 4689 M:
402 4640 438 4702 ef.
459 4642 523 4695 Dora.
542 4656 568 4703 p.
588 4640 647 4701 374,
666 4639 700 4690 29
757 4638 788 4689 31
811 4639 893 4688 minos
908 4647 948 4689 est
962 4640 1029 4688 enim
1048 4640 1117 4703 quod
1136 4639 1203 4689 dixit
1219 4640 1320 4690 dulcius
1339 4653 1415 4701 quum
1432 4638 1544 4687 dixisset
1560 4637 1629 4686 dolce

342 4719 381 4758 est
399 4709 431 4758 M
501 4707 606 4775 tristior]
632 4708 796 4775 Verp.Aen.
818 4708 898 4759 1228
968 4706 1001 4758 32
1017 4706 1096 4774 idem]
1117 4708 1172 4772 td÷
1194 4708 1220 4758 B
1300 4706 1336 4758 33
1353 4705 1465 4773 positus]
1487 4707 1585 4773 coepti
1602 4704 1631 4754 M

412 4776 445 4827 34
461 4776 522 4842 iorn]
547 4780 626 4843 Verp.
646 4779 712 4833 Aen.
730 4778 763 4827 Vl
781 4776 833 4827 304
904 4777 937 4829 35
956 4778 1015 4842 plus
1033 4780 1101 4827 enim
1118 4779 1141 4826 si
1160 4778 1269 4828 dixisset
1286 4777 1342 4827 BL
1360 4777 1419 4841 plus
1436 4778 1507 4827 enin
1526 4778 1630 4826 dixisset
1716 4823 1718 4846 v

344 4844 376 4895 M
410 4845 582 4897 3dodeoom.
599 4850 622 4896 L
657 4848 690 4898 37
704 4850 762 4911 qnia
775 4848 839 4896 odeo
853 4856 902 4897 tam
917 4847 1108 4913 mogiqunia
1121 4857 1172 4897 tam
1188 4848 1266 4913 (adeo
1280 4862 1407 4909 superscr.
1422 4844 1468 4910 M)
1480 4847 1566 4913 magis
1578 4844 1629 4894 ML
