3525 5600
762 371 834 434 ,tus
1380 371 1441 436 367

1248 493 1269 533 p.
1283 482 1379 522 eonem
1392 481 1415 521 r.

169 562 309 624 femininis
337 569 403 639 apta
433 568 516 621 sunt:
545 569 665 630 neutra,
694 578 762 622 cunr
785 563 849 621 eius
872 561 950 620 modi
974 578 1022 620 res
1044 561 1265 639 significantur,
1289 569 1321 620 ut
1343 579 1440 641 neque

169 663 317 726 masculino
344 680 442 742 neque
470 663 615 723 feminino
643 665 746 740 generi
775 665 896 743 proprie
924 663 1068 743 adplicari
1098 664 1224 742 possint.
1269 665 1346 722 seire
1370 682 1440 727 saue

168 765 297 826 debemus
323 783 383 824 non
410 764 507 825 solum
529 783 631 825 omnes
653 766 717 826 iere
740 772 840 845 partes
862 767 1020 834 orationis,
1044 765 1097 825 sed
1118 766 1267 842 integram
1289 766 1440 827 interdum

167 870 316 929 orationem
332 866 417 926 verbi
433 868 552 928 nomine
574 867 669 928 solere
692 870 824 937 censeri,
847 867 973 946 ideoque
995 873 1026 926 et
1046 865 1136 926 rerba
1159 868 1267 926 iecisse
1289 867 1349 928 dici
1372 887 1440 928 eum

146 974 210 1052 aqui
230 971 341 1030 locutus
370 971 424 1039 sit;
453 977 669 1049 proptereaque
697 969 786 1030 verba
814 969 958 1048 appellata
986 968 1140 1038 dicuntur,
1164 971 1304 1048 quoniam
1326 970 1441 1030 scilicet

166 1075 249 1134 oratio
270 1073 335 1132 fieri
358 1089 417 1132 non
439 1073 533 1150 possit
554 1072 614 1132 nisi
637 1076 705 1132 atre
722 1071 888 1132 verberato.
919 1071 971 1131 sed
993 1071 1073 1132 aliud
1096 1078 1155 1140 cst,
1179 1089 1247 1131 cum
1269 1071 1440 1151 specialiter

167 1193 243 1234 unam
263 1179 377 1252 partem
400 1175 544 1234 orationis
565 1172 697 1252 intellegi
720 1171 870 1242 volumus,
895 1172 932 1232 de
954 1191 1012 1251 qua
1033 1191 1113 1233 nunc
1133 1172 1292 1252 loquimur.

238 1274 333 1335 Verbo
356 1275 494 1336 accidunt
516 1283 644 1355 septem,
668 1293 777 1352 genus,
807 1274 886 1354 quod
913 1274 1033 1354 quidam
1055 1276 1303 1352 significationem
1325 1283 1439 1345 vocant,

165 1377 279 1458 qualitas
305 1385 424 1456 tempus
451 1395 593 1438 numerus
620 1378 714 1454 dgrrra
742 1396 869 1457 persona
897 1377 1077 1454 coniugatio.
1122 1376 1174 1436 sed
1200 1378 1375 1456 priusquam
1403 1378 1439 1438 dc

136 1478 279 1557 osingulis
301 1479 450 1550 dicamus,
473 1480 545 1540 illud
561 1478 741 1557 generaliter
757 1479 974 1540 admonendum
990 1484 1048 1548 est,
1072 1479 1150 1558 quod
1172 1497 1228 1558 per
1249 1498 1353 1540 omncs
1375 1482 1439 1540 lere

164 1589 253 1661 partes
279 1600 354 1661 quac
382 1580 473 1642 verbo
502 1583 640 1642 accidunt
663 1580 753 1642 rerba
776 1581 933 1650 deliciunt,
957 1587 990 1640 ut
1012 1580 1067 1641 sub
1090 1581 1138 1641 his
1161 1582 1234 1660 ipsis
1256 1581 1439 1643 demonstra·

165 1683 261 1744 bimus
304 1684 448 1762 quaedam
473 1691 570 1744 tamen
592 1682 683 1744 verba
712 1702 771 1744 non
797 1683 891 1744 solum
918 1685 951 1744 in
978 1683 1109 1760 singulas
1131 1690 1247 1762 partes,
1272 1683 1322 1744 sed
1345 1689 1438 1746 inter·

164 1785 224 1846 dum
244 1787 274 1846 in
295 1786 398 1865 plures
420 1787 565 1847 defectiva
587 1793 665 1847 sunt.

237 1887 350 1948 Genera
380 1890 442 1948 sire
470 1889 701 1966 significationes
729 1889 860 1967 quinque
889 1895 973 1956 sunt,
1001 1889 1145 1957 activum,
1174 1894 1207 1946 ut
1233 1887 1300 1966 lego
1328 1888 1438 1959 scribo,
1451 1893 1536 1956 383‚l

134 2015 152 2052 m
164 1992 314 2069 passivum,
344 1997 379 2050 ut
404 1991 487 2068 legor
509 1989 639 2059 scribor,
669 1987 818 2059 neutrale,
842 1996 874 2050 ut
897 1996 942 2050 sto
964 2008 1067 2058 curro,
1091 1989 1258 2068 deponens,
1282 1997 1315 2050 ut
1336 1990 1439 2071 loquor

162 2091 259 2161 luctor,
291 2075 461 2162 commune,
495 2099 529 2152 ut
561 2090 697 2152 consolor
736 2092 891 2152 calminor.
936 2090 1044 2150 horum
1077 2093 1209 2152 omnium
1240 2095 1441 2171 proprietates

163 2197 199 2254 sie
218 2195 426 2272 intellegimus.
471 2196 565 2254 activa
588 2201 658 2254 suut
679 2211 755 2272 quae
778 2211 795 2251 ο
817 2193 918 2252 littera
940 2194 1140 2253 terminantur
1167 2200 1210 2262 et,
1239 2196 1265 2253 si
1293 2196 1440 2273 accipiant

163 2295 331 2366 rlitterann,
355 2297 527 2356 faciuntea
550 2313 580 2354 se
604 2297 735 2376 passiva,
759 2302 791 2355 ut
812 2295 878 2372 lego
901 2293 1000 2372 legor,
1029 2294 1130 2354 scribo
1151 2294 1278 2356 scribor.
1322 2298 1438 2376 passiva

163 2405 222 2458 sunt
248 2417 321 2478 quae
350 2417 366 2458 r
394 2397 494 2459 littera
522 2399 721 2458 terminantur
743 2403 787 2466 et,
818 2398 842 2456 si
866 2412 932 2457 eam
954 2398 1105 2466 amittant,
1130 2397 1257 2457 redeunt
1278 2399 1310 2458 in
1332 2400 1438 2469 activa,

132 2507 191 2574 qut
213 2499 292 2578 legor
320 2500 401 2578 lego,
430 2498 546 2560 scribor
577 2497 687 2559 scribo.
732 2497 783 2558 sed
812 2499 885 2560 lracc
913 2498 1087 2579 plerumque
1117 2500 1349 2577 significationes
1371 2518 1440 2560 suas

162 2608 278 2670 uiuunt,
313 2609 345 2662 ut
378 2619 447 2662 ecoe
483 2599 648 2680 [intellectu
670 2599 801 2680 passivo]
831 2602 914 2678 fugio
942 2602 1042 2661 timeo.
1076 2619 1145 2661 nam
1172 2603 1223 2680 qui
1254 2600 1438 2678 ‹licitfogio

163 2705 242 2763 timeo
263 2705 347 2783 quasi
370 2705 496 2783 patitur,
520 2721 587 2764 curn
610 2703 768 2763 declinatio
783 2705 878 2764 activa
901 2704 949 2762 sit.
993 2709 1023 2762 et
1045 2710 1147 2764 contra
1170 2705 1221 2782 qui
1244 2702 1318 2763 dicit
1339 2703 1438 2780 fugior

161 2808 259 2867 timeor
293 2808 377 2885 quasi
413 2808 538 2867 actionis
571 2800 673 2867 riescio
706 2806 777 2885 quid
811 2806 973 2883 significat:
1009 2813 1093 2866 actus
1123 2808 1203 2866 enirn
1237 2813 1284 2866 est
1316 2806 1438 2885 quidam

162 2910 218 2968 citis
243 2910 293 2987 qui
321 2909 435 2985 fugitur
463 2909 508 2969 rcl
535 2910 586 2988 qui
617 2910 746 2969 timetur.
792 2908 864 2967 haec
894 2907 1109 2968 consideranda
1137 2915 1205 2968 sunt
1226 2907 1386 2985 diligenter
1408 2915 1438 2968 et

131 3028 208 3087 gper
228 3028 328 3071 ornnes
350 3011 452 3071 modos
480 3010 710 3071 declinationum
739 3027 858 3071 suarum
888 3009 1163 3078 animadvertenda,
1191 3006 1301 3090 ultrum
1324 3010 1439 3070 scilicet

161 3112 250 3172 omnia
272 3130 413 3173 conversa
440 3112 656 3189 significatione
685 3112 857 3190 procedant.
902 3119 1008 3172 neutra
1029 3118 1097 3172 sunt
1119 3129 1194 3191 quae
1216 3130 1234 3170 ο
1255 3112 1355 3172 littera
1378 3119 1437 3171 ter-

162 3216 302 3275 minantur
322 3222 364 3282 et,
389 3216 414 3275 si
438 3216 585 3292 accipiant
606 3232 622 3273 r
644 3214 788 3283 litteram,
812 3214 902 3274 latina
924 3232 983 3273 non
1006 3220 1089 3281 sunt,
1119 3219 1152 3274 ut
1173 3220 1219 3272 sto
1242 3231 1345 3273 curro:
1379 3232 1438 3273 non

162 3318 233 3376 enirn
253 3316 377 3377 latinum
407 3322 451 3376 est
479 3323 541 3376 stor
563 3334 677 3377 curren.
722 3317 900 3396 deponentia
922 3322 991 3375 sunt
1012 3333 1126 3395 quaen
1153 3316 1254 3376 littera
1275 3317 1437 3375 terminan-

162 3424 203 3477 tur
222 3424 264 3487 ei,
287 3420 311 3478 si
336 3436 401 3478 eam
424 3420 574 3487 amittant,
598 3418 689 3479 latina
711 3436 770 3477 non
794 3425 876 3487 sunt,
901 3424 933 3477 ut
954 3417 1058 3497 loquor
1080 3416 1246 3478 conlector:
1275 3420 1438 3477 nonenim

131 3518 276 3593 ³⁰latinum
297 3524 342 3579 est
363 3520 450 3599 loquo
474 3528 523 3581 aut
545 3520 690 3580 conlucto.
736 3522 903 3581 communia
925 3527 994 3581 sunt
1015 3536 1090 3599 quae
1112 3537 1128 3578 r
1155 3517 1256 3579 littera
1279 3521 1437 3579 terminata

160 3622 276 3681 induas
303 3622 415 3681 lormas
443 3621 551 3681 cadunt
578 3623 720 3701 patientis
750 3629 780 3682 et
802 3624 931 3699 agentis,
955 3629 987 3682 ut
1009 3620 1145 3681 consolor
1167 3623 1319 3681 criminor.
1364 3621 1437 3682 lraec

161 3725 232 3783 enim
254 3726 354 3803 specie
379 3728 492 3783 tantum
513 3725 630 3801 passiva
653 3724 852 3793 declinantur,
876 3724 928 3784 sed
952 3725 1045 3784 activa
1068 3725 1244 3802 significatio
1266 3744 1367 3785 casum
1389 3743 1436 3784 ac·

160 3827 313 3885 casalinum
336 3826 486 3904 sequitur;
516 3825 643 3886 dicimus
671 3827 750 3887 enim
778 3826 915 3887 consolor
940 3827 1079 3894 fratrem,
1103 3828 1246 3887 criminor
1267 3828 1435 3887 inimicum:

161 3929 265 4004 passiva
287 3946 357 3987 reno
381 3926 555 3995 ablativum,
578 3933 612 3987 ut
634 3927 769 3989 consolor
791 3948 807 3988 a
829 3929 938 3997 fratre,
962 3930 1105 3988 criminor
1128 3926 1165 3987 ab
1187 3930 1319 3989 inimico.
1364 3927 1435 3989 illud

220 4098 235 4145 4
254 4096 363 4160 ideoque
378 4096 455 4146 uerba
475 4096 568 4147 leclsse
588 4112 645 4146 euin
665 4098 707 4161 qui
724 4097 823 4147 locutus
841 4098 875 4146 sit
892 4098 978 4148 dicunt
996 4098 1027 4147 M
1097 4100 1113 4149 5
1131 4096 1260 4163 appellata
1277 4098 1394 4147 dicuntur
1413 4099 1437 4147 B

161 4166 277 4231 appellata
294 4174 355 4217 suut
370 4166 401 4215 M
418 4174 477 4216 sunt
495 4166 622 4232 appellate
643 4167 667 4215 L
754 4166 785 4218 16
805 4168 924 4218 consulor
940 4167 1006 4218 BM
1011 4167 1035 4215 L
1121 4168 1152 4217 17
1173 4175 1198 4216 et
1211 4184 1257 4219 om.
1275 4165 1336 4218 ΒΜ
1343 4166 1368 4215 L

163 4235 189 4285 18
204 4237 304 4301 passius
322 4264 357 4273 -
375 4234 409 4286 20
421 4236 504 4288 scribo
520 4252 565 4287 om.
580 4236 605 4285 B
653 4236 686 4287 19
703 4238 867 4286 terminantur
886 4238 909 4289 si
926 4252 982 4286 enm
1001 4238 1116 4288 amittant
1135 4245 1159 4285 et
1177 4238 1281 4287 redeant
1301 4237 1335 4286 M
1350 4238 1436 4286 termi-
1458 4286 1461 4293 ,

162 4315 242 4357 reantur
261 4316 285 4357 et
308 4322 363 4356 eam
386 4307 500 4357 amittent
518 4306 622 4355 redeant
640 4306 664 4357 L
735 4304 768 4355 20
791 4306 836 4355 sed
855 4308 879 4355 in
900 4306 947 4356 hac
966 4307 1000 4357 M
1015 4308 1061 4356 sed
1077 4308 1103 4355 in
1121 4307 1169 4356 hoc
1181 4307 1237 4356 BL
1305 4309 1338 4358 21
1362 4308 1436 4357 intel-

161 4374 217 4424 lectu
232 4378 335 4440 passivo
351 4393 397 4428 om.
413 4376 475 4426 ML
545 4377 578 4425 22
594 4378 668 4439 qnasi
687 4376 730 4439 qui
748 4376 841 4442 patitur
856 4375 888 4425 M
956 4378 989 4427 23
1009 4377 1081 4440 quasi
1097 4377 1195 4427 actione
1213 4378 1297 4427 nescio
1317 4377 1384 4441 (selo
1398 4376 1435 4439 L)

162 4446 215 4507 quid
232 4446 284 4495 BL
302 4448 376 4510 quasi
394 4446 478 4496 aeliae
501 4461 594 4513 genere
612 4447 719 4496 dixisset
737 4446 822 4495 nescio
842 4446 904 4509 quid
926 4446 1068 4510 (adscripto
1089 4450 1115 4496 in
1130 4462 1210 4510 marg.
1230 4463 1309 4510 quare
1326 4447 1385 4505 hoe)
1405 4447 1435 4496 M

221 4516 252 4565 25
270 4516 495 4567 animaduertenda
514 4524 572 4565 stent
590 4526 673 4567 utrum
693 4515 723 4564 M
791 4514 825 4564 26
840 4517 1007 4567 terminentur
1018 4518 1041 4565 si
1054 4515 1116 4565 ML
1134 4516 1209 4565 terrui
1224 4518 1247 4565 si
1260 4518 1285 4566 B
1303 4518 1436 4567 terminata

162 4583 180 4631 si
193 4582 325 4637 Sicdardue
408 4586 442 4637 29
462 4596 486 4636 et
505 4602 550 4637 om.
569 4585 661 4635 BML
745 4584 848 4635 301000
868 4596 912 4635 out
930 4587 1044 4637 conlecto
1064 4585 1094 4634 M
1113 4586 1188 4648 loquo
1207 4595 1232 4635 et
1249 4587 1364 4636 conlucto
1379 4588 1434 4637 BL

222 4654 253 4705 31
272 4656 496 4706 consulorBML
546 4655 579 4707 32
597 4662 691 4706 tantum
712 4656 872 4724 pessimorum
891 4656 924 4705 M
972 4656 1056 4707 uotiua
1070 4662 1108 4706 est
1123 4656 1273 4721 significatio
1291 4658 1334 4708 L:
1352 4658 1436 4707 aetiue'e

162 4724 362 4786 significationem
381 4728 443 4777 casia
464 4727 543 4792 (corr.
560 4724 646 4791 casus)
662 4742 746 4779 accras.
764 4728 878 4790 sequitur
897 4727 930 4776 M
998 4725 1031 4778 33
1051 4726 1238 4777 consulorBL
1290 4724 1433 4793 inimicum]

164 4790 255 4843 tratrem
269 4796 322 4845 BL
392 4796 427 4847 34
444 4797 550 4863 passiua
568 4811 628 4846 uero
646 4798 783 4847 oblatiuum
802 4796 827 4845 B
838 4796 869 4845 M
876 4799 899 4847 L
920 4796 1051 4862 passimam
1069 4812 1130 4847 uero
1146 4797 1272 4849 ablatiuus
1290 4815 1313 4849 m
1365 4797 1434 4848 abla-

162 4862 233 4914 tiuum
251 4872 345 4917 tantona
361 4866 386 4917 B
457 4866 574 4917 consulor
591 4867 644 4917 BL
714 4867 745 4916 ab
764 4865 877 4938 inimico]
899 4867 1078 4918 airatreBL
