3525 5600
662 405 897 468 cottttntttvttt
1369 409 1427 472 101

1258 529 1279 571 p.
1293 521 1368 558 13-15
1382 519 1404 558 L.

224 592 417 656 Sentitoeales
445 594 542 655 dictae
569 600 651 663 sunt,
683 595 766 673 qnia,
796 596 821 654 si
848 594 988 656 detrahas
1011 598 1055 656 eis
1077 595 1222 667 vocalem,
1252 597 1362 659 liabent
1384 599 1501 672 veltet,
1517 615 1547 663 to

147 710 256 762 tennem
273 715 379 758 sonum
395 697 440 757 vel
463 695 583 756 sibilum
599 695 758 775 quendam.
788 707 820 756 ut
842 699 866 756 si
890 697 971 758 dicas
994 717 1039 767 es,
1063 697 1133 758 tolle
1155 699 1224 758 intle
1248 719 1264 760 e
1286 703 1427 771 vocalem,
1442 681 1500 743 ⁵²⁰*
1516 685 1546 730 ¹²

146 809 225 862 sonat
246 800 363 880 quidam
391 798 509 868 sibilus,
538 798 659 877 quiclatn
684 817 785 859 sonus.
824 798 893 858 ideo
920 818 991 876 ergo
1019 800 1114 860 dictae
1137 813 1205 863 sunt
1227 801 1427 872 semivocales,

144 905 206 983 quia
227 903 315 962 semis
337 901 448 962 habent
470 899 508 960 de
529 919 615 968 vnce,
637 900 667 962 id
691 908 736 962 est
757 899 803 960 vel
826 901 954 961 metliam
984 910 1097 980 partem
1123 907 1200 964 vocis
1222 903 1342 965 liabent.
1379 906 1427 965 alii

122 1007 194 1067 salia
215 1005 327 1065 ratione
350 1002 542 1065 semivocales
562 1003 656 1063 dictas
679 1021 745 1062 esse
767 1003 883 1073 dicunt,
908 1003 973 1082 qttia
998 1007 1087 1063 semis
1106 1004 1214 1066 habent
1229 1006 1265 1066 tle
1282 1014 1426 1085 potestate

143 1106 284 1166 vocalium.
330 1104 446 1166 vocales
469 1105 548 1164 enim
571 1123 625 1185 per
645 1123 678 1164 se
705 1114 812 1164 sonant
833 1113 863 1166 et
883 1123 938 1184 per
960 1123 993 1164 se
1015 1105 1155 1184 syllabam
1185 1109 1311 1176 iaciunt;
1339 1111 1426 1170 senti-

143 1209 249 1270 vooales
275 1227 330 1287 per
358 1227 391 1268 se
419 1207 538 1285 quidem
568 1214 688 1277 sonant,
717 1207 769 1266 secl
797 1225 852 1286 per
880 1226 913 1268 se
942 1205 1083 1287 syllabam
1108 1227 1165 1268 nott
1190 1210 1310 1270 iaciunt.
1355 1230 1425 1288 ergo

144 1311 215 1393 qnod
241 1329 327 1372 unam
357 1319 472 1390 partem
502 1308 627 1378 habent,
657 1327 745 1370 unam
769 1327 828 1369 non
852 1308 976 1377 habent,
1000 1309 1067 1369 itleo
1090 1309 1185 1371 dictae
1208 1320 1277 1372 sunt
1300 1315 1425 1372 semivo-

144 1414 228 1482 cales,
255 1411 333 1492 qnod
355 1412 446 1472 semis
468 1409 579 1470 hahent
600 1411 637 1471 tle
659 1417 805 1490 potestate
827 1410 981 1470 vocalium.
1028 1409 1165 1472 dicuntur
1194 1423 1291 1473 autern
1315 1415 1368 1484 ita,
1394 1422 1425 1476 nt

115 1517 275 1594 reincipiant
296 1534 312 1575 a
335 1512 430 1574 vocali
452 1520 481 1572 et
503 1512 640 1572 desittnnt
661 1515 693 1572 in
715 1511 880 1572 naturalem
909 1531 1014 1572 sonum
1046 1513 1079 1588 (si
1102 1513 1188 1574 aliter
1211 1514 1335 1583 dixeris.
1366 1534 1422 1576 non

146 1626 224 1679 erunt
243 1619 298 1678 iatn
321 1614 539 1690 semivocales),
568 1623 602 1675 ut
629 1623 674 1676 est
696 1615 727 1673 ei
752 1633 785 1675 es
806 1616 845 1674 ix.
891 1631 962 1692 ergo
985 1615 1175 1676 semivocales
1197 1619 1236 1678 ita
1261 1636 1293 1677 se
1316 1616 1524 1692 haberentet

146 1721 272 1780 inchoare
293 1737 309 1778 a
332 1717 425 1779 vocali
447 1736 520 1778 sono
543 1725 573 1778 et
594 1715 732 1776 desinere
753 1717 783 1776 in
808 1715 970 1776 naturalem
994 1735 1109 1779 sonum.
1147 1725 1245 1779 mutae
1268 1741 1284 1779 e
1307 1729 1423 1781 contra·
1438 1702 1495 1763 5²⁰²
1511 1702 1541 1752 18

147 1825 187 1882 rio
207 1821 341 1881 inchoant
362 1840 378 1882 a
402 1819 529 1881 naturali
551 1837 624 1879 sono
647 1827 676 1879 et
698 1817 839 1878 desinunt
860 1820 890 1878 in
913 1818 1042 1880 vocalem
1066 1839 1185 1888 sonunt,
1209 1831 1242 1882 ut
1265 1830 1307 1908 est
1332 1821 1367 1882 lte
1390 1843 1423 1883 ce

147 1924 177 1984 de
197 1943 230 2002 ge
251 1923 287 1983 lta
309 1923 345 1984 lta
370 1941 407 2002 pe
431 1939 468 2000 qu
491 1928 529 1982 te.
576 1938 652 1998 qnae
675 1937 746 1997 ergo
768 1918 865 1980 littera
888 1922 1098 2000 praeponenda
1122 1907 1217 1984 estin
1240 1924 1422 1986 semivocali-

116 2025 195 2088 atus
214 2024 255 2084 vel
277 2024 485 2104 postponenda
507 2025 537 2084 in
560 2017 667 2083 mutis?
694 2039 711 2080 e
738 2029 852 2082 tantum
876 2022 964 2082 modo
988 2021 1063 2092 sola.
1094 2033 1217 2104 utputa
1241 2027 1271 2086 el
1291 2035 1319 2086 et
1341 2028 1355 2087 1
1375 2047 1422 2086 so·

145 2137 202 2196 nat,
229 2127 253 2187 el
276 2134 305 2187 et
325 2125 335 2186 l
359 2133 458 2194 sonat,
488 2144 521 2185 er
544 2133 576 2184 et
595 2143 611 2185 r
633 2131 735 2192 sonat,
765 2141 797 2183 es
819 2132 848 2183 et
870 2143 885 2183 s
907 2133 1005 2194 sonat,
1036 2144 1081 2186 em
1106 2133 1135 2186 et
1158 2145 1186 2187 tn
1210 2137 1308 2198 sonat,
1334 2149 1369 2189 en
1394 2139 1424 2188 et

146 2249 161 2290 n
181 2241 260 2291 sonat
283 2227 326 2309 [u
349 2237 378 2289 et
400 2247 419 2288 ι
441 2225 552 2306 sonat].
598 2243 670 2303 ergo
692 2227 723 2286 in
746 2225 972 2286 semivocalibus
995 2247 1011 2286 e
1033 2229 1241 2307 praeponenda
1267 2239 1319 2290 est.
1351 2232 1421 2290 item

144 2334 169 2393 in
194 2334 277 2392 mutis
304 2329 399 2391 bed
429 2329 564 2391 similiter
592 2346 609 2388 e
637 2326 842 2407 postponenda
872 2337 925 2388 est.
969 2329 1020 2390 sed
1049 2339 1116 2389 sunt
1142 2328 1257 2410 aliquae
1286 2331 1418 2410 litterae

144 2451 209 2510 quae
229 2451 323 2512 neque
346 2431 383 2494 ab
407 2449 423 2490 e
444 2429 586 2490 inchoant
609 2446 705 2506 neque
727 2431 758 2488 in
781 2449 798 2492 e
820 2429 968 2491 desinunt.
1015 2431 1070 2490 hae
1098 2430 1213 2492 litterae
1242 2431 1419 2494 calumniam

114 2538 297 2618 spatiuntur,
321 2543 354 2595 ut
376 2540 423 2593 est
444 2551 471 2592 ιι.
516 2530 629 2591 ideireo
652 2550 711 2592 non
734 2531 831 2592 littera
855 2531 977 2602 dieitur,
1003 2532 1056 2592 secl
1079 2531 1187 2611 duplex
1212 2535 1317 2595 littera.
1349 2536 1367 2596 k
1391 2543 1420 2595 et

144 2655 265 2716 queque
293 2635 330 2698 ab
357 2655 375 2695 e
402 2634 543 2696 inchoant
570 2651 667 2712 neque
689 2635 719 2694 in
744 2653 760 2694 e
783 2634 931 2695 desinunt.
977 2634 995 2694 Ιι
1020 2642 1049 2695 et
1076 2637 1130 2695 ista
1159 2635 1295 2696 similiter
1318 2639 1346 2697 in
1371 2657 1418 2697 ca·
1503 2705 1511 2718 ἱ

142 2738 271 2801 lumniam
293 2739 383 2800 venit.
429 2737 541 2797 itleireo
564 2735 704 2796 dicuntur
726 2758 746 2794 a
769 2735 880 2796 habent
903 2735 947 2796 vel
970 2735 1096 2796 metliatn
1120 2747 1235 2817 partem
1258 2741 1345 2809 vocis,
1369 2748 1420 2801 aut

142 2850 211 2903 terte
232 2843 369 2921 qnoniam
391 2842 481 2901 semis
504 2838 613 2900 habent
634 2840 672 2899 de
693 2845 839 2918 potestate
862 2838 1015 2901 vocalium.

213 2945 307 3005 llatae
336 2948 435 3004 autem
463 2940 531 3001 ideo
561 2941 656 3002 dietae
678 2944 760 3012 sunt‘,
791 2942 874 3019 quia,
899 2943 923 3001 si
947 2942 1084 3002 detrahas
1107 2940 1165 3001 illis
1187 2941 1334 3012 vocalem,
1358 2958 1536 3008 nonnette

115 3054 235 3107 assonant
255 3047 384 3125 penitus.
429 3061 501 3121 ergo
523 3042 591 3103 iden
613 3043 709 3103 dictae
731 3042 936 3111 semivocales,
962 3044 1038 3120 quoti
1062 3044 1193 3105 detracta
1215 3046 1307 3105 vocali
1331 3048 1419 3106 semis
1433 3028 1490 3084 ⁵²³⁰r
1505 3028 1535 3076 ¹⁶

143 3146 315 3208 habeantne
338 3164 425 3216 voce,
448 3146 517 3205 itleo
539 3154 653 3215 mutae,
678 3147 745 3225 qnia
768 3146 900 3206 detracta
923 3146 1016 3205 vocali
1040 3148 1156 3227 penitus
1180 3166 1238 3207 nott
1261 3155 1375 3207 sonant.

213 3248 332 3309 locales
354 3256 453 3308 antem
477 3249 605 3327 quinque
628 3256 711 3316 sunt,
735 3266 750 3307 a
775 3266 791 3307 e
813 3249 823 3307 i
844 3266 862 3307 o
887 3266 914 3308 n.
940 3248 1013 3307 istan
1035 3249 1175 3327 quinque,
1200 3249 1315 3328 qttamlo
1339 3249 1418 3311 solae
1430 3264 1487 3322 tat,
1506 3267 1533 3314 to

143 3350 334 3428 proteruntur,
359 3350 465 3427 longae
486 3358 556 3411 sunt
577 3368 708 3429 semper:
733 3348 852 3429 qnando
873 3348 950 3409 solas
973 3349 1085 3410 litteras
1107 3350 1187 3419 elicis,
1212 3350 1316 3427 longae
1339 3360 1415 3412 sunt.
1431 3334 1489 3395 ⁵²⁰e
1502 3333 1533 3383 ²⁷

144 3452 233 3514 asola
259 3452 346 3531 longa
376 3459 435 3518 est,
464 3471 480 3512 e
508 3450 570 3512 sola
597 3449 685 3529 longa
714 3458 767 3511 est.
796 3447 800 3528 l
830 3457 984 3529 praeterea
1014 3451 1050 3511 de
1073 3453 1137 3511 istis
1159 3452 1288 3532 quinque
1311 3451 1417 3515 litteris

197 3659 248 3708 nst
267 3660 338 3708 diens
358 3674 385 3706 es
404 3658 427 3707 L
445 3657 467 3708 si
484 3657 554 3705 dieas
572 3670 584 3704 s
600 3655 652 3706 Bc
665 3654 688 3704 si
707 3656 779 3706 diens
797 3670 825 3703 se
844 3669 861 3703 a
878 3654 901 3703 si
919 3655 989 3705 diens
1007 3654 1032 3703 A
1086 3655 1223 3707 lluocales
1241 3658 1307 3705 enirn
1326 3673 1370 3723 per
1388 3674 1415 3707 se

143 3739 217 3777 sonant
230 3739 253 3777 et
271 3744 317 3794 per
336 3743 363 3777 se
381 3727 497 3776 sillnbm
518 3726 653 3777 lacinnth
673 3727 770 3774 noratis
789 3725 855 3773 enim
875 3739 922 3791 per
940 3740 967 3774 se
987 3735 1060 3775 sonat
1075 3734 1100 3773 et
1118 3741 1163 3789 per
1176 3742 1203 3775 se
1217 3726 1339 3789 syllabam
1355 3727 1415 3775 lacit

143 3800 161 3844 A
169 3796 213 3847 tto
277 3799 293 3847 7
311 3798 355 3847 sed
377 3812 424 3861 per
440 3812 469 3845 ae
483 3796 606 3861 syllabam
625 3810 674 3845 non
694 3796 791 3844 iaciunt
809 3795 865 3844 ideo
886 3796 969 3843 dietae
989 3806 1046 3846 sum
1065 3798 1240 3848 teratinocatts.
1262 3814 1274 3845 e
1295 3799 1318 3846 in
1339 3798 1414 3847 semi-

144 3868 254 3916 noralibns
276 3868 443 3933 praeponitur
466 3868 491 3914 in
512 3867 587 3915 enutio
606 3866 766 3931 postponitur
787 3864 815 3923 (e
836 3893 861 3899 —
886 3866 1047 3931 postponitur
1063 3882 1106 3915 our,
1129 3866 1152 3913 A
1179 3867 1240 3917 aeid.
1257 3882 1273 3914 α
1293 3868 1317 3913 in
1339 3866 1414 3914 mutis

142 3938 285 4001 potponitnr
301 3952 339 3987 ota
367 3937 405 3999 B)
427 3938 466 3985 uel
491 3936 708 4002 postponendam
727 3937 945 3984 mutisetttntnm
967 3936 1041 3985 tuotlo
1061 3936 1112 3984 solo
1132 3936 1220 3985 ABG.
1242 3939 1413 3997 supplementa

142 4008 239 4067 proebttt't
259 4009 281 4056 t,
353 4008 386 4057 tt
401 4022 466 4069 qnae
485 4006 557 4071 ergo]
578 4021 657 4068 quare
675 4019 737 4070 ergo
757 4004 781 4051 L
833 4006 866 4055 171
887 4016 989 4071 utputa
1010 4006 1038 4054 ei
1055 4018 1077 4054 et
1094 4005 1105 4053 1
1122 4016 1193 4053 suunt
1212 4006 1235 4053 le
1254 4018 1278 4053 et
1297 4006 1319 4053 el
1339 4016 1412 4053 sonat

143 4090 162 4124 te
176 4086 197 4125 et
213 4092 239 4125 er
254 4085 328 4126 sonat
347 4092 375 4125 se
394 4088 417 4124 et
432 4092 461 4125 es
478 4092 517 4124 ern
537 4086 561 4125 et
577 4091 601 4124 ιιι
619 4085 694 4125 sonat
708 4090 738 4123 en
758 4084 782 4123 et
801 4091 815 4121 n
834 4085 907 4123 struat
926 4076 951 4122 ix
967 4086 991 4123 et
1008 4075 1032 4122 ix
1053 4084 1125 4125 snum
1141 4091 1204 4139 ergo
1236 4105 1248 4123 1
1266 4085 1324 4139 potr
1347 4075 1370 4123 le
1388 4085 1412 4123 et

144 4145 256 4196 elstmat
273 4148 281 4196 l
299 4167 312 4195 e
333 4157 357 4195 et
379 4146 414 4194 el
434 4156 507 4195 sonat
525 4162 537 4195 r
556 4163 569 4194 e.
588 4155 612 4195 et
631 4162 645 4193 e
662 4163 673 4192 r
690 4155 764 4194 sonat
782 4162 794 4192 s
814 4162 827 4193 e
845 4154 1003 4211 etesergo
1021 4144 1046 4193 A
1064 4156 1123 4210 puta
1143 4144 1167 4193 le
1187 4154 1210 4193 et
1230 4145 1328 4193 isonat
1349 4146 1370 4193 ie
1388 4154 1411 4193 et

144 4216 223 4266 isonat
240 4233 279 4267 re
298 4229 323 4267 et
340 4232 352 4262 r
370 4226 444 4265 sonat
462 4232 506 4265 ae
530 4224 555 4265 et
578 4226 681 4265 ssonnt
700 4230 762 4279 ergo
781 4216 834 4265 BC
904 4215 936 4265 ltt
955 4214 1065 4280 aliquae]
1089 4216 1153 4263 aliae
1173 4215 1196 4262 t,
1266 4218 1298 4263 ’22
1318 4216 1410 4263 icleirco

143 4284 240 4336 limatur
258 4304 272 4335 e
293 4289 319 4335 in
343 4286 538 4335 seminttealibns
563 4285 696 4351 praeponit
719 4285 896 4349 tpraeponitnr
915 4300 983 4334 corr.
1006 4288 1055 4333 -nit
1078 4286 1110 4343 L)
1133 4288 1156 4331 in
1185 4286 1259 4333 ntrttis
1284 4286 1410 4348 postponit

143 4352 215 4403 hubent
232 4356 320 4414 (habet
337 4354 376 4409 Ll
387 4356 427 4403 uel
441 4357 548 4405 metliam
565 4368 661 4420 partem
677 4356 732 4403 AL
749 4354 842 4403 ideirco
859 4355 953 4402 dicitur
971 4354 1064 4404 ha'tere
1084 4358 1093 4417 (
1116 4356 1156 4401 uin
1171 4355 1260 4403 ltnltent
1281 4355 1321 4402 uel
1340 4370 1408 4407 corr.

143 4422 393 4485 interammensem
412 4435 508 4491 partem
532 4427 596 4476 nc:
614 4427 707 4474 ideirco
727 4424 846 4473 dicuntur
863 4425 1031 4473 sewinoeales
1050 4426 1167 4488 qnoniam
1187 4423 1279 4473 liabent
1299 4425 1337 4473 vel
1360 4444 1372 4465 n
1385 4442 1410 4472 e-

144 4495 192 4541 lias
212 4507 306 4561 partem
325 4497 430 4545 coniecit
447 4496 628 4545 l1t‘tvdenannua
661 4496 708 4543 aad
731 4496 848 4544 uidentur
861 4497 938 4557 plura
955 4496 1028 4543 elium
1047 4496 1078 4543 tle
1094 4496 1293 4555 pronuntiatione
1310 4498 1410 4543 serttiuu-

144 4566 212 4614 cattum
228 4574 252 4616 et
265 4574 386 4616 mutorum
404 4568 531 4615 excidisse
619 4563 653 4615 '23
671 4566 750 4614 semis
768 4564 861 4613 lrabeat
880 4564 936 4614 LB
958 4566 1035 4613 sentis
1054 4564 1129 4612 ltnltet
1148 4564 1171 4611 A
1196 4564 1236 4612 mi·
1250 4580 1278 4611 us
1298 4564 1371 4611 lurlvet
1391 4564 1411 4611 Γ,

195 4636 225 4683 tt
244 4637 345 4686 uocales
364 4647 447 4685 antem
467 4636 537 4686 BGn
557 4637 657 4686 uocales
676 4636 739 4683 istae
759 4638 799 4685 A:
818 4636 919 4685 uocales
940 4650 970 4685 ,n
1007 4635 1047 4681 isti
1064 4645 1122 4683 sum
1140 4649 1154 4680 a
1174 4635 1208 4680 ei
1229 4648 1242 4681 o
1260 4649 1276 4681 n
1294 4636 1340 4682 sim
1355 4635 1410 4683 tter·

144 4700 217 4753 labent
232 4708 253 4755 si
268 4707 390 4756 breueso
413 4720 473 4755 uero
490 4715 515 4755 et
533 4722 547 4754 e
566 4721 614 4755 non
634 4706 830 4755 nonantltrenes
851 4707 874 4754 L
959 4704 992 4754 211
1016 4716 1144 4766 praeterea
1167 4703 1197 4752 tle
1216 4703 1271 4751 istis
1298 4706 1408 4767 qvtittqve

145 4771 216 4822 litoris
233 4786 282 4825 tres
300 4787 359 4826 sunt
374 4792 438 4839 qnae
454 4777 510 4825 sine
524 4776 614 4824 brenen
639 4776 694 4823 siue
713 4776 807 4827 moue
822 4775 894 4827 .i.n.
920 4773 1036 4822 similiter
1056 4774 1146 4821 trahent
1168 4775 1188 4821 si
1210 4775 1294 4821 breuis
1313 4789 1327 4821 o
1347 4788 1406 4822 uero

145 4852 239 4892 ttenon
256 4856 347 4895 sonant
365 4846 454 4894 brenen
470 4848 493 4893 A
513 4855 643 4909 praeterea
661 4845 693 4893 tle
709 4846 765 4895 tstts
783 4847 894 4908 quinque
913 4844 1002 4893 litteris
1018 4851 1069 4892 tres
1087 4853 1144 4891 stmt
1163 4859 1227 4904 qnae
1245 4845 1299 4891 siue
1318 4846 1406 4891 brevies

146 4911 187 4961 tine
203 4914 288 4981 lungae
307 4916 421 4965 eiusdem
439 4916 508 4965 modi
525 4930 540 4963 a
558 4917 567 4964 i
585 4930 601 4963 n
626 4916 742 4964 similiter
758 4913 851 4964 habent
869 4917 924 4966 siue
947 4913 1038 4979 longae
1057 4912 1112 4962 siue
1131 4914 1220 4963 breues
1239 4928 1253 4963 o
1273 4930 1332 4964 uero
1351 4924 1406 4963 ote
