3525 5600
283 363 347 429 430
855 355 1003 420 rttuctn

309 486 331 527 p.
345 475 391 518 au.
405 473 430 519 aa
444 471 466 514 r,
1376 476 1398 518 a
1411 463 1513 503 ravo-n
1524 459 1547 505 r.

285 561 410 624 nantur,
439 560 472 613 ut
499 552 555 612 boc
583 548 675 610 sedile
704 547 741 608 ab
769 547 824 608 hoc
853 546 953 617 sedili,
983 545 1040 608 hoe
1068 545 1177 607 mimal
1204 543 1241 606 ab
1267 544 1324 604 boc
1351 543 1485 614 animali,
1517 543 1571 604 boc

286 658 407 737 laquear
430 653 544 717 abhoc
567 650 715 732 laqueari;
736 652 815 710 item
843 668 919 730 quae
947 651 979 709 in
1002 648 1076 710 duas
1098 650 1238 711 desinunt
1259 654 1455 710 consonantes
1476 646 1520 706 vel
1543 648 1572 706 in

286 758 435 838 duplicem
457 763 488 816 et
510 761 578 816 sunt
601 753 764 814 accidentia
780 758 810 812 et
831 753 925 812 trium
947 769 1108 830 generum,
1130 758 1164 811 ut
1184 751 1233 810 hic
1255 757 1285 810 et
1306 750 1380 810 baec
1401 756 1433 810 et
1453 750 1509 810 boc
1528 749 1573 809 in·

287 879 360 940 gens
382 857 418 920 ab
446 859 502 919 hoe
530 863 561 918 et
583 855 620 918 ab
642 855 698 915 hac
721 861 751 914 et
772 853 809 915 ab
831 854 888 916 hoc
910 856 1040 932 ingenti,
1064 853 1112 914 hie
1134 852 1259 913 ethaeo
1286 859 1317 912 et
1343 851 1400 912 boc
1422 850 1515 913 audax
1538 849 1573 912 ab

190 973 194 984 ·
288 964 344 1023 hoc
366 969 397 1022 et
418 959 455 1022 ab
477 959 533 1020 hac
555 965 585 1018 et
607 957 643 1020 ab
666 956 722 1018 hoc
744 955 863 1027 audaci;
893 963 924 1017 et
950 973 1027 1036 quae
1054 956 1086 1016 in
1112 973 1129 1014 r
1150 954 1290 1015 desinunt
1311 953 1474 1015 masculina
1494 961 1523 1014 et
1544 954 1596 1016 ins

288 1065 431 1125 feminina
459 1067 616 1122 transeunt
643 1058 688 1119 vel
716 1061 807 1120 trium
835 1066 905 1119 sunt
931 1075 1091 1137 generum,
1120 1057 1171 1117 bic
1198 1075 1268 1117 acer
1291 1054 1328 1117 ab
1350 1056 1407 1116 boc
1428 1055 1505 1125 acri,
1527 1056 1575 1116 bic

289 1173 320 1226 et
346 1165 420 1226 haec
447 1171 478 1224 et
505 1163 562 1223 hoe
589 1180 643 1242 par
665 1161 703 1222 ab
725 1160 780 1222 lvoc
804 1159 1025 1223 etabbacet
1047 1158 1162 1220 abhoc
1184 1161 1265 1238 pari;
1294 1166 1325 1218 et
1346 1175 1422 1237 quae
1444 1159 1476 1217 in
1499 1159 1541 1217 im
1562 1153 1573 1239 11

290 1269 412 1328 mittunt
434 1260 642 1344 accusatilvum
665 1263 859 1342 singularem,
884 1270 954 1324 sunt
975 1270 1075 1324 autem
1097 1262 1185 1332 haec,
1207 1261 1281 1321 baec
1302 1261 1399 1320 turris
1419 1259 1496 1320 banc
1518 1265 1576 1320 tur·

290 1371 347 1431 rim
376 1367 412 1428 ab
440 1368 496 1428 hac
523 1367 614 1436 turri,
643 1365 717 1426 haec
745 1366 811 1426 sitis
837 1365 914 1428 banc
941 1367 1023 1426 sitim
1050 1363 1087 1426 ab
1115 1365 1171 1426 hac
1193 1365 1255 1434 siti,
1278 1363 1354 1423 baec
1375 1365 1485 1442 puppis
1505 1362 1578 1422 banc

290 1473 414 1554 puppim
437 1468 551 1530 abbae
573 1468 680 1549 puppi,
709 1467 782 1528 haec
809 1469 924 1528 securis
949 1469 1026 1529 banc
1054 1470 1184 1528 securim
1211 1465 1326 1528 abbae
1348 1466 1449 1524 securi
1472 1463 1611 1544 [lebrisn

292 1574 406 1654 torquis
433 1569 557 1652 vectis],
586 1570 659 1630 haec
686 1572 777 1630 restis
802 1570 878 1632 hanc
906 1571 1009 1630 restim
1038 1569 1076 1631 ab
1103 1570 1159 1630 hac
1192 1571 1275 1629 resti.
1319 1575 1477 1648 praeterea
1508 1566 1579 1626 haec

292 1677 376 1738 navis
398 1673 546 1754 bipinnis,
561 1672 611 1733 hic
626 1673 706 1750 ignis
720 1671 857 1732 similiter
874 1670 1033 1733 ablativum
1051 1674 1087 1732 in
1108 1673 1120 1732 i
1140 1673 1278 1740 mittunt,
1300 1687 1377 1750 quae
1400 1687 1489 1749 saepe
1511 1687 1578 1748 poe

294 1786 340 1840 tae
362 1795 417 1857 per
439 1794 456 1836 e
479 1774 574 1836 solent
595 1773 713 1834 efferre.
736 1829 739 1844 ,
758 1780 858 1836 cetera
880 1776 981 1839 omnia
1002 1775 1109 1836 tertiae
1131 1772 1338 1834 declinationis
1359 1773 1479 1832 nomina
1502 1769 1579 1833 abla-

292 1882 383 1941 tivum
407 1876 586 1956 singularem
609 1878 678 1938 ine
701 1876 832 1937 mittunt.

839 2063 888 2124 vva
911 2062 1035 2124 venno
1595 2104 1616 2142 ,5

378 2185 537 2256 Quoniam,
561 2189 594 2242 ut
615 2184 737 2262 opinor,
760 2183 796 2242 de
820 2184 939 2243 nomine
954 2184 1167 2245 convenienter
1181 2190 1340 2244 tractatum
1363 2191 1422 2253 est,
1447 2201 1527 2244 nunc
1548 2184 1583 2244 de

294 2286 400 2355 verbo,
425 2287 502 2346 sicut
523 2285 669 2364 praelatio
691 2284 864 2363 pollicetur,
888 2283 1081 2347 disseremus.
1126 2287 1212 2346 cuius
1233 2287 1330 2346 omnis
1352 2284 1534 2363 ambiguitas
1554 2288 1584 2346 in

295 2388 488 2450 discernenda
511 2386 717 2464 coniugatione
740 2393 771 2445 et
791 2387 997 2464 cognoscendo
1024 2389 1186 2468 praeterito
1207 2388 1342 2466 perlecto
1364 2395 1512 2448 versatur.
1549 2388 1585 2448 de

296 2491 343 2552 bis
364 2509 419 2552 nos
440 2509 497 2580 prp
524 2489 636 2566 ingenii
658 2487 773 2548 viribus
800 2489 960 2567 diligenter
982 2489 1167 2550 docebimus.
1210 2507 1279 2550 nam
1301 2498 1402 2550 cetera
1424 2490 1586 2552 multorum

295 2593 440 2673 expositio
462 2591 632 2652 declaravit.
1597 2614 1619 2653 n
1720 2570 1722 2597 l

380 2694 472 2773 lgitur
500 2695 725 2771 coniugationes
752 2700 821 2754 sunt
849 2699 925 2763 tres,
954 2700 987 2753 nt
1014 2693 1080 2762 alii,
1113 2700 1268 2773 quattuor,
1297 2713 1371 2773 quas
1398 2696 1429 2755 in
1457 2694 1588 2754 secunda

296 2816 423 2879 persona
445 2796 588 2876 temporis
608 2796 776 2877 praesentis
799 2795 878 2857 modi
903 2794 1056 2857 indicativi
1082 2796 1280 2867 dinoscimus3
1303 2797 1416 2859 formae
1438 2805 1588 2877 quattuon

296 2900 430 2980 perlecta
452 2897 623 2960 meditativa
651 2898 815 2960 inchoativa
844 2899 1070 2977 frequentativa.
1115 2899 1168 2959 sed
1188 2900 1340 2978 perlectae
1362 2900 1477 2959 formae
1499 2899 1591 2959 verba

299 3003 432 3063 omniurn
455 3008 524 3061 sunt
546 3002 804 3077 coniugationum‚
834 3001 1068 3080 frequentativae
1096 3008 1212 3061 tantum
1234 3001 1346 3079 primae
1369 3002 1592 3078 coniugationis

298 3108 423 3182 excepto
445 3101 572 3172 lacesso,
596 3102 675 3182 quod
696 3103 778 3161 venit
799 3120 815 3162 a
838 3100 930 3161 verbo
956 3102 1070 3173 lacero,
1098 3102 1284 3163 inchoativae
1306 3106 1413 3165 tertiae
1435 3103 1624 3165 dumtaxate

299 3211 471 3284 correptae,
498 3204 684 3265 meditativae
712 3206 817 3264 tertiae
845 3204 1009 3284 productae
1037 3204 1081 3265 vel
1109 3212 1242 3285 qvtartae.
1286 3222 1397 3283 genera
1428 3204 1591 3267 verborum

299 3305 378 3368 sacili
400 3308 516 3367 ratione
538 3314 765 3384 cognoscuntur.
799 3314 850 3366 aut
872 3308 951 3367 enim
972 3307 1065 3367 activa
1088 3315 1157 3367 sunt
1178 3314 1209 3366 et
1229 3328 1248 3366 o
1269 3307 1368 3368 littera
1391 3310 1593 3369 terminantur

299 3416 330 3469 et
350 3408 505 3487 adsumpta
527 3426 543 3467 r
565 3408 665 3470 littera
688 3415 843 3471 transeunt
864 3410 896 3470 in
918 3410 1051 3489 passiva;
1074 3417 1126 3470 aut
1146 3410 1260 3488 passiva
1282 3417 1313 3471 et
1334 3410 1471 3489 adempta
1494 3410 1592 3471 novis·

299 3512 373 3571 sima
396 3509 495 3570 littera
517 3510 644 3570 redeunt
666 3512 697 3569 in
720 3512 828 3581 activa;
851 3519 902 3573 aut
923 3519 1044 3581 neutra,
1067 3530 1143 3591 qnae
1159 3518 1257 3571 actum
1278 3513 1445 3589 significant
1466 3518 1499 3571 et
1521 3512 1593 3571 acti·

300 3630 364 3673 vam
391 3610 503 3673 habent
531 3610 757 3672 declinationem
785 3620 815 3673 et
841 3614 872 3673 in
900 3614 1014 3693 passiva
1041 3613 1163 3673 minime
1189 3620 1361 3683 transennt;
1396 3620 1447 3674 aut
1474 3616 1628 3693 supinato

299 3730 375 3793 quae
398 3718 431 3773 ut
453 3712 547 3774 activa
567 3712 688 3791 quidem
714 3713 916 3784 declinantur,
945 3714 999 3775 scd
1026 3716 1271 3793 significationem
1299 3714 1410 3775 babent
1432 3718 1592 3795 passivam,

300 3822 333 3876 ut
349 3814 453 3894 vapido
473 3814 589 3893 pendeo
604 3832 712 3885 venem
735 3822 785 3877 aut
807 3816 986 3896 deponentia
1008 3817 1213 3896 superioribus
1235 3819 1402 3887 contraria,
1425 3836 1504 3898 quae
1528 3836 1593 3897 pas·

300 3918 428 3979 sivorum
456 3916 643 3978 declinantur
671 3918 806 3998 exemplo
834 3925 864 3977 et
891 3914 1152 4000 significalltionem
1174 3918 1287 3982 babent
1309 3920 1433 3981 activam
1456 3938 1595 3999 nequer

300 4019 432 4081 litteram
454 4024 579 4097 possunt
600 4018 751 4091 amittere;
775 4028 825 4081 aut
846 4020 1013 4082 communia
1036 4020 1142 4082 similia
1164 4020 1384 4100 deponentibus
1405 4029 1436 4081 et
1456 4022 1595 4101 passivis,

306 4169 605 4181 ...m-...—

371 4236 406 4289 30
424 4245 467 4287 aut
485 4236 578 4302 supina
592 4239 673 4290 Diom.
690 4238 750 4301 337,
770 4240 810 4293 13.
829 4241 906 4323 Cher.
928 4240 985 4301 lbb,
1003 4242 1046 4295 25.
1064 4256 1122 4294 eac.
1138 4242 1214 4294 Gbar.
1235 4238 1297 4304 aba,
1311 4240 1345 4291 10

303 4359 606 4372 .-.-----

302 4432 309 4480 l
328 4430 413 4479 littera
431 4442 481 4477 non
500 4428 508 4475 i
526 4428 675 4477 terminatur
694 4427 819 4479 ablavium
842 4431 888 4480 sed
908 4431 934 4479 in
951 4446 966 4478 e
983 4440 1012 4480 ut
1029 4430 1078 4479 boc
1097 4431 1145 4481 mel
1166 4430 1198 4480 ab
1217 4430 1266 4480 boc
1282 4428 1359 4479 melle
1377 4429 1425 4481 boc
1442 4430 1476 4479 iel
1496 4432 1530 4480 ab
1550 4430 1600 4480 boe

303 4498 371 4553 selle.
392 4499 452 4549 item
472 4497 579 4560 quaein
596 4498 661 4548 duas
678 4498 797 4548 desinunt
815 4506 985 4550 consonantes
1001 4501 1028 4549 iu
1048 4501 1070 4549 is
1090 4502 1131 4551 uel
1149 4502 1175 4550 iu
1195 4501 1222 4549 ix
1240 4500 1367 4565 duplicem
1384 4514 1403 4556 ς
1471 4502 1600 4550 2eouao-

303 4577 392 4619 nautes
408 4569 435 4617 in
454 4582 467 4617 s
486 4566 526 4616 uel
544 4569 570 4617 in
589 4582 607 4617 x
624 4568 751 4633 duplicem
771 4569 795 4618 F
851 4569 974 4635 :lingens
988 4578 1014 4617 et
1031 4570 1063 4618 ab
1081 4570 1130 4621 hoc
1145 4570 1200 4621 PF
1256 4570 1427 4620 bmasculini
1443 4570 1486 4620 uei
1504 4570 1599 4620 leemi-

303 4639 357 4687 nini
374 4637 414 4687 uel
431 4639 508 4686 trium
527 4645 587 4687 sunt
603 4652 725 4703 genemm
742 4638 783 4687 bic
800 4646 825 4689 et
845 4638 909 4689 haec
925 4653 985 4688 acer
1002 4640 1034 4688 ab
1053 4639 1101 4690 boe
1123 4650 1149 4689 et
1166 4640 1199 4689 ab
1216 4640 1330 4689 hectori
1348 4654 1366 4696 ς
1436 4640 1454 4689 8
1469 4639 1599 4690 aecusati-

304 4704 374 4773 vum]
395 4707 578 4759 nominatiuum
596 4708 621 4757 P
688 4716 747 4759 sunt
764 4716 848 4761 antem
864 4708 927 4759 baec
941 4710 1018 4758 turris
1030 4711 1104 4766 PFs·
1161 4708 1194 4760 to
1211 4709 1274 4759 baec
1289 4708 1600 4774 maleolentissimum

305 4779 385 4826 uectis
401 4776 468 4828 hanc
485 4778 569 4827 securi
587 4777 649 4827 haee
662 4780 738 4829 restis
756 4778 780 4827 P
831 4778 864 4831 16
877 4787 1009 4830 moutam
1022 4781 1060 4842 [ς
1076 4779 1234 4829 tractandum
1254 4779 1402 4831 Ptraotum
1420 4780 1446 4829 F
1496 4780 1535 4831 32
1553 4794 1597 4829 su

304 4846 445 4914 perietibus
460 4846 479 4911 f
493 4848 619 4913 superiori
633 4846 706 4904 rra
