3525 5600
641 439 881 504 Gllllblllll'll'ld
1350 433 1411 498 145

1227 558 1248 600 p.
1264 544 1386 587 tue-111.

135 631 267 693 inveneris
287 630 434 690 diversam
456 629 682 692 declinationem
705 629 952 690 derivativorum?
979 645 1138 708 sequamur
1161 644 1232 705 crgo
1255 627 1411 686 auetorita-

135 741 199 802 tem,
221 750 278 792 non
299 731 418 811 regulas
440 731 679 793 derivativorum.
709 733 829 793 nomina
851 731 1010 793 derivativa
1031 732 1095 792 lere
1116 731 1157 792 ita
1180 735 1302 798 exeunt,
1325 729 1356 788 in
1378 747 1413 788 us

133 835 290 914 trequenter
312 835 441 914 penitus,
465 832 565 894 tabula
587 833 703 894 rnucula
724 832 824 894 labula
847 832 996 894 vinculum
1019 830 1198 894 monticulus
1221 829 1412 892 scholasticu-

134 936 171 996 lus
193 935 368 996 fonticulus:
397 935 506 997 crebro
533 938 577 998 sic
605 943 728 1005 exeunt:
761 935 830 996 ideo
858 953 930 1014 ergo
958 944 988 996 et
1015 945 1118 996 uotum
1141 940 1194 995 est.
1238 933 1291 993 sed
1315 939 1413 994 umen

115 1039 200 1099 oscire
220 1037 310 1097 debes
332 1055 400 1098 esse
422 1037 519 1118 aliqua
546 1038 666 1099 nomina
688 1055 764 1118 quae
784 1039 827 1098 sic
848 1043 970 1110 exeunt,
993 1056 1081 1118 quem
1104 1037 1140 1098 ad
1163 1035 1283 1098 modum
1307 1043 1415 1096 exeunt

135 1141 211 1198 etiam
232 1138 419 1208 diminutiva,
443 1157 499 1200 nec
520 1145 621 1200 tamen
643 1139 816 1200 diminutiva
838 1148 917 1201 sunt
955 1141 981 1200 si
1003 1139 1082 1200 dicas
1105 1136 1279 1206 fonticulus,
1305 1138 1413 1216 quare?

136 1242 193 1320 quia
218 1249 261 1301 est
286 1242 361 1302 lons.
407 1243 432 1301 si
461 1240 542 1304 dieas
569 1240 762 1312 monticulus,
786 1243 897 1320 quare?
924 1243 993 1322 quia
1017 1247 1062 1302 est
1084 1259 1178 1303 mons.
1225 1240 1414 1300 econtrario

136 1342 241 1422 pando
267 1342 394 1404 dicimus
420 1342 521 1404 tabula
545 1343 671 1416 subula,
694 1363 752 1424 quo
775 1343 862 1405 modo
885 1362 1043 1424 possumus
1066 1343 1165 1404 dicere
1188 1342 1415 1403 diminutionem

137 1463 206 1514 csse,
228 1443 298 1504 dum
319 1463 409 1506 nemo
432 1444 503 1515 dicit
523 1444 605 1506 tubul
628 1445 727 1507 lebuli
755 1465 827 1525 ergo
848 1447 903 1506 ista
926 1446 997 1526 quid
1021 1445 1172 1507 dicemus?
1200 1463 1273 1506 sono
1296 1441 1416 1523 quidem

109 1573 128 1610 o
137 1545 308 1615 diminutiva,
332 1546 484 1608 intellectu
506 1547 690 1627 principalia.

207 1647 280 1708 Sunt
308 1649 382 1709 item
409 1652 529 1710 nomina
558 1656 618 1710 tota
645 1667 768 1728 graeca,
801 1657 863 1710 tota
897 1648 1000 1720 latina,
1034 1647 1174 1730 [penitus]
1205 1647 1309 1708 media.
1354 1654 1518 1714 tutatust:

137 1767 228 1828 graeca
253 1761 324 1811 stunt
357 1767 433 1828 quae
459 1753 579 1831 penitus
605 1769 712 1830 graece
741 1750 943 1822 declinantur,
975 1758 1035 1814 tota
1069 1750 1158 1812 latina
1193 1767 1269 1830 quae
1299 1749 1417 1828 penitus

139 1850 215 1912 latim
244 1851 446 1923 declinantur,
480 1853 578 1914 media
605 1862 674 1914 sunt
708 1871 784 1932 quae
818 1871 855 1913 ex
882 1860 967 1932 parte
996 1853 999 1932 Ι
1029 1871 1135 1932 graeca
1164 1862 1245 1920 sunt,
1276 1869 1311 1911 ex
1334 1856 1418 1930 parte

139 1952 214 2015 latina
246 1962 324 2014 sunt.
370 1961 431 2014 tota
463 1971 570 2032 graeca
603 1963 673 2016 sunt
704 1955 858 2016 Themisto
891 1953 1024 2035 Calypso.
1077 1963 1107 2015 et
1139 1956 1240 2034 accipe
1274 1952 1417 2030 regulam,

112 2057 244 2134 npenitus
257 2074 348 2135 quam
371 2057 513 2135 sequaris.
544 2057 794 2132 omniaomina,
819 2075 895 2136 quae
918 2077 935 2117 o
959 2058 1155 2118 terminantur
1178 2055 1254 2136 apud
1277 2055 1417 2123 Graecos

140 2166 189 2218 tota
209 2175 312 2234 graeca
334 2164 416 2218 sunt:
439 2158 582 2219 leminina
605 2159 683 2218 enim
707 2167 790 2228 sunt,
807 2168 845 2219 -et
866 2179 926 2220 non
950 2164 996 2220 est
1018 2157 1103 2219 aliter
1126 2176 1213 2238 prtem
1237 2156 1273 2218 ad
1297 2157 1418 2218 modum

140 2258 258 2319 dicantur
279 2258 386 2328 latine,
409 2260 467 2320 nisi
489 2262 533 2321 sic
554 2279 645 2340 quem
667 2260 704 2321 ad
726 2261 847 2322 modum
869 2261 947 2321 dieta
970 2269 1039 2322 sunt
1062 2268 1091 2321 et
1112 2277 1227 2338 graece.
1265 2259 1418 2320 Themisto
1527 2263 1531 2274 '

142 2360 201 2420 dicit
214 2363 355 2430 Graecus,
379 2367 410 2420 et
423 2360 546 2422 Latinus
560 2361 713 2423 Themisto
736 2363 820 2432 dicit:
844 2363 968 2444 Calypso
991 2363 1063 2422 dicit
1078 2363 1225 2432 Graecus,
1250 2370 1278 2423 et
1300 2360 1419 2421 Latinus

140 2464 173 2522 ita
191 2463 264 2524 dicit
309 2462 367 2523 boc
389 2469 435 2524 est
456 2481 565 2524 nomeu
588 2471 682 2524 totum
704 2483 854 2542 graecum.
893 2472 989 2526 totum
1012 2464 1134 2525 latinum
1159 2471 1203 2526 est
1225 2463 1305 2540 quod
1327 2461 1419 2523 latine

112 2567 243 2642 spcuitus
264 2563 443 2634 declinatur,
467 2566 554 2627 aliter
568 2584 628 2626 tion
649 2575 757 2646 potest.
789 2569 920 2628 Graecus
942 2565 1014 2628 dicit
1029 2566 1191 2646 Odysseus,
1208 2564 1328 2626 Latinus
1350 2563 1420 2626 dicit

141 2665 237 2727 Vlixes:
265 2683 338 2745 ergo
358 2665 455 2728 Vlixes
476 2676 571 2729 totum
595 2667 715 2728 latinum
739 2675 791 2728 est.
830 2667 1012 2750 Polydeuces
1035 2669 1107 2729 dicit
1128 2670 1274 2738 Graecus,
1298 2667 1420 2728 Latinus

140 2767 241 2829 Pollux:
265 2785 337 2848 ergo
360 2767 464 2831 Pollux
486 2777 581 2831 totum
604 2769 729 2832 latinum
758 2779 811 2832 est.
857 2771 982 2834 nothum
1013 2771 1159 2851 estquod
1182 2768 1285 2833 ultima
1308 2767 1419 2851 syllaba

141 2872 325 2951 corrumpitur
338 2878 368 2931 et
382 2871 534 2951 prioribus
548 2891 706 2934 commuue
721 2881 774 2943 est,
787 2882 857 2955 puta
868 2873 1015 2953 Achilleys
1030 2881 1061 2933 et
1071 2872 1214 2943 Achillem
1231 2892 1301 2933 ecce
1317 2872 1419 2933 ultima

141 2972 236 3052 syllaba
258 2975 468 3053 corrumpitur,
492 2983 623 3036 ceterum
646 2976 763 3055 priores
784 2983 919 3036 manent:
942 2985 975 3037 ut
996 2982 1065 3056 puta
1080 2974 1218 3035 blemnon
1243 2982 1272 3034 et
1286 2974 1419 3043 blemno;

112 3072 229 3138 sultima
254 3074 364 3153 syllaba
393 3083 534 3156 corrupta
562 3085 607 3137 est
634 3084 665 3137 et
692 3078 809 3156 priores
831 3084 960 3141 manent
1007 3076 1080 3137 baec
1102 3078 1142 3137 ita
1165 3076 1320 3144 dicuntur,
1344 3094 1420 3155 quae

143 3175 218 3237 notha
244 3184 313 3237 sunt
339 3184 369 3237 et
390 3194 507 3256 graeca.
551 3178 604 3240 sed
632 3181 710 3239 scire
738 3177 882 3240 debemus
904 3180 971 3259 quia
995 3186 1024 3239 et
1046 3177 1096 3239 illa
1123 3196 1199 3259 quae
1222 3184 1291 3239 sunt
1313 3196 1420 3257 graeca

143 3279 229 3354 quous
249 3278 353 3357 regula
376 3278 573 3350 declinantur,
596 3282 657 3341 sire
678 3299 786 3358 graeca
808 3281 869 3340 sire
891 3279 991 3341 latina.
1038 3280 1107 3341 licet
1129 3280 1203 3341 mibi
1225 3280 1325 3341 dicere
1347 3281 1421 3343 haec

143 3379 205 3441 llido
223 3380 309 3442 buius
324 3380 433 3463 [lidoys
455 3382 524 3443 buic
539 3381 633 3443 llidoe
655 3381 732 3443 hanc
747 3382 821 3443 bido
845 3382 968 3452 ollido,
993 3390 1022 3443 et
1047 3381 1050 3463 f
1074 3382 1144 3444 licet
1165 3383 1237 3444 milri
1260 3382 1361 3445 dicere
1377 3382 1422 3461 [et

143 3478 231 3563 latine]
246 3481 321 3543 haec
337 3483 412 3545 llido
427 3484 514 3546 huius
529 3483 650 3545 [lidonis
670 3482 739 3545 bule
754 3484 861 3545 Didoni
877 3492 907 3545 et
922 3483 1043 3564 reliqua.
1074 3502 1145 3563 ergo
1163 3492 1192 3545 et
1207 3503 1313 3564 graece
1329 3483 1421 3545 decli·

116 3600 232 3646 suenus
257 3591 287 3645 et
314 3585 406 3646 latine
428 3604 538 3647 nomen
560 3594 653 3647 totum
675 3604 826 3667 graecrrm.
870 3588 943 3647 item
967 3584 1091 3667 [totum]
1116 3586 1241 3648 nothum
1264 3594 1293 3647 et
1313 3604 1421 3665 graece

144 3684 311 3747 declinamus
339 3694 370 3746 et
390 3686 495 3761 latine,
522 3688 663 3749 blemnou
689 3688 864 3750 Memnonos
891 3687 1041 3749 blemnoni
1074 3688 1245 3759 llemnona;
1274 3696 1304 3749 et
1330 3689 1421 3750 latine

144 3804 248 3863 possum
269 3787 420 3849 declinare
441 3790 559 3852 blemno
582 3791 747 3852 blemnonis
768 3790 928 3851 llemnoni.
960 3808 1029 3851 nam
1051 3790 1226 3869 producitur
1248 3792 1271 3851 i:
1295 3790 1421 3868 legimus

201 3960 335 4008 tnomint
356 3962 500 4011 deriuatiun
513 3961 588 4012 nea
613 3962 716 4013 nomine
737 3962 938 4012 deriuounornm
960 3960 994 4013 A.
1016 3962 1132 4024 sortasse
1150 3963 1252 4013 nominc
1271 3961 1422 4013 diminutiva

147 4026 190 4076 lere
204 4028 237 4077 itc
252 4038 353 4091 exeunt,
374 4031 400 4079 in
418 4032 458 4081 lus
476 4032 622 4094 frequenter
638 4034 748 4098 penitus,
766 4033 920 4082 monticulus
940 4030 1136 4083 scholasticulus
1156 4032 1307 4083 fonticulus:
1332 4033 1420 4081 erebro

146 4098 176 4144 sie
198 4108 285 4147 exeunt
310 4101 415 4149 nomino
438 4102 603 4161 diminutira3
629 4102 687 4151 ideo
704 4118 767 4167 ergo
790 4113 815 4155 et
835 4112 922 4152 notum
941 4112 988 4154 est.
1025 4118 1083 4152 nam
1105 4118 1170 4169 pune
1191 4105 1338 4165 interposita
1356 4108 1422 4163 eunt,
1520 4161 1525 4170 ¹

146 4166 218 4216 ttbnlu
236 4169 334 4218 macula
354 4169 439 4219 iabulc
459 4170 600 4233 vinculum,
622 4173 659 4221 ad
679 4174 792 4237 repulerit
807 4172 903 4221 Donati
922 4172 954 4221 de
972 4174 1046 4237 quaet
1062 4174 1212 4224 diminutivis
1227 4174 1354 4237 pertinent

146 4235 175 4283 itt
189 4246 276 4287 exeunt
293 4239 365 4290 Bca
384 4240 420 4289 ite
438 4250 499 4289 sunt
516 4239 542 4287 A
554 4241 590 4302 (i)
661 4244 677 4291 t
697 4242 784 4291 crebro
802 4242 841 4291 sie
858 4248 952 4291 exeunt
971 4242 996 4291 A
1015 4243 1103 4292 erebro
1121 4244 1223 4291 nomine
1242 4243 1279 4291 sic
1297 4240 1424 4291 exeuutC

147 4307 221 4355 netes
237 4309 336 4358 nomina
359 4310 398 4359 sie
421 4320 516 4360 exeunt
536 4310 585 4361 Bo
654 4312 670 4359 6
689 4313 711 4359 si
732 4312 802 4361 dicas
825 4312 891 4362 Asi
913 4312 1029 4361 dicemus
1047 4312 1122 4363 BGa
1192 4314 1205 4362 t
1227 4313 1249 4361 ei
1266 4312 1338 4361 dicas
1355 4310 1381 4359 A
1400 4311 1422 4361 ei

148 4374 330 4429 dicamusBGa
400 4379 522 4431 fliebolc
541 4395 587 4433 orn.
608 4380 692 4431 ABG
758 4380 867 4431 boemo
886 4382 953 4431 dicct
970 4382 1025 4433 AB
1096 4384 1145 4433 iste
1161 4382 1270 4434 dicimus
1288 4381 1349 4446 quid
1367 4380 1423 4431 AB

205 4447 235 4496 12
255 4457 307 4499 tota
328 4450 408 4500 lutino
425 4466 490 4515 quae
509 4451 611 4516 penitus
629 4451 706 4500 latine
724 4451 884 4500 declinentur
902 4468 948 4502 om.
968 4453 1008 4517 A,
1025 4453 1087 4504 add.
1106 4470 1122 4502 a
1210 4451 1242 4503 19
1259 4452 1364 4501 letluum
1384 4460 1423 4502 eet

149 4512 223 4565 eea:
245 4527 283 4568 est
299 4536 345 4571 on.
365 4520 391 4568 A
460 4520 495 4570 ²0
517 4536 610 4589 gruere
633 4522 696 4571 dicit
714 4521 825 4584 odyseus
844 4522 922 4571 latine
940 4520 1002 4571 dicit
1021 4523 1104 4573 ulixes
1122 4522 1218 4587 (ulixes
1236 4526 1263 4581 a)
1283 4521 1307 4569 A
1330 4537 1423 4587 graece

149 4586 227 4635 dicitnr
241 4588 350 4652 odysens
367 4588 502 4655 (odisseus
515 4590 553 4653 B)
571 4590 648 4640 latine
666 4592 758 4641 dieitur
776 4592 858 4642 olixes
871 4593 975 4658 (olyxes
989 4593 1019 4650 G)
1038 4594 1090 4643 BC
1176 4592 1208 4643 ²1
1226 4607 1287 4657 ergo
1307 4594 1388 4641 ulixes
1407 4606 1423 4641 a

148 4656 433 4725 ergoolixesABergo
452 4660 576 4725 olyxesG
620 4664 654 4712 ¹22
674 4662 780 4711 latinum
798 4669 837 4710 est
854 4662 958 4712 nothum
970 4662 1058 4713 BGa:
1077 4662 1211 4713 estomA
1260 4664 1293 4711 25
1309 4663 1424 4725 sortasse

148 4721 201 4775 brec
219 4738 297 4778 autem
313 4731 432 4780 dicuntur
449 4730 535 4793 norbo,
555 4731 616 4793 quia
630 4742 689 4781 sunt
707 4740 732 4781 et
749 4746 843 4798 gruere
860 4741 884 4782 et
903 4732 982 4781 letina
1038 4732 1072 4783 26
1090 4734 1150 4795 quic
1168 4732 1211 4781 illu
1225 4731 1278 4782 ΒΟ
1329 4733 1422 4796 queuis

148 4799 386 4857 uquumuisABC
469 4798 708 4868 28buiusdidoys
728 4800 786 4852 Cn*
806 4802 882 4851 buius
901 4801 986 4851 didois
1004 4803 1029 4853 B
1058 4802 1134 4851 buius
1159 4801 1261 4853 didonis
1279 4801 1353 4865 A(?)

148 4862 177 4913 :u
191 4867 268 4917 dicere
286 4878 310 4918 et
327 4870 406 4920 latine
423 4870 449 4921 A
466 4880 491 4921 et
509 4869 589 4920 latine
606 4872 692 4921 dicere
708 4870 783 4923 Bca
851 4870 1018 4936 cesaream
1037 4873 1147 4939 legimus
1165 4872 1191 4921 in
1210 4872 1298 4921 Plauto
1317 4870 1422 4923 Creoni:

149 4934 218 4986 Creon
231 4939 335 4988 dicimus
351 4938 461 4991 Graece:
477 4940 514 5002 es,
534 4942 620 4995 Placet.
641 4941 730 5007 Amplr.
750 4942 760 4991 l
780 4942 805 5005 1,
823 4940 858 4993 39
873 4942 979 5009 regique
997 4942 1120 4994 Thebano
1139 4941 1228 4993 Creoni
1246 4957 1353 5010 regnum
1371 4951 1423 4993 sta-

191 5028 356 5074 rum-itanu
369 5030 501 5073 mnmv.
1181 5026 1222 5093 10
