3525 5600
336 348 397 411 118
910 352 1061 414 ΡΟΜΡΕΙΙ

361 460 507 512 pta-ml„
1715 503 1716 508 ,

337 541 446 602 desinit
466 543 497 602 in
521 560 609 602 uuam
632 549 860 610 consonantem,
890 540 942 601 sed
964 542 995 600 in
1017 539 1148 604 vocalem
1172 543 1280 604 desinit
1300 553 1350 604 ant
1373 544 1480 606 desiuit
1502 547 1532 607 in
1553 547 1625 607 duas

337 650 534 705 consonantes
563 650 591 703 et
618 661 673 722 pro
703 641 849 704 uoluntate
877 643 1013 706 habetur.
1058 647 1110 724 qui
1137 647 1249 706 nesciat
1271 665 1389 708 omnem
1412 650 1537 728 primam
1559 668 1625 728 per·
1715 631 1716 646 ¹

338 765 443 808 sonam
464 744 548 806 verbi
569 751 739 824 correptam
762 745 952 826 esseebsque
975 746 1203 826 monosyllabis?
1228 749 1387 829 ‘incipio
1411 768 1520 830 super
1538 752 1624 812 lris’:
1715 773 1716 776 ¹

281 875 294 907 ·,
337 849 461 928 incipio,
486 867 503 908 o
526 846 626 908 brevis
649 856 693 909 est
714 847 889 908 naturaliter
912 855 940 908 et
962 857 1062 910 tamen
1083 848 1170 927 longa
1194 857 1239 910 est
1260 851 1311 912 ibi.
1355 853 1465 932 quaret
1494 853 1561 930 quis
1583 854 1625 912 in·

337 952 415 1030 cipio
437 970 454 1010 o
477 958 591 1029 partem
613 951 753 1011 terminat
771 951 778 1026 Ι
796 951 947 1010 orationis.
992 953 1058 1031 ipse
1081 953 1168 1012 etiam
1190 954 1303 1032 primus
1319 971 1420 1014 versus
1443 959 1559 1015 ‘arma
1581 955 1649 1014 vsa
1715 939 1716 952 ,

337 1069 489 1130 rumque
512 1055 636 1113 cano':
661 1055 772 1112 armavi
793 1069 956 1132 rumqueca
979 1061 1077 1122 notro,
1101 1072 1140 1114 no
1155 1052 1254 1116 brevis
1270 1061 1327 1126 est,
1351 1062 1451 1116 tamen
1474 1055 1627 1135 prolonga
1715 1037 1716 1060 ¹

338 1155 473 1216 habetur.
518 1173 574 1216 nec
596 1153 677 1214 dieas
700 1153 782 1223 mihi,
805 1155 953 1232 positione
975 1156 1007 1216 uc
1029 1153 1125 1232 longa.
1157 1174 1230 1216 non:
1254 1175 1323 1218 nam
1345 1157 1452 1238 liquida
1475 1177 1535 1219 non
1550 1159 1628 1218 iurat

338 1259 397 1319 nisi
419 1258 450 1318 in
472 1259 536 1337 ipsa
558 1265 643 1335 parte
665 1256 823 1325 orationis,
848 1257 879 1316 iu
901 1255 958 1317 alia
981 1275 1041 1318 non
1063 1259 1151 1318 iurat.
1182 1256 1292 1338 liquida
1313 1268 1378 1320 tum
1399 1267 1497 1340 potest
1518 1262 1627 1328 iurare,
1715 1267 1716 1274 ’

338 1360 475 1440 quotiens
497 1360 529 1419 in
551 1360 616 1438 ipsa
637 1365 722 1438 parte
744 1359 887 1419 orationis
909 1359 1013 1427 luerit:
1037 1361 1172 1439 quotiens
1195 1363 1318 1422 veroin
1341 1360 1397 1423 alia
1420 1368 1504 1442 parte
1521 1363 1628 1422 oratio·

338 1463 384 1522 nis
406 1463 509 1531 luerit,
533 1480 593 1522 uon
615 1462 704 1522 iurat.
750 1468 782 1521 ut
803 1479 891 1540 ‹yuem
914 1460 951 1522 ad
978 1460 1099 1522 modum
1122 1461 1248 1524 diximus
1275 1461 1347 1524 illud
1371 1449 1507 1544 superius
1531 1482 1661 1526 exem-10
1715 1495 1716 1546 j

338 1563 419 1645 plum
442 1565 555 1643 ‘patris
576 1564 688 1633 amnr',
712 1581 750 1642 pa
772 1561 839 1622 ideo
862 1563 894 1624 iit
917 1561 1018 1640 longa,
1042 1566 1181 1642 qnoniam
1203 1567 1338 1645 sequitur
1360 1572 1417 1627 tet
1431 1585 1456 1635 r,
1481 1568 1552 1627 etin
1573 1585 1629 1625 uua
1715 1579 1716 1636 j

335 1673 423 1746 parte
445 1667 587 1728 orationis
610 1673 663 1726 est.
708 1665 896 1726 econtrario
919 1669 1018 1726 ‘arma
1040 1667 1195 1746 virumque
1218 1685 1293 1728 cauo
1315 1672 1390 1738 tro'‚
1413 1669 1443 1728 in
1467 1666 1524 1729 alio
1540 1667 1629 1728 verbo
1715 1677 1716 1752 1

340 1775 386 1828 est
408 1787 461 1836 no,
484 1769 515 1827 in
538 1766 595 1827 alio
617 1774 673 1826 tro.
718 1766 775 1826 boc
796 1765 874 1846 apud
892 1765 1011 1827 Latinos
1033 1778 1180 1838 servatur,
1205 1769 1283 1849 apud
1305 1769 1434 1831 Graecos
1457 1789 1517 1830 non
1532 1788 1631 1830 serva·

341 1879 399 1930 tur.
446 1869 544 1930 nullus
565 1887 664 1930 sermo
685 1867 794 1930 latinus
816 1874 915 1947 potest
943 1870 1006 1930 deri
1035 1871 1183 1948 positione
1205 1871 1310 1949 longus
1332 1880 1476 1952 sequente
1498 1881 1580 1932 muta
1603 1881 1631 1932 et
1715 1865 1716 1950 l

341 1971 452 2052 liquida
478 1990 537 2032 uua
565 1973 596 2031 in
623 1969 679 2031 alia
706 1979 791 2049 parte
818 1971 969 2032 orationis.
1019 1974 1204 2050 apertissime
1231 1973 1287 2033 hoc
1321 1973 1395 2034 dixit
1422 1974 1628 2042 Terentianus,
1643 1989 1664 2028 15

341 2076 405 2152 ipse
427 2072 485 2134 boc
509 2073 584 2134 bene
606 2072 716 2134 docuit.
762 2071 814 2132 sed
837 2072 917 2142 ride,
941 2073 1010 2152 quid
1035 2073 1086 2134 tibi
1109 2074 1184 2144 dixi,
1209 2078 1370 2155 ‘sequente
1392 2082 1474 2136 muta
1496 2085 1526 2136 ct
1548 2075 1631 2154 liqui·
1715 2083 1716 2176 y

341 2175 406 2237 da'.
452 2194 490 2236 ne
512 2175 592 2235 dieas
614 2175 687 2235 mihi
709 2174 803 2236 ‘uude
825 2177 920 2254 spissa
943 2181 1055 2245 eoura’‚
1079 2195 1171 2258 quare
1193 2177 1231 2238 de
1254 2176 1340 2256 longa
1364 2178 1424 2238 esti
1447 2181 1516 2258 quia
1540 2198 1555 2238 s
1578 2196 1631 2238 nec
1715 2177 1716 2248 l

343 2277 452 2358 lmuta
480 2285 526 2338 est
554 2295 609 2338 nec
641 2276 767 2357 liquida,
797 2275 864 2336 ideo
893 2279 925 2337 dt
952 2275 1049 2356 longa.
1096 2296 1167 2357 ergo
1196 2281 1237 2340 ait
1263 2280 1307 2340 sic
1335 2279 1480 2348 Donatus,
1506 2279 1633 2360 ‘syllaba

341 2398 416 2461 quae
439 2389 553 2459 partem
576 2381 716 2440 terminat
738 2381 896 2448 orationis,
927 2381 952 2439 si
979 2381 1008 2440 iu
1037 2399 1125 2440 unam
1154 2379 1270 2442 desinat
1300 2389 1529 2452 consonantem,
1557 2389 1586 2442 et
1607 2381 1630 2440 si
1715 2373 1716 2468 y

342 2481 440 2544 brevis
461 2483 512 2550 sit,
536 2501 590 2561 pro
612 2481 700 2560 longa
721 2480 874 2542 babetur'.
920 2488 952 2541 ut
978 2487 1047 2560 puta
1071 2483 1168 2542 ‘nam
1197 2482 1267 2544 tibi
1288 2482 1473 2562 Thymbre
1494 2485 1665 2562 capoten

342 2592 395 2664 put
417 2583 514 2644 brevis
536 2592 595 2653 est,
619 2583 671 2644 sed
693 2592 803 2654 tamen,
829 2583 969 2663 quonium
992 2602 1011 2643 u
1033 2585 1064 2643 in
1088 2603 1177 2646 unam
1195 2584 1301 2646 desinit
1318 2593 1541 2656 consonantem,
1566 2585 1634 2646 licet

341 2693 423 2746 muta
446 2695 498 2756 est,
517 2695 626 2754 tamen,
649 2687 788 2766 quoniam
810 2692 924 2766 partem
949 2687 1087 2746 terminat
1109 2687 1260 2756 orationis,
1284 2707 1339 2767 pro
1362 2686 1518 2765 longeest.
1543 2686 1633 2748 babes

341 2791 372 2850 in
394 2791 458 2869 ipso
480 2787 610 2867 Vergilio
1715 2816 1716 2847 r

495 2891 588 2951 dona
610 2890 746 2951 dehinc
768 2910 856 2952 auro
878 2893 1004 2969 gravia
1027 2899 1206 2971 sectoque
1230 2890 1444 2971 elephanto:

269 3042 273 3047 .
343 2994 420 3055 dona
444 2991 551 3055 dehinc
573 3011 648 3053 auro
670 2994 784 3069 gravia,
808 3012 878 3055 ecce
902 3013 935 3053 ro
957 2995 1065 3071 gravia.
1110 2996 1159 3072 qui
1188 2994 1299 3055 nesciat
1327 3011 1420 3070 genus
1444 3002 1584 3055 neutrum
1606 2995 1666 3055 ins
1715 2988 1716 3081 l

344 3114 468 3156 numero
491 3095 599 3174 plurali
621 3096 752 3173 corripi?
780 3114 862 3156 arma
890 3097 1046 3175 virumque
1076 3114 1164 3156 cano:
1194 3114 1290 3165 arma,
1320 3097 1535 3175 acorripitur‚
1569 3098 1634 3176 quia
1715 3092 1716 3147 ἓ

342 3198 462 3276 generis
484 3176 581 3259 neutri
603 3204 657 3259 est.
703 3214 774 3275 ergo
796 3197 895 3267 babes,
920 3216 995 3277 quae
1018 3206 1133 3277 partem
1155 3200 1295 3259 terminat
1318 3199 1462 3259 orationis
1487 3197 1570 3261 nulla
1587 3216 1634 3257 vo·
1715 3194 1716 3253 ἔ

344 3300 401 3363 cali
423 3307 637 3380 consequente,
661 3306 761 3360 tamen
782 3318 838 3379 pro
860 3297 948 3377 longa
971 3299 1083 3359 haberi.

225 3397 285 3455 424,
299 3398 331 3445 ‘2⁹
428 3402 502 3463 ltem
524 3404 549 3463 si
572 3400 777 3481 diphthongon
801 3400 909 3461 vocalis
932 3411 1081 3481 sequatur.
1127 3400 1222 3482 qualis
1245 3403 1288 3463 ris
1311 3401 1376 3464 talis
1401 3404 1461 3463 esti
1483 3401 1532 3463 illa
1551 3400 1633 3480 diph·
1715 3380 1716 3395 ¹

226 3465 472 3583 ⁴⁷9'14thougus
492 3503 563 3565 licet
584 3502 757 3565 naturaliter
779 3503 866 3580 longa
889 3504 943 3573 sit,
968 3510 1065 3565 tamen
1089 3510 1185 3582 potest
1206 3522 1261 3583 pro
1284 3502 1367 3565 brevi
1389 3507 1470 3585 poni.
1495 3504 1667 3565 ‘llusaeao
1715 3496 1716 3505 ’

344 3604 536 3668 Aonides':
580 3606 682 3667 illusae
708 3604 858 3685 spondeus
886 3613 945 3674 est,
976 3605 1045 3666 lieet
1079 3612 1218 3686 sequatur
1245 3605 1389 3675 Aonides3
1419 3625 1435 3666 a
1463 3624 1523 3666 non
1551 3604 1635 3665 solrit
1715 3666 1716 3675 ξ

343 3706 434 3769 illam.
479 3705 582 3768 inille
611 3706 746 3787 exemplo
775 3707 939 3768 ‘insulae
967 3704 1070 3767 lunio
1099 3708 1136 3768 in
1164 3712 1310 3787 magno’
1340 3707 1474 3769 solvitur.
1519 3706 1634 3767 insulae
1715 3692 1716 3751 Ῑ

267 3855 271 3863 .
345 3810 563 3891 amphimacrus
586 3818 644 3880 est,
674 3809 726 3871 sed
754 3810 894 3887 quoniam
922 3810 1055 3890 sequitur
1078 3808 1174 3880 ionio,
1202 3809 1343 3871 ivocalis
1370 3808 1456 3871 solvit
1482 3808 1580 3879 illam,
1609 3816 1635 3887 el

343 3910 625 3992 incipimusdicere
648 3932 708 3974 non
730 3930 796 3973 esse
811 3910 1060 3989 amphimacrum,
1085 3911 1136 3971 sed
1152 3911 1313 3991 dactylum,
1337 3914 1479 3993 quoniam
1503 3909 1634 3973 vocalem
1715 3934 1716 3977 ἢ

345 4014 454 4096 vocalis
486 4016 626 4094 sequitur.
671 4013 723 4075 sed
750 4014 807 4073 boc
840 4031 898 4073 non
933 4023 978 4075 est
1010 4011 1061 4073 ubi
1087 4011 1204 4093 longam
1232 4012 1372 4093 syllabam
1399 4012 1510 4075 vocalis
1538 4014 1667 4093 sequi-sa
1715 4048 1716 4051 =

346 4126 402 4179 tur.
447 4135 514 4177 nam
547 4118 593 4177 lac
626 4114 713 4177 talem
746 4134 879 4185 versum,
909 4114 1037 4177 ‘insulas
1065 4114 1146 4176 lonio
1174 4118 1204 4176 in
1232 4121 1367 4194 maguo’;
1396 4114 1439 4177 las
1465 4115 1556 4195 longa
1584 4122 1633 4183 est,
1715 4112 1716 4153 ἶ

416 4370 554 4438 3incipio]
580 4370 852 4436 Verp.Aen.11348
916 4372 1016 4435 superis
1033 4371 1086 4422 BG
1101 4372 1218 4437 superius
1235 4387 1303 4425 corr.
1324 4372 1423 4437 superis
1438 4373 1463 4422 Α
1520 4370 1553 4422 13
1569 4370 1634 4436 spttd

347 4443 456 4495 Graecos
468 4457 520 4493 non
532 4453 649 4493 servatur
666 4456 712 4493 om.
727 4441 792 4495 Ae.
807 4443 867 4495 odd.
881 4457 917 4491 ae
973 4442 1003 4491 14
1018 4456 1101 4491 sermo
1114 4458 1182 4495 cerr,
1196 4457 1286 4493 uersus
1300 4442 1325 4493 B
1340 4457 1430 4493 uersus
1444 4442 1492 4492 AG
1546 4443 1578 4493 15
1592 4442 1634 4489 Te·

346 4510 486 4579 cantianus]
507 4529 531 4565 v.
552 4510 618 4563 1192
636 4528 692 4577 sqq.
777 4511 812 4562 20
829 4508 899 4575 nam]
926 4512 1003 4575 Verp.
1024 4512 1091 4565 Aen.
1111 4509 1135 4559 X
1153 4511 1204 4562 394
1291 4514 1447 4577 reportem
1473 4510 1635 4562 terminatB

348 4593 446 4648 partem
463 4582 642 4633 termiuauitO
658 4582 775 4631 terminat
790 4594 886 4648 partem
900 4582 925 4629 Α
942 4590 1038 4645 partem
1058 4582 1200 4631 terminabit
1218 4600 1235 4632 α
1288 4584 1321 4633 24
1338 4582 1404 4631 dono
1419 4582 1452 4633 G:
1475 4584 1556 4648 Very.
1570 4582 1632 4631 Aen.

349 4652 452 4704 1114114
535 4652 664 4717 eliphanto
683 4652 708 4701 Α
794 4653 827 4702 25
845 4652 912 4701 dono
928 4666 995 4701 corr.
1010 4650 1116 4701 doueG
1197 4650 1229 4703 31
1250 4663 1400 4716 sequutura
1416 4652 1523 4703 aonidae
1543 4666 1593 4701 non
1610 4651 1634 4699 B

349 4730 438 4785 aequat
459 4738 475 4771 a
496 4722 601 4772 aonides
624 4738 675 4771 nou
694 4723 715 4772 0
736 4732 857 4785 sequatur
874 4720 905 4785 (a
922 4722 983 4771 add.
1003 4716 1049 4784 o*)
1068 4721 1166 4771 aonidis
1192 4737 1241 4771 nen
1259 4723 1284 4771 Α
1367 4718 1530 4789 carneuna]
1556 4724 1633 4784 Verp.

349 4792 416 4845 Aen.
435 4792 470 4841 111
489 4793 539 4845 211
609 4792 643 4843 35
660 4792 756 4841 vocalis
774 4792 889 4853 sequitur
902 4790 947 4839 sed
965 4790 1014 4840 hoc
1031 4790 1065 4840 ibi
1082 4792 1125 4840 ubi
1143 4792 1245 4842 brevem
1263 4791 1386 4857 syllabam
1405 4792 1502 4843 vocalis
1521 4792 1634 4854 sequitur

351 4862 398 4913 sed
415 4861 463 4911 hoe
479 4876 530 4912 non
545 4872 584 4912 est
599 4863 642 4911 ubi
655 4862 758 4929 longam
777 4861 902 4927 syllabam
920 4860 1014 4910 vocalis
1032 4861 1145 4925 sequitur
1161 4862 1187 4911 B
