3525 5600
376 411 439 479 532
880 413 1153 494 [PALAEMOMS]

374 600 458 666 libro
480 599 582 688 Aspri
610 621 727 664 nomen
754 598 948 686 inscriptum
975 621 1063 682 enee,
1097 599 1184 688 quod
1211 600 1319 686 ipsum
1347 598 1415 664 alia
1441 621 1492 665 ars
1516 602 1548 669 de
1569 619 1618 676 octo

375 703 523 791 partibus
546 703 701 768 orationis
723 723 801 788 prae
823 723 859 766 se
881 701 962 784 fert,
984 700 1177 788 relinquitur
1190 700 1274 768 illud
1288 701 1375 789 quod
1391 704 1515 789 saepius
1532 706 1564 772 de
1579 711 1620 776 hcc

375 827 494 891 genere
515 805 633 869 artium
654 804 940 889 grammaticarum
954 805 1156 887 monuimus,
1178 813 1215 870 ut
1227 802 1321 870 illum
1342 800 1464 870 librum
1484 807 1531 892 qui
1548 812 1618 878 nina

376 931 443 973 rem
467 906 587 972 Donati
610 906 785 973 editionem
807 907 955 994 sequitur
976 929 1035 993 pro
1057 908 1181 974 minore
1202 915 1274 972 arte
1296 904 1447 972 habitum
1467 909 1546 992 eique
1562 911 1620 978 hanc

375 1009 511 1075 alteram
544 1019 707 1096 tamquam
738 1010 895 1075 maiorem
928 1020 1032 1075 artem
1064 1009 1211 1075 additam
1243 1018 1277 1074 et
1308 1007 1424 1074 eedem
1457 1011 1566 1076 nomine
1589 1015 1619 1079 in-

375 1112 528 1198 scriptam
551 1134 622 1176 esse
644 1135 664 1176 a
685 1111 918 1177 recentioribus
940 1111 1164 1198 grammaticis
1186 1111 1344 1176 dicamus.

459 1213 499 1278 In
522 1213 656 1280 edendis
672 1207 875 1280 Palaemonis
899 1223 933 1280 et
946 1215 1046 1301 Aapri
1068 1212 1162 1280 libris
1184 1235 1263 1278 unua
1286 1233 1360 1278 aum
1375 1212 1487 1279 codice
1500 1213 1620 1285 Vaticano

377 1317 456 1381 1491
481 1339 501 1380 a
515 1316 660 1382 Brunnic
684 1339 758 1382 cum
772 1315 919 1382 Putechii
941 1315 1089 1403 exemplo
1112 1314 1230 1382 collato
1252 1324 1286 1380 et
1306 1314 1450 1380 editione
1462 1316 1620 1384 Ascemianr

375 1441 417 1484 cx
444 1419 601 1500 Fanensi,
631 1441 728 1504 quam
760 1417 865 1506 ipsam
894 1442 960 1486 nen
986 1419 1071 1500 vidi,
1099 1440 1271 1505 expressim
1300 1417 1336 1482 in
1362 1417 1470 1504 Aspre
1494 1430 1621 1504 praetera

376 1520 529 1586 Gothane
551 1520 680 1603 codiee,
704 1543 799 1606 quem
821 1545 841 1586 a
861 1521 1039 1587 Dncbnero
1062 1519 1215 1586 collatum
1236 1521 1271 1583 in
1298 1518 1428 1584 schedia
1448 1519 1620 1585 Lindemmni

375 1622 484 1688 habui.
515 1623 666 1710 equibus
681 1645 778 1689 manu
799 1625 994 1710 scriptorum
1014 1622 1164 1689 codicum
1186 1623 1316 1707 integra
1335 1623 1495 1709 scriptura
1512 1622 1622 1688 exhibita

375 1733 440 1807 cst3
464 1747 506 1789 cx
528 1723 616 1790 edito
639 1723 788 1812 exemplo
810 1724 936 1791 leviora
957 1724 1119 1813 quaedam
1141 1725 1262 1789 omissa
1283 1733 1376 1809 sunt,
1398 1745 1439 1788 ea
1459 1734 1554 1789 tamen
1569 1748 1621 1789 cau-

375 1827 464 1892 tione
486 1825 648 1908 adhibita,
677 1837 726 1908 ut,
754 1828 949 1914 ubicumque
983 1849 1049 1892 nen
1081 1827 1226 1892 indicata
1257 1827 1478 1913 discrepantia
1505 1826 1621 1891 adifienis

376 1929 595 1994 Ascensianae
621 1951 641 1992 a
667 1926 836 1996 codicibus
865 1929 1087 2012 recederetur,
1118 1951 1194 1995 cum
1220 1928 1277 1993 illa
1302 1929 1485 2004 consentire
1509 1949 1622 2013 eaquae

376 2039 506 2116 recepta
527 2040 603 2096 sunt
624 2039 798 2098 constaret.
