3525 5600
664 369 901 432 conncnrvn
1212 321 1218 333 ⁵
1372 365 1434 430 aaa

1248 490 1270 530 p.
1285 480 1372 518 rue-att
1385 476 1408 516 1„

155 563 227 624 ‘tulit
253 561 288 622 ab
315 559 382 620 illo’
412 560 478 620 dico
511 559 614 627 latine,
649 557 733 618 ‘tulit
760 557 797 618 ab
826 557 919 619 illius'
949 558 1052 618 dicunt
1078 560 1195 619 Graeci.
1239 557 1313 619 baec
1334 564 1432 618 autern

154 665 278 726 discretio
306 681 364 724 non
394 671 438 724 est
465 664 493 722 in
523 680 607 731 casu,
636 660 686 720 sed
717 668 762 720 est
790 662 929 722 insensu
952 660 1186 722 tantummodo.
1232 661 1308 720 scire
1335 667 1433 720 mrtem

155 767 284 828 debemus
304 767 443 845 qnoniam
467 765 523 825 hoc
546 763 675 824 osticium
699 761 859 824 auferentis
876 761 969 844 [quod
992 762 1155 824 auferentis
1177 760 1235 843 est]
1258 760 1433 824 translatum

155 879 225 932 esta
248 868 410 949 {genetivo
438 869 467 927 in
495 865 669 940 ablativum,
699 865 776 946 quod
805 865 913 927 Graeci
939 865 997 926 hoc
1024 859 1078 945 per
1106 867 1274 943 genetivum
1297 872 1432 927 utuntur.

132 973 254 1032 sdadvus
281 969 376 1031 dictus
405 975 450 1030 est
477 967 514 1029 ab
545 987 595 1038 eo,
625 967 703 1045 quod
732 987 786 1048 per
808 970 905 1048 ipsum
929 967 1120 1029 ostendamus
1142 986 1197 1028 nos
1218 966 1326 1047 aliquid
1350 965 1430 1036 dare,

151 1081 212 1154 perta
233 1072 286 1132 ‘da
309 1071 379 1140 illi'‚
411 1071 466 1132 ‘da
494 1069 600 1132 mibi':
637 1069 705 1132 ideo
735 1069 849 1131 dativus
877 1069 974 1130 dictus
997 1077 1054 1139 cst,
1083 1069 1162 1150 quod
1185 1088 1239 1150 per
1262 1072 1357 1151 ipsum
1381 1069 1432 1130 de·

150 1194 219 1244 urus,
247 1182 317 1253 puta
341 1172 394 1232 ‘da
423 1176 561 1244 oratori’,
587 1172 641 1234 ‘da
664 1173 886 1251 grammatieo'.
923 1174 1118 1241 aecusativus,
1143 1172 1219 1249 quod
1251 1190 1306 1251 per
1334 1173 1431 1250 ipsum

150 1293 324 1345 accusemus,
354 1282 423 1354 puta
447 1281 570 1338 ‘accuso
605 1274 716 1336 illum'.
762 1276 924 1344 vocativus,
959 1273 1039 1354 quod
1071 1292 1125 1353 per
1151 1275 1249 1353 ipsum
1282 1291 1429 1343 vocemus,

150 1379 296 1446 allicere,
321 1397 339 1436 o
363 1385 472 1440 orator.
517 1377 661 1439 ablativus
683 1377 779 1438 dictus
803 1383 859 1448 εει,
884 1376 962 1456 quod
985 1377 1156 1456 peripsum
1179 1374 1291 1453 aliquid
1314 1376 1430 1436 autera·

122 1501 219 1550 rernm,
242 1480 360 1540 ‘aulero
383 1500 398 1540 a
421 1480 593 1543 Cicerone'.

224 1583 370 1662 Septimus
392 1589 436 1642 est
458 1581 573 1644 ablativi
599 1581 717 1643 similis:
742 1582 820 1643 idem
844 1591 889 1642 est
910 1583 1068 1661 septimus,
1095 1582 1146 1658 qui
1168 1587 1198 1640 et
1220 1579 1376 1651 ablativus,
1400 1582 1504 1650 intua,
1518 1588 1550 1636 16

151 1685 288 1765 plerisque
311 1682 536 1746 elocutionibus.
570 1703 637 1745 nam
662 1703 733 1746 ecce
755 1683 814 1744 tale
838 1691 897 1753 εει,
919 1685 945 1743 si
968 1683 1050 1742 dicas
1073 1681 1206 1744 ‘doctior
1227 1681 1266 1744 ab
1287 1683 1430 1752 oratore',

151 1786 275 1864 quemad
292 1785 411 1846 modum
432 1788 457 1845 si
480 1785 560 1847 dicas
582 1785 716 1847 ‘doctior
731 1789 883 1846 oratore':
905 1785 1037 1846 ‘doctior
1052 1791 1187 1845 oratore’
1210 1787 1355 1865 septimus
1377 1795 1431 1856 est,

149 1889 267 1950 ‘doctior
290 1887 326 1950 ab
349 1893 482 1948 oratore'
507 1887 651 1952 ablativus
675 1896 727 1952 est.
772 1888 850 1949 idem
874 1890 930 1949 erit
957 1886 1114 1957 ablativus,
1142 1888 1193 1967 qui
1216 1895 1261 1948 est
1288 1895 1319 1950 et
1340 1890 1430 1968 septi·

122 2009 220 2059 ramum
248 1991 352 2051 sedin
375 1989 525 2071 plerisque
554 1989 784 2061 elocutionibus,
814 2008 873 2051 non
895 1993 927 2050 in
949 1989 1095 2052 omnibns.
1140 1991 1329 2051 inveniuntur
1352 1992 1431 2052 enirn

150 2093 332 2162 elocutiones,
363 2092 414 2153 ubi
442 2092 529 2172 longe
556 2092 650 2166 aliter·
670 2095 707 2154 sit
735 2091 894 2162 ablativus,
922 2111 1011 2173 quam
1033 2095 1186 2172 septimus.
1230 2095 1262 2154 ia
1283 2093 1432 2172 principio

148 2197 215 2256 scire
241 2194 382 2256 debemus
412 2197 551 2275 quoniam
580 2197 658 2257 inter
687 2194 845 2258 ablativum
874 2203 904 2256 et
932 2195 1088 2275 septimum
1117 2193 1189 2254 nibil
1217 2196 1341 2255 interest
1374 2197 1430 2256 nisi

148 2297 201 2358 sola
220 2277 412 2378 praepositio:
432 2300 577 2377 septimus
600 2306 645 2358 est
666 2297 800 2358 ‘doctior
815 2299 959 2366 oratore',
983 2296 1126 2358 ablativus
1148 2295 1281 2357 ‘doctior
1303 2296 1340 2357 ab
1363 2316 1429 2357 ora·

149 2402 233 2468 tore';
262 2401 320 2460 erit
348 2401 493 2478 septimus
521 2399 652 2462 detracta
680 2401 909 2480 praepositione.
955 2398 1008 2459 sed
1031 2416 1090 2477 quo
1112 2399 1270 2460 dilleruntl
1292 2398 1430 2479 plerique

118 2502 239 2562 sedicunt
259 2499 332 2560 nibil
354 2501 476 2562 dillerre
498 2509 657 2580 utrumque
681 2520 791 2571 casum,
816 2500 868 2561 sed
892 2519 983 2562 unum
1005 2499 1117 2561 babere
1139 2519 1269 2562 sensum.
1304 2520 1372 2563 nam
1396 2520 1429 2561 re

147 2621 206 2664 vera
226 2603 303 2662 idem
326 2609 372 2663 est
394 2601 553 2674 ablativus,
576 2605 627 2683 qui
646 2601 650 2686 Ι
676 2611 720 2664 est
743 2611 773 2664 et
794 2605 953 2684 septimus,
982 2603 1134 2664 invenitur
1162 2610 1261 2663 tamen
1290 2602 1428 2673 elocutio,

149 2705 191 2765 ubi
211 2704 285 2765 aliud
308 2706 453 2783 significet
475 2704 622 2766 ablativus
645 2715 674 2768 et
695 2705 774 2767 aliud
797 2707 955 2785 septimus,
985 2707 1011 2765 si
1038 2707 1077 2765 ita
1100 2703 1232 2785 loquaris
1254 2703 1321 2764 ‘illo
1343 2724 1428 2785 prae·

147 2816 220 2867 sente
241 2810 385 2887 suscepi’.
431 2808 548 2888 qnando
577 2808 643 2869 dico
671 2806 741 2869 ‘illo
768 2815 926 2889 praesente
953 2810 1096 2888 suscepi',
1120 2810 1265 2889 septimus
1287 2816 1344 2879 est,
1369 2828 1428 2870 non

148 2908 226 2969 babet
251 2911 519 2990 praepositionem;
549 2910 667 2991 quando
695 2910 760 2972 dico
789 2909 843 2971 ‘ab
866 2909 917 2970 illo
939 2920 1096 2991 praesente
1118 2912 1262 2991 suscepi’,
1286 2908 1429 2971 ablativus

118 3018 197 3079 aest:
219 3020 246 3071 et
267 3011 354 3089 longe
377 3011 456 3073 aliud
481 3018 526 3073 est
548 3012 601 3073 ‘ab
623 3011 673 3073 illo
695 3021 854 3093 praesente
876 3015 1013 3093 suscepi'
1037 3020 1067 3073 et
1088 3012 1166 3074 aliud
1189 3012 1258 3073 ‘illo
1273 3022 1428 3092 praesente

147 3116 278 3193 suscepi'.
311 3112 430 3190 quando
453 3114 520 3175 dico
544 3113 613 3176 ‘illo
635 3122 791 3194 praesente
814 3117 959 3196 suscepi',
989 3133 1047 3175 non
1072 3122 1116 3175 εει
1137 3115 1167 3174 irl
1196 3114 1275 3192 quod
1299 3114 1428 3177 ‘abillo

147 3222 289 3294 praesente
312 3217 457 3295 suscepi'.
494 3219 518 3276 si
542 3218 619 3277 enim
644 3217 739 3277 dicam
761 3215 829 3277 ‘illo
851 3224 1009 3297 praesente
1032 3218 1150 3295 suscepi
1159 3222 1176 3286 '‚
1200 3224 1261 3277 tres
1283 3236 1447 3296 personae>

147 3326 219 3387 sunt,
241 3317 292 3378 illo
314 3325 472 3398 praesente
495 3336 549 3397 ego
572 3321 690 3398 suscepi
712 3319 749 3379 ab
772 3319 838 3386 itto;
862 3322 887 3379 si
909 3318 1005 3379 dicam
1027 3319 1083 3379 ‘ab
1105 3317 1158 3380 illo
1180 3327 1340 3399 praesente
1362 3338 1427 3380 sus·

147 3421 228 3499 cepi',
251 3418 327 3480 dnae
349 3438 495 3499 personae
519 3426 601 3491 arnt,
626 3440 680 3499 ego
703 3423 820 3501 suscepi
843 3420 880 3481 ab
902 3420 953 3481 illo
977 3423 1026 3498 qui
1049 3440 1190 3502 praesens
1212 3422 1317 3481 luerat.
1356 3438 1427 3499 ergo

119 3521 217 3583 orites
244 3520 420 3600 aliquotiens
448 3524 574 3583 inveniri
604 3522 815 3599 elocutionem,
844 3522 895 3583 ubi
917 3525 1103 3584 consentiant
1124 3524 1167 3584 illi
1189 3542 1291 3594 casus,
1314 3523 1426 3602 aliquo·

147 3625 212 3684 tiens
233 3625 359 3685 inveniri
381 3623 433 3685 ubi
455 3624 601 3686 dillerant.

219 3725 356 3805 Legimus
383 3727 413 3787 in
442 3726 619 3805 quibusdam
649 3726 761 3788 artibus
788 3746 846 3787 non
876 3727 995 3807 quidem
1018 3727 1214 3807 frequentatis
1236 3730 1325 3788 etiam
1347 3733 1544 3797 catastam

146 3844 203 3887 rum
224 3847 287 3889 esse
310 3846 423 3889 casum.
470 3828 554 3889 multi
577 3829 678 3891 dicunt
699 3848 749 3889 sex
773 3837 885 3891 tanturn
908 3848 994 3890 casus
1016 3848 1097 3899 esse,
1122 3829 1206 3890 multi
1228 3830 1340 3890 addunt
1360 3848 1427 3910 sep·

148 3931 252 4016 timum;
282 3929 393 3991 addunt
421 3930 555 4011 plerique
586 3933 672 3993 etiam
702 3939 852 4001 octavum,
883 3941 915 3993 ut
936 3935 987 3992 ‘it
1008 3931 1146 3993 clamor
1168 3930 1300 4001 caelo’,
1324 3931 1425 3993 ‘sub-

121 4040 225 4093 ceunt
251 4037 382 4094 muro’.
425 4032 510 4093 multi
538 4033 640 4095 dicunt
669 4042 803 4095 octavum
827 4052 892 4094 esse
914 4052 1028 4104 casnm,
1053 4034 1137 4095 multi
1159 4052 1255 4112 genus
1277 4052 1343 4094 esse
1365 4034 1424 4094 elo·

149 4136 268 4195 cationis.
300 4134 351 4195 sed
375 4136 591 4206 animadverte,
616 4144 645 4197 ει
665 4138 723 4197 iarn
746 4154 801 4216 pro
824 4134 949 4197 arbitrio
966 4144 1015 4196 tno
1036 4142 1095 4206 εει,
1118 4138 1178 4197 sive
1202 4143 1233 4195 ut
1255 4136 1312 4195 boc
1335 4135 1425 4206 dicas,

148 4238 268 4297 ‘octavus
290 4244 336 4299 εει
354 4242 359 4311 1
379 4241 491 4307 εεεεε’,
515 4240 575 4299 sive
590 4246 622 4300 ut
637 4239 717 4299 dieas
738 4256 832 4317 genus
855 4257 920 4299 csse
943 4236 1125 4299 elocutionis.
1155 4238 1275 4299 interim
1295 4237 1424 4307 adverte,

205 4460 218 4508 i
238 4460 294 4509 tulit
316 4460 348 4509 ab
369 4459 413 4509 illo
433 4460 490 4511 dico
514 4459 591 4511 latine
615 4461 672 4511 tulit
695 4462 726 4511 ab
745 4461 814 4511 illins
833 4460 919 4509 dicunt
936 4462 1021 4527 graeci
1041 4461 1065 4510 Α
1084 4459 1141 4509 tulit
1159 4460 1191 4509 ab
1210 4461 1254 4512 illo
1272 4461 1328 4510 dieo
1347 4462 1425 4513 latine

149 4525 239 4579 illinon
264 4530 351 4581 dieunt
375 4532 411 4579 ita
436 4530 482 4581 sed
499 4530 586 4581 dicunt
604 4532 660 4581 tulit
678 4532 709 4581 ab
729 4530 796 4581 illius
817 4530 890 4581 aua
978 4530 1081 4594 dqnod
1100 4529 1239 4600 anierentis
1259 4540 1297 4581 eat
1312 4532 1337 4581 A
1356 4533 1426 4597 qnod

150 4596 256 4649 auferenti
273 4610 313 4650 est
331 4600 405 4651 Bua
473 4601 558 4665 4quo
577 4603 663 4668 graeci
682 4601 734 4651 BG
802 4601 931 4652 Saceuee
950 4600 1019 4651 illum
1035 4601 1086 4652 Bu
1153 4601 1187 4650 22
1204 4601 1331 4669 significet
1350 4602 1424 4652 oua

150 4667 261 4733 signifieat
277 4670 302 4719 Α
355 4670 388 4720 23
408 4678 433 4720 et
451 4669 521 4721 aliud
539 4672 611 4723 aua
630 4682 654 4721 et
672 4671 734 4721 illud
751 4673 775 4722 Α
845 4670 875 4721 31
895 4669 1012 4720 delerant
1029 4687 1046 4719 a
1059 4670 1176 4720 delernut
1194 4672 1218 4720 Α
1237 4672 1355 4722 dillernnt
1372 4674 1398 4722 B
1405 4674 1426 4723 O

206 4740 236 4791 33
253 4749 352 4791 sextum
368 4754 425 4789 esse
443 4740 526 4791 ABG
577 4742 610 4794 34
630 4743 648 4791 it
667 4740 772 4808 elamor]
793 4740 952 4806 Verquen.
972 4742 994 4789 V
1012 4742 1061 4791 451
1116 4740 1235 4807 subeunt]
1261 4742 1422 4807 Vernalen.

153 4805 187 4855 l'll
205 4809 248 4861 tul
267 4824 391 4874 mritoque
415 4809 534 4861 subibant
604 4812 636 4863 37
661 4820 764 4862 octavus
783 4819 821 4863 est
839 4826 915 4861 casus
935 4812 989 4861 sire
1007 4820 1034 4861 ut
1052 4810 1123 4861 dieas
1140 4825 1187 4865 om.
1204 4815 1242 4875 Α,
1262 4812 1323 4866 auct.
1338 4831 1355 4864 a

153 4890 219 4941 genna
232 4888 268 4931 est
286 4880 456 4945 eloqnutionis
470 4881 491 4931 G
