3525 5600
329 367 393 433 234
895 367 1048 432 POldl’Ell

356 490 377 534 p.
391 478 479 519 ero-1³
493 476 515 518 L.

329 561 449 620 tionem.
496 558 565 640 quid
588 567 633 619 est
653 555 742 620 adulo
765 566 794 620 et
816 558 888 636 quid
910 566 956 619 est
977 556 1101 618 adulor?
1123 556 1195 619 dicit
1215 557 1426 618 discretionem
1448 573 1503 636 per
1520 574 1604 618 casus.

329 661 447 742 quondo
475 664 517 722 vis
545 663 629 742 quasi
658 663 781 722 activam
808 662 1051 740 significationem
1084 660 1289 730 introducere,
1323 661 1524 721 accusativum
1545 660 1603 734 sac,

329 766 542 836 adalaidem·
564 766 685 840 quando
707 767 750 824 ais
771 766 859 840 quast
874 767 1029 841 passivam
1049 766 1293 842 sipaificottoaam
1315 763 1520 836 introducere,
1542 761 1605 821 dati·

329 885 397 928 uum
419 869 474 936 sac,
499 865 602 928 adulor
623 865 680 927 illi:
706 875 735 928 ει
757 867 844 928 adulo
866 865 950 928 illum
973 876 1003 928 et
1024 864 1128 928 adulor
1148 863 1201 926 illi.
1233 872 1317 926 etro
1338 883 1408 926 vera
1430 864 1508 925 banc
1527 865 1605 924 ratio-

330 988 398 1032 nem
429 971 516 1032 etiam
540 969 644 1031 Cicero
671 975 791 1031 seculus
820 976 877 1031 est:
905 988 975 1031 nom
1000 971 1042 1029 in
1060 971 1119 1031 ιιεε
1145 968 1320 1028 Pisonianae
1341 969 1373 1028 in
1396 966 1500 1028 ultimo
1521 969 1627 1046 cupitos
1704 994 1706 1097 p

328 1075 369 1134 ita
392 1071 477 1142 dixit,
503 1077 647 1132 ‘omnes
675 1069 916 1144 adulantem',
945 1091 1005 1133 non
1032 1071 1106 1132 dixit
1127 1069 1283 1130 ‘omnibus
1304 1068 1503 1132 adulantem'.
1546 1087 1607 1148 ergo
1704 1100 1705 1127 t

329 1173 432 1236 adulor
453 1173 496 1235 illi
519 1174 644 1236 dicimus
668 1171 712 1255 [et
735 1172 822 1235 odolo
843 1173 902 1254 illi]
926 1183 956 1235 et
977 1172 1065 1235 adulo
1086 1172 1180 1234 illum.

413 1277 471 1338 lsto
493 1279 551 1338 iem
575 1293 650 1358 queo
672 1283 813 1338 secuntur
835 1275 910 1338 levia
932 1285 1012 1339 sunt:
1035 1285 1190 1357 praeterea
1212 1277 1291 1337 scire
1311 1274 1459 1338 debemus
1482 1293 1544 1336 esse
1563 1273 1607 1334 di-

329 1399 386 1461 que
408 1377 498 1442 verbo
525 1379 671 1459 simplicia
698 1397 772 1458 quae
796 1379 800 1462 l
824 1387 949 1460 possunt
974 1380 1039 1440 deri
1067 1381 1235 1460 conposita,
1265 1397 1331 1440 csse
1353 1378 1452 1459 aliquo
1475 1376 1607 1456 simplicio
1704 1368 1705 1371 ’

329 1502 404 1563 quae
426 1501 486 1544 non
509 1489 634 1562 possunt
656 1484 720 1544 sseri
742 1483 907 1563 conposito,
932 1500 997 1543 esse
1019 1481 1116 1561 aliquo
1138 1484 1294 1562 conposita
1317 1499 1392 1560 quoe
1413 1500 1475 1541 non
1497 1489 1610 1560 possunt
1619 1502 1637 1540 ε
1704 1486 1705 1531 ἶ

328 1587 394 1646 lieri
415 1584 575 1665 simplicia,
600 1603 664 1646 esse
686 1584 783 1665 eliqua
805 1586 959 1664 conposita
980 1603 1055 1665 quae
1077 1592 1201 1664 possunt
1214 1585 1280 1645 fieri
1293 1583 1450 1664 simplicio.
1481 1590 1609 1661 quattuor
1704 1596 1705 1603 ¹

327 1696 397 1749 sunt
418 1706 481 1748 res:
507 1695 552 1750 εει
573 1687 697 1768 simplex
712 1687 790 1768 quod
805 1695 905 1767 potest
927 1705 991 1748 esse
1014 1689 1216 1767 conpositum,
1239 1693 1272 1746 ut
1292 1693 1364 1766 putu
1385 1705 1467 1766 pono
1488 1703 1608 1765 repono;
1704 1712 1705 1795 p

329 1798 375 1852 est
405 1789 531 1870 simplex
558 1788 635 1870 quod
656 1808 722 1851 non
749 1798 847 1870 potest
880 1807 945 1852 osse
972 1791 1174 1869 conpositum,
1209 1790 1270 1859 nio,
1305 1788 1386 1849 renio
1417 1807 1506 1849 nemo
1533 1787 1609 1856 dicit;
1704 1802 1705 1809 ¹

329 1911 454 1974 quaeso,
478 1909 621 1970 requaeso
637 1909 725 1954 nemo
741 1891 820 1954 dicit.
850 1893 923 1953 item
946 1910 962 1952 e
984 1894 1135 1954 contrario
1159 1898 1203 1953 est
1218 1893 1405 1972 conpositum
1421 1889 1501 1971 quod
1522 1897 1612 1969 potest
1704 1938 1705 1965 ,

329 1996 394 2057 lieri
417 1994 558 2074 simplex,
582 2001 615 2055 ut
636 1994 692 2056 hoe
714 1997 812 2075 ipsum
828 1994 908 2074 quod
930 1995 1006 2066 dixi,
1028 2011 1157 2075 repono;
1182 2005 1228 2057 εει
1249 1996 1435 2073 conpositum
1459 1991 1538 2071 quod
1559 2011 1640 2054 noun
1704 1972 1705 2059 l

328 2105 429 2176 potest
448 2099 513 2158 fieri
536 2095 674 2177 simplex,
697 2102 730 2158 ει
752 2095 893 2177 conpleo,
916 2116 1005 2158 nemo
1027 2105 1126 2177 potest
1147 2098 1247 2160 dicere
1269 2096 1346 2178 pleo.
1704 2082 1705 2105 ¹

412 2198 557 2260 Accidunt
579 2201 667 2260 etiem
690 2201 822 2271 numeri,
845 2198 1003 2278 singularis
1018 2207 1048 2260 ct
1063 2199 1199 2280 pluralis:
1223 2199 1384 2280 singularis
1399 2198 1482 2277 lego,
1499 2195 1612 2277 pluralis
1650 2218 1653 2221 ·
1704 2202 1705 2285 ι

328 2301 462 2379 legimus.
509 2309 729 2382 temptaverunt
757 2321 816 2364 non
844 2300 919 2363 nulli
951 2301 1051 2363 dicere
1083 2303 1220 2365 accidere
1252 2301 1343 2364 uerbo
1377 2303 1468 2362 etiam
1503 2298 1612 2359 dualem
1704 2294 1705 2349 l

328 2401 411 2463 ilium
435 2422 591 2465 numerum
615 2423 763 2483 graecum.
809 2405 931 2474 Graeci,
960 2404 1077 2485 quando
1101 2405 1138 2467 de
1159 2423 1219 2466 uno
1240 2405 1416 2486 loquuntur,
1446 2403 1487 2462 ito
1510 2403 1611 2470 dicunt
1704 2440 1705 2449 ι

328 2511 424 2566 ‘unus
445 2506 535 2568 homo
558 2505 663 2585 legit'3
689 2507 806 2588 quando
821 2505 860 2568 de
880 2505 994 2576 multis,
1018 2509 1058 2568 ito
1072 2508 1188 2578 dieunt,
1213 2507 1315 2569 ‘multi
1330 2506 1468 2568 homines
1482 2505 1643 2585 legunt’;eo
1704 2546 1705 2559 ι

328 2607 445 2686 quando
473 2608 510 2669 de
537 2607 667 2680 duobuS,
699 2629 754 2671 neo
781 2608 852 2688 legit
879 2609 983 2671 dicunt
1009 2629 1065 2672 nec
1092 2609 1207 2688 legunt,
1236 2610 1288 2672 sed
1311 2608 1422 2688 legere.
1467 2609 1614 2689 quaeritur
1704 2620 1705 2623 ’

329 2717 428 2772 utrum
451 2709 500 2772 hio
522 2729 664 2774 numerus
686 2713 779 2793 possit
800 2711 916 2774 admitti
938 2712 974 2774 ad
997 2712 1179 2774 latinitatem.
1210 2713 1251 2773 oit
1266 2711 1397 2772 Donatus
1420 2717 1499 2773 ‘non
1515 2718 1612 2791 potest,

328 2832 422 2892 genus
445 2822 489 2901 est
511 2816 648 2892 liguroc',
687 2822 717 2875 et
738 2834 770 2876 re
793 2834 877 2885 vere,
903 2815 1022 2895 quondo
1044 2826 1169 2896 possunt
1190 2814 1290 2877 dicere
1312 2815 1351 2876 de
1374 2810 1545 2894 quingentis
1565 2815 1613 2874 bo·
1704 2803 1705 2882 Ῑ

328 2915 458 2978 minibus
480 2918 590 2995 legero.
628 2926 769 2998 quantum
791 2918 827 2979 ed
849 2936 988 2997 graecam
1010 2920 1157 2979 rationem
1178 2921 1321 3000 pertinet,
1345 2937 1404 2979 non
1429 2916 1435 2999 Ι
1456 2924 1543 2997 potes
1563 2916 1615 2975 boe
1704 2909 1705 2926 ³

329 3020 442 3090 dicere,
467 3018 504 3079 de
526 3018 642 3081 duobus
664 3026 763 3081 autem
785 3028 869 3099 potos
891 3020 999 3082 dicere.
1045 3021 1145 3096 legere
1167 3030 1266 3083 autem
1289 3020 1408 3098 quando
1431 3019 1508 3088 dico,
1532 3026 1562 3078 et
1582 3019 1645 3077 des
1704 3003 1705 3014 ¹

329 3120 442 3182 duobus
471 3130 556 3202 potes
584 3121 684 3182 dicere
713 3131 742 3184 ει
769 3123 805 3184 de
832 3124 942 3185 multis.
986 3131 1015 3183 et
1047 3122 1118 3203 quid
1140 3132 1185 3184 est
1207 3122 1326 3201 legere?
1349 3121 1421 3183 nibil
1443 3121 1541 3193 eliud,
1564 3122 1615 3181 nisi
1704 3183 1705 3188 ,

329 3222 408 3303 quod
432 3222 632 3301 ellegerunt,
657 3226 724 3302 quio
748 3225 804 3287 hoo
828 3227 974 3305 signifieat
995 3223 1095 3304 legere
1118 3225 1197 3305 qnod
1219 3224 1365 3304 legerunt.
1410 3243 1504 3305 quare
1528 3222 1615 3284 maln-

330 3332 418 3385 erunt
439 3326 567 3387 maiores
589 3328 683 3387 nostri
705 3326 854 3407 duplicem
877 3327 1010 3406 regulam
1034 3327 1123 3389 darei
1146 3335 1309 3388 metrorum
1332 3346 1431 3389 causo.
1476 3330 1521 3388 vis
1543 3328 1615 3387 scire
1704 3309 1705 3312 ¹

329 3428 467 3507 qnoniam
496 3434 619 3508 propter
645 3435 738 3491 metro
768 3430 824 3491 hoe
852 3431 1005 3491 lecerunt?
1039 3431 1116 3491 focio
1138 3447 1275 3499 versum,
1297 3448 1352 3508 per
1375 3428 1452 3489 iilam
1476 3428 1615 3509 syllabam

329 3534 399 3599 stet,
424 3538 453 3590 et
474 3548 530 3609 per
551 3528 632 3591 illam
653 3550 714 3593 non
736 3540 803 3593 ειει.
834 3539 905 3612 pute
928 3532 1046 3611 ‘legere
1059 3532 1234 3593 rudentes’:
1257 3530 1358 3609 legere
1380 3531 1523 3595 rudentes
1546 3538 1613 3597 stet;
1627 3548 1646 3585 ε

329 3630 468 3709 legerunt
490 3630 645 3703 rudenleS,
674 3651 735 3694 εοε
762 3642 954 3697 statuemus.
999 3652 1070 3713 ergo
1093 3636 1233 3715 quoniam
1256 3642 1326 3694 sunt
1349 3633 1459 3713 aliquo,
1482 3633 1536 3697 ubi
1558 3633 1614 3692 exi-

330 3740 416 3811 gatur
439 3732 535 3795 breuis
557 3733 681 3813 syllaba,
710 3734 819 3817 eliqua,
851 3737 902 3799 uhi
929 3736 1032 3816 longa,
1060 3736 1129 3797 ideo
1151 3735 1298 3816 duplicem
1321 3736 1452 3816 regulam
1474 3737 1615 3797 lecemnt.

330 3842 429 3897 tomen
452 3844 593 3915 quantum
616 3836 653 3897 ad
675 3840 959 3918 sensum'pertinet,
983 3838 1040 3900 boc
1061 3840 1207 3918 significat
1229 3838 1367 3918 legerunt
1388 3838 1465 3917 quod
1487 3838 1596 3917 legere.

414 3938 559 4000 Accidunt
579 3940 706 4017 figurae,
731 3938 857 4019 simplex
880 3947 909 4001 et
931 3944 1099 4023 conposito:
1121 3941 1246 4021 simplex
1269 3950 1327 4012 est,
1351 3949 1383 4003 ut
1403 3940 1484 4019 lego,
1508 3958 1615 4019 conpo-

329 4042 400 4111 site,
424 4048 457 4101 ut
478 4039 611 4119 neglego.
1626 4056 1647 4095 ε

212 4156 270 4219 εει,
285 4156 317 4207 37
414 4142 558 4205 decidunt
586 4146 674 4207 etiam
702 4152 846 4225 temporo.
891 4154 1026 4226 tempore
1054 4154 1123 4207 sunt
1156 4143 1339 4225 nolturaliter
1372 4148 1443 4217 tria,
1479 4164 1615 4224 praesens

331 4246 521 4326 praeteritum
544 4255 573 4307 et
595 4247 736 4309 futurum.
781 4246 832 4308 sed
855 4246 928 4309 illud
956 4250 1150 4328 praeteritum
1173 4248 1297 4309 solvitur
1317 4250 1350 4308 in
1372 4250 1442 4320 trio,
1465 4250 1496 4309 in
1518 4248 1614 4327 inper-

330 4348 454 4417 fectum,
477 4348 508 4409 in
531 4349 696 4427 perlectum
720 4357 749 4410 et
769 4347 1101 4431 plusquamperfectum.
1133 4368 1204 4429 ergo
1221 4352 1350 4430 quinque
1366 4359 1455 4413 erunt
1469 4358 1613 4430 temporo:

402 4588 464 4638 let
482 4588 543 4650 quid
563 4588 653 4638 adulor
670 4588 695 4639 B
764 4590 971 4639 2eccusrtivum
991 4588 1082 4640 iac-
1101 4590 1261 4641 introducere
1281 4604 1327 4640 om
1345 4590 1430 4641 ABG
1497 4562 1615 4641 boecero

331 4657 355 4706 Α
442 4658 601 4723 ριεεεειεεεε
617 4658 657 4709 B:
682 4660 734 4713 Oie.
753 4660 846 4710 ioPio.
863 4661 908 4723 41,
926 4658 961 4709 99
1046 4661 1213 4726 8pruetereo
1232 4661 1259 4711 id
1277 4659 1324 4724 (nd
1341 4660 1446 4710 θεων.
1466 4662 1493 4712 id
1510 4659 1537 4724 c)
1552 4660 1615 4708 scire

331 4726 415 4777 Aac
475 4730 509 4779 24
524 4744 572 4780 non
585 4737 668 4795 potest
684 4728 817 4779 bocBGc
830 4744 879 4779 non
894 4736 978 4796 potest
990 4729 1069 4780 hicA
1132 4732 1165 4781 25
1180 4730 1423 4796 entempotestAO
1486 4733 1616 4794 ‘caperest

275 4794 278 4801 '
331 4796 413 4847 ABG
461 4798 510 4847 nisi
529 4800 596 4863 qnod
615 4799 794 4850 etBGanisi
811 4808 835 4848 et
854 4800 878 4848 Α
938 4800 972 4848 27
986 4800 1071 4866 legere
1091 4802 1159 4864 quod
1175 4812 1214 4850 εει
1232 4800 1388 4866 legeruntA
1407 4802 1494 4867 legere
1511 4799 1575 4863 quod
1591 4810 1616 4846 et

332 4866 447 4933 legerunt
462 4866 496 4916 a*
546 4868 580 4919 28
598 4870 706 4919 maiores
719 4869 767 4920 Ba
780 4878 864 4935 patres
877 4870 912 4935 Α,
924 4884 971 4923 om.
987 4870 1008 4921 G
1056 4870 1090 4921 29
1109 4886 1211 4922 versum
1224 4871 1411 4922 acarnanum
1431 4873 1533 4921 uerbum
1546 4868 1617 4919 Aac
